3972 6206
480 264 588 322 335

1320 259 1710 316 COLVENERII
1751 256 2025 314 SCHOLIA
2066 252 2131 309 lN
2174 251 2339 307 HIST.
2381 252 2664 311 REMENS.
2707 254 2974 313 ECCLES.

3714 258 3814 317 336

470 394 638 453 ﬁlius.
676 395 806 462 Quae
836 395 906 451 de
936 392 1058 449 Vita
1087 390 1264 464 ipsius
1292 389 1550 457 existant,
1580 389 1808 445 adnotat
1844 387 2095 443 Holanus
2122 386 2176 457 Α
2199 396 2321 447 nos,
2374 382 2473 437 sed
2513 382 2720 440 multos
2757 400 3003 459 paganos
3038 381 3323 438 Wandalis
3377 382 3604 440 Arianis
3649 384 3814 442 fuisse

471 484 541 541 ad
572 484 879 539 Usuardurn
914 483 980 539 15
1017 479 1288 548 Octobris,
1330 486 1385 535 et
1408 477 1480 536 de
1530 478 1707 551 ipsius
1732 477 2096 534 translatione

472 574 542 630 ad
570 574 828 631 eumdem
862 574 1010 629 diem
1052 572 1379 628 Laurentius
1418 570 1629 626 Surius.

540 662 705 730 Quem
737 663 920 719 beatus
952 663 1256 718 Viventius.
1280 659 1453 730 Hujus
1472 658 1729 716 meminit
1757 657 2004 716 Molanus
2036 657 2095 713 in

469 754 758 813 additione
781 754 854 813 ad
880 754 1186 813 Usuardum
1218 753 1309 810 die
1349 754 1379 811 7
1409 751 1777 825 Septembris.

1109 842 1324 900 GAPUT
1366 842 1452 898 Vl.

539 936 865 1008 Autiquitus
905 936 966 990 in
994 934 1213 991 ecclesia
1264 947 1384 1004 qua
1409 934 1481 986 ad
1538 931 1816 1002 Apostolos
1867 931 2090 995 dicitur,

470 1030 747 1086 exstitisse
764 1029 971 1096 fertur.
994 1027 1074 1082 Ita
1102 1026 1170 1081 Μ.
1202 1033 1308 1081 etc.
1330 1024 1437 1080 Sed
1461 1024 1517 1079 in
1538 1024 1587 1079 Μ
1609 1023 1904 1079 recentiori
1928 1038 2092 1076 manu

468 1123 908 1194 superscriptum
935 1128 1020 1177 est
1045 1122 1103 1179 S.
1134 1121 1542 1190 Symphon’ani.
1578 1118 1733 1184 Quod
1764 1120 1799 1173 S
1828 1118 2015 1173 retulit
2036 1117 2089 1171 in

468 1217 699 1277 textum,
729 1210 873 1266 sicut
892 1217 949 1266 et
976 1209 1086 1265 alia
1109 1209 1362 1281 quadam
1385 1208 1454 1263 ad
1471 1208 1895 1278 explicationem
1921 1205 2090 1277 perti-

469 1299 679 1361 nentia,
716 1298 820 1353 hoc
850 1298 1015 1354 modo
1042 1315 1056 1353 :
1095 1321 1120 1345 κ
1153 1298 1283 1363 Quae
1312 1297 1381 1352 ad
1412 1297 1725 1367 Apostolos,
1755 1296 1911 1360 olim,
1943 1312 2093 1349 nunc

467 1388 526 1443 8.
543 1388 932 1460 Symphoriani
945 1388 1167 1456 dicitur,
1184 1408 1212 1439 α
1228 1388 1507 1461 quomodo
1523 1388 1688 1443 etiam
1707 1388 1840 1459 legit
1860 1388 1910 1447 J.
1930 1386 2091 1441 Eam-

468 1480 595 1536 dem
616 1480 1035 1537 adnotationem
1060 1481 1225 1536 habet
1243 1481 1298 1535 in
1316 1480 1523 1535 Gallico
1545 1496 1647 1535 suo
1668 1478 1967 1548 exemplari
1994 1479 2089 1533 Ni-

467 1570 658 1627 colaus
676 1571 984 1635 Chesneau,
1006 1572 1252 1627 decanus
1266 1578 1321 1627 et
1336 1571 1636 1627 canonicus
1648 1571 1894 1639 ejusdem
1912 1570 2091 1625 eccle-

466 1659 564 1716 siae
608 1661 665 1716 8.
720 1660 1129 1732 Symphoriani.
1159 1661 1267 1716 Sed
1308 1676 1417 1717 non
1450 1661 1623 1731 probo
1672 1660 1823 1731 quod
1853 1660 2087 1714 adnota-

467 1752 649 1808 tiones
677 1752 1010 1827 marginales
1068 1753 1122 1808 in
1169 1760 1377 1808 textum
1428 1752 1760 1809 referentur.
1814 1752 1963 1807 [dem
1996 1759 2083 1806 ta-

468 1854 597 1895 men
629 1840 685 1894 in
716 1848 869 1895 textu
903 1840 1109 1896 habent
1138 1842 1325 1897 omnia
1351 1841 1686 1912 exemplaria
1711 1840 1813 1894 lib.
1861 1857 1921 1906 ιι,
1953 1856 2006 1894 c.
2028 1840 2082 1894 6.

537 1932 666 1998 Quae
722 1941 906 1988 autem
932 1934 1039 1989 hoc
1092 1933 1271 2005 capite
1330 1935 1401 1989 de
1457 1935 1721 2006 martyrio
1770 1936 1824 1990 8.
1886 1934 2085 1990 Nicasii

468 2019 765 2092 Eutropiae,
793 2031 850 2078 et
896 2023 1172 2079 sociorum
1203 2033 1385 2079 narrat
1414 2033 1625 2091 auctor,
1680 2040 1746 2079 ea
1774 2024 2086 2095 desumpsit

468 2126 567 2183 pro
595 2110 806 2180 majore
837 2118 990 2182 parte
1020 2127 1087 2167 ex
1116 2113 1288 2187 gestis
1329 2113 1578 2184 ipsorum
1606 2121 1929 2184 martyrum,
1961 2130 2083 2184 quae

468 2219 537 2261 ex
562 2204 934 2275 manuscripto
964 2205 1156 2261 codice
1188 2215 1435 2277 accepta,
1468 2207 1745 2262 habentur
1795 2206 1943 2278 apud
1973 2208 2081 2262 Su-

469 2299 609 2354 rium
676 2306 808 2355 tom.
841 2300 956 2367 Vll,
1008 2301 1159 2370 apud
1186 2302 1490 2358 Vicentium
1542 2303 1599 2357 in
1636 2303 1872 2373 Speculo
1929 2302 2080 2367 hist.,

468 2392 508 2448 1.
534 2409 644 2457 xxr,
668 2410 793 2464 cip.
828 2395 895 2449 37
917 2402 974 2450 et
999 2394 1108 2463 38;
1139 2396 1361 2452 Petrum
1388 2398 1459 2452 de
1490 2397 1775 2452 Natalibus
1806 2399 1846 2452 Ι.
1890 2415 1928 2464 ι,
1959 2415 2079 2469 cap.

463 2483 556 2551 69,
610 2492 666 2541 et
703 2484 760 2539 8.
793 2486 1129 2542 Antoninum
1171 2496 1312 2558 part.
1348 2506 1386 2543 ιι
1431 2489 1592 2553 Hist.,
1633 2490 1715 2544 tit.
1750 2490 1837 2555 11,
1871 2506 1992 2560 cap.
2028 2492 2078 2544 8.

463 2578 572 2633 Sed
604 2576 825 2649 plenius
859 2583 915 2632 et
946 2578 1245 2647 perfectius
1280 2579 1425 2633 inter
1452 2580 1600 2635 Vitas
1629 2582 1947 2636 Sanctorum
1980 2582 2085 2636 Co-

462 2668 628 2723 lonias
658 2684 890 2723 excusas
918 2668 974 2722 in
1005 2670 1161 2737 folio,
1191 2671 1245 2725 in
1268 2671 1416 2742 ipsas
1446 2673 1624 2727 adhuc
1643 2674 1797 2743 quasi
1825 2684 2083 2748 typogra-

463 2761 609 2833 phiaa
643 2760 875 2817 infantia
901 2778 1032 2816 ann.
1073 2763 1233 2817 1483.
1264 2764 1395 2817 [tem
1439 2764 1492 2817 in
1526 2763 1814 2819 breviariis
1846 2766 2084 2836 prepriis

460 2849 859 2905 cathedralium
901 2851 1278 2919 ecclesiarum,
1325 2852 1633 2921 Remensis,
1675 2852 2081 2925 Ambianensis,

458 2937 837 2993 Atrebatensis
879 2947 938 2993 et
974 2940 1290 3012 Brugensis.
1330 2940 1431 2995 Ubi
1486 2949 1614 2996 ante
1645 2943 1831 2998 omnia
1874 2945 2083 2999 consti-

2111 1708 2165 1777 B

2198 474 2509 544 permistos.
2569 477 2724 542 Quod
2754 492 2885 533 vero
2927 476 3158 549 praedito
3210 483 3464 547 tempore
3523 479 3818 552 contigerit

2197 567 2301 624 hoc
2330 570 2651 641 martyrium
2704 582 2837 641 (non
2868 580 3074 628 autem.
3106 577 3168 626 ut
3218 570 3547 644 Sigebertus
3584 582 3739 630 notat
3762 576 3813 629 in

2196 660 2485 730 Chronico,
2517 680 2583 719 ex
2629 665 2968 739 vulgaribus,
3009 673 3070 720 ut
3109 664 3414 721 verisimile
3454 673 3543 721 est
3572 666 3812 725 Franco-

2194 769 2314 809 rum
2339 755 2685 825 Amnalibus,
2713 759 2817 814 sub
2846 758 3059 814 Hunnis
3088 773 3179 814 an.
3206 758 3335 825 453,
3375 765 3493 827 aut,
3528 767 3588 814 ut
3620 760 3813 817 Demo-

2193 843 2407 909 chares,
2467 846 2593 917 454)
2653 862 2721 902 ex
2758 847 3065 903 Flodoardo
3121 852 3310 902 nostro
3355 846 3651 917 probatur,
3692 850 3813 920 quia

2193 931 2334 987 inter
2350 934 2402 988 S.
2426 934 2721 1002 Nicasium,
2779 943 2835 991 et
2863 937 2916 991 S.
2948 935 3261 1017 Remigium
3294 935 3656 992 intercedunt
3680 955 3810 1010 qua-

2193 1030 2319 1079 tuor
2363 1024 2456 1078 alii
2510 1026 2782 1096 episcopi,
2832 1026 2927 1098 qui
2960 1025 3099 1080 infra
3155 1034 3518 1081 recensentur
3583 1044 3711 1099 cap.
3756 1031 3805 1085 9.

2194 1115 2360 1171 Porro
2395 1117 2450 1171 8.
2481 1117 2765 1189 Remigius
2817 1118 2957 1173 obiit
2984 1134 3076 1172 an.
3113 1119 3265 1173 Dom.
3305 1118 3432 1185 514,
3460 1119 3811 1190 episcOpatus

2192 1207 2276 1261 sui
2316 1208 2404 1270 74,
2434 1208 2608 1264 aetatis
2638 1210 2727 1276 95,
2756 1216 2815 1265 ut
2845 1216 2994 1281 patet
3023 1225 3086 1263 ex
3144 1210 3319 1280 ipsius
3356 1211 3646 1281 epitaphio
3680 1212 3810 1267 infra

2193 1298 2297 1352 hoc
2333 1300 2528 1353 eodem
2561 1300 2683 1366 lib.,
2717 1318 2765 1356 c.
2793 1302 2881 1356 21.
2918 1301 2992 1354 Ex
3024 1317 3133 1371 quo
3164 1301 3421 1372 sequitur
3451 1318 3581 1356 eum
3615 1302 3808 1358 factum

2192 1407 2311 1445 esse
2342 1392 2664 1463 episcOpum
2697 1410 2786 1448 an.
2821 1394 2951 1449 470.
2985 1395 3163 1464 Atque
3201 1394 3275 1448 ita
3302 1409 3401 1464 pro
3434 1402 3678 1465 quatuor
3702 1397 3811 1451 istis

2193 1480 2469 1551 episcopis
2502 1482 2851 1538 intermediis
2898 1499 3007 1539 non
3039 1484 3489 1555 relinquerentur
3532 1486 3641 1540 nisi
3687 1488 3809 1540 anni

2192 1573 2260 1626 16
2290 1580 2384 1627 aut
2412 1574 2498 1627 17.
2534 1575 2686 1629 Adde
2717 1575 2866 1646 quod
2908 1574 2960 1629 S.
2998 1575 3364 1646 Hieronymus
3412 1576 3558 1632 obiit
3586 1594 3680 1632 an.
3713 1579 3804 1633 «121

2190 1668 2284 1716 aut
2312 1661 2437 1715 422.
2468 1663 2644 1727 Quare
2666 1664 2894 1720 omnino
2925 1670 3052 1718 ante
3075 1665 3182 1720 hoc
3202 1664 3392 1720 saltem
3423 1672 3653 1737 tempus
3683 1683 3809 1723 con-

2186 1752 2372 1825 tigisse
2401 1761 2635 1824 Oportet.
2662 1754 2910 1826 Denique
2931 1770 3030 1826 pro
3060 1757 3159 1810 hac
3186 1756 3464 1811 sententia
3495 1756 3631 1812 facit
3665 1759 3807 1829 quod

2187 1845 2328 1900 inter
2356 1852 2665 1902 coaetaneos
2696 1848 2754 1902 Β.
2807 1848 3005 1902 Nicasii
3036 1848 3354 1903 nominetur
3382 1849 3441 1902 Β.
3502 1849 3809 1916 Set-vatius,

2185 1938 2279 2009 qui
2334 1955 2680 2010 nequaquam
2712 1940 2912 1995 vixisse
2953 1950 3132 2011 potest
3188 1957 3365 2013 usque
3418 1941 3486 1995 ad
3528 1958 3624 1995 an.
3690 1944 3809 1999 453.

2186 2026 2396 2082 Fuisset
2442 2028 2590 2081 enim
2647 2028 2937 2099 plusquam
2986 2036 3211 2083 centum
3269 2030 3431 2083 annis
3484 2031 3812 2103 episcopus.

2186 2118 2439 2173 Interfuit
2475 2119 2625 2173 enim
2655 2120 2907 2175 conciliis
2934 2120 3249 2176 Sardicensi
3293 2128 3348 2175 et
3385 2122 3807 2194 Agrippinensi,

2183 2212 2477 2266 celebratis
2510 2214 2816 2281 respective
2865 2228 3012 2268 anno
3045 2213 3149 2269 343
3180 2221 3235 2269 et
3265 2214 3390 2268 346.
3433 2214 3596 2278 Quod
3628 2224 3813 2273 autem

2183 2301 2383 2375 legitur
2412 2304 2673 2359 trecentis
2722 2304 2881 2358 annis
2923 2304 3123 2359 vixisse
3155 2305 3477 2375 neutiquam
3522 2307 3813 2377 probabile

2185 2403 2286 2448 est.
2322 2395 2475 2458 Quod
2510 2402 2695 2450 tamen
2727 2395 2794 2449 ad
2828 2396 3028 2450 dictam
3062 2396 3120 2450 Β.
3168 2396 3484 2467 Hieronymi
3519 2399 3813 2469 epistolam

2186 2486 2404 2552 attinet,
2436 2487 2583 2541 salva
2640 2489 2964 2544 auctoritate
2995 2489 3237 2557 Baronii,
3280 2490 3459 2561 magis
3488 2491 3667 2547 credo
3697 2509 3812 2547 eam

2186 2575 2447 2644 scriptam
2487 2591 2609 2631 esse
2640 2592 2787 2631 anno
2833 2578 2959 2631 408.
2991 2578 3121 2632 Nam
3162 2594 3289 2633 cum
3344 2579 3631 2634 excidium
3664 2580 3814 2636 urbis

2186 2665 2478 2720 Remorum
2527 2668 2820 2739 contigerit
2849 2668 2902 2721 in
2962 2668 3072 2724 fine
3102 2685 3232 2723 ann.
3280 2669 3406 2734 407,
3446 2670 3722 2727 videlicet
3752 2674 3814 2727 14

2185 2755 2466 2821 Decemh.,
2502 2771 2611 2811 non
2645 2756 2827 2826 potuit
2854 2759 3052 2812 eodem
3080 2772 3225 2813 anno
3253 2758 3373 2825 ejus
3401 2758 3483 2812 rei
3510 2761 3719 2815 notitia
3747 2762 3809 2815 ad

2184 2844 2242 2898 B.
2275 2844 2663 2915 Hieronymum
2695 2845 2749 2899 in
2780 2847 3100 2901 Bethlehem
3131 2854 3573 2902 commorantem
3606 2865 3810 2919 perve-

2185 2933 2354 2987 nisse.
2388 2934 2569 2989 Altera
2597 2933 2895 2990 difficultas
2926 2937 3013 2990 hic
3052 2944 3135 2992 est
3162 2954 3175 2990 :
3215 2937 3296 2991 An
3337 2952 3369 2990 a
3395 2937 3714 3002 Wandalis,
3746 2955 3811 2993 an

459 3028 729 3085 tuendum
750 3038 832 3085 est
861 3032 932 3086 de
957 3040 1204 3102 tempore
1228 3046 1338 3103 quo
1368 3034 1485 3087 haec
1510 3033 1849 3089 acciderunt.
1886 3036 2079 3100 Quain
2112 3030 2310 3100 ανεΓο
2349 3026 2417 3080 ab
2463 3026 2672 3080 Ηυηηίε
2714 3028 2858 3097 P353i
2901 3029 3031 3095 δίηῐ»
3073 3030 3172 3084 sed
3216 3044 3339 3099 (ιιιεε
3366 3029 3483 3098 iam
3516 3031 3809 3086 manifesta

460 3135 523 3175 re
552 3136 803 3195 magnam
863 3120 1027 3177 nobis
1059 3121 1358 3192 praeferunt
1394 3122 1574 3178 lucem
1604 3139 1669 3178 ea
1721 3140 1844 3195 quae
1874 3125 1932 3179 in
1972 3124 2083 3181 fine

460 3213 625 3281 hujus
652 3229 774 3284 cap.
808 3213 1048 3269 citantur
1077 3231 1144 3270 ex
1180 3214 1340 3286 epist.
1388 3216 1424 3269 Β
1482 3216 1798 3288 Hieronymi
1830 3219 1900 3273 ad
1938 3221 2082 3291 Age-

459 3302 709 3356 ruchiam
740 3302 861 3358 sive
912 3302 980 3357 ad
1013 3303 1350 3371 Gerontiam,
1384 3320 1548 3375 quam
1603 3305 1864 3374 scriptam
1920 3307 2082 3362 docet

457 3398 726 3455 Duronius
778 3399 836 3453 in
885 3400 1080 3454 Annal.
1123 3416 1215 3454 an.
1272 3402 1398 3455 407.
1459 3402 1634 3466 Quare
1683 3401 1880 3456 eodem
1935 3419 2081 3459 anno

455 3491 757 3547 verisimile
796 3499 881 3548 est
919 3509 984 3548 ea
1014 3494 1337 3567 contigisse.
1372 3494 1504 3547 Nam
1557 3494 1808 3548 Wandali
1839 3503 1895 3549 et
1925 3494 2080 3548 Alani

458 3579 637 3650 pridie
677 3578 790 3635 Kal.
824 3581 1069 3636 Januarii
1101 3598 1247 3636 anno
1278 3583 1405 3646 406,
1446 3582 1680 3637 transito
1712 3582 1925 3647 Rheno,
1959 3582 2083 3636 Gal-

459 3667 560 3723 lias
589 3675 718 3724 sunt
738 3669 998 3744 ingressi,
1031 3679 1091 3726 ut
1121 3671 1291 3726 habet
1334 3671 1392 3724 Β.
1422 3670 1657 3741 Prosper
1706 3671 1762 3725 in
1785 3671 2078 3738 Chronico,

456 3756 717 3813 videlicet
757 3759 994 3814 Arcadio
1051 3766 1264 3814 sextum
1313 3766 1369 3814 et
1411 3760 1603 3815 Anicio
1659 3760 1839 3816 Probo
1911 3776 2077 3826 coss.,

454 3866 598 3923 quos
621 3853 689 3907 ad
720 3869 925 3908 annum
960 3854 1106 3909 hunc
1130 3853 1298 3909 refert
1343 3853 1687 3911 Christianus
1724 3856 2000 3923 Massaeus,
2023 3866 2079 3912 et

456 3946 749 4017 Baronius,
777 3948 881 4003 etsi
910 3948 1147 4019 Prosper
1174 3949 1243 4003 ad
1272 3965 1365 4005 an.
1410 3950 1536 4006 408.
1569 3952 1686 4005 Alia
1715 3952 1862 4006 enim
1897 3951 2071 4007 Chro-

454 4040 582 4095 nica
609 4041 1028 4116 chronologiam
1071 4044 1287 4099 Baronii
1332 4045 1553 4100 duobus
1585 4045 1744 4099 annis
1787 4052 2070 4115 superant.

454 4131 570 4188 Hoc
628 4133 775 4189 idem
833 4134 1077 4190 referent
1131 4135 1326 4191 iisdem
1393 4151 1536 4192 coss.
1596 4135 1951 4191 Cassiodorus
2006 4135 2072 4190 in

454 4225 725 4282 Chronico
779 4233 834 4283 et
854 4228 1121 4296 Zosimus,
1147 4231 1189 4285 Ι.
1229 4246 1302 4286 νι.
1338 4230 1540 4285 Eodem
1564 4230 1842 4302 pertinere
1859 4245 1980 4300 quae
2006 4229 2073 4284 de

2185 3116 2516 3187 relinquitur
2535 3134 2599 3171 ex
2627 3117 2901 3172 solutione
2930 3118 3150 3189 prioris.
3177 3119 3310 3173 Nam
3333 3120 3667 3175 Hunnorum
3687 3137 3810 3193 per-

2181 3212 2413 3276 secutio,
2443 3210 2807 3265 etGalliarum
2840 3228 2940 3282 per
2970 3227 3068 3267 eos
3096 3213 3326 3268 vastatio
3343 3213 3449 3267 sub
3480 3229 3619 3287 rege
3644 3216 3807 3271 Attila

2181 3304 2457 3373 posterior
2483 3313 2584 3369 est,
2630 3305 2890 3360 videlicet
2920 3305 3065 3360 circa
3116 3321 3321 3361 annum
3355 3307 3481 3361 450.
3530 3307 3653 3372 Quo
3684 3323 3811 3362 sane

2184 3403 2429 3466 tempore
2481 3396 2618 3450 vixit
2647 3396 2708 3454 Β.
2745 3396 2988 3451 Anianus
3020 3397 3432 3452 Aurelianensis
3485 3398 3807 3471 episcOpus.

2182 3498 2237 3544 et
2268 3491 2325 3543 Β.
2368 3490 2551 3560 Lupus
2577 3490 2885 3556 Trecensis,
2946 3489 3041 3560 qui
3075 3505 3427 3560 praepropere
3460 3491 3531 3544 ab
3587 3500 3812 3547 auctore

2182 3578 2272 3633 hic
2301 3579 2679 3643 nominantur,
2708 3579 2923 3650 quique
2954 3594 3081 3633 suas
3105 3579 3357 3633 civitates
3394 3580 3671 3648 precibus
3699 3580 3813 3635 suis

2182 3676 2236 3721 et
2265 3667 2478 3721 meritis
2526 3667 2904 3722 liberaverunt
2934 3683 2966 3721 a
3013 3667 3318 3722 vastatione
3351 3668 3533 3722 Attilae
3583 3669 3812 3724 Hunno-

2180 3775 2300 3813 rum
2327 3759 2487 3833 regis.
2519 3759 2626 3814 Sed
2658 3760 2728 3814 de
2758 3760 2813 3815 S.
2849 3760 3000 3829 Lupo
3041 3759 3215 3815 facilis
3234 3759 3411 3813 videri
3446 3770 3648 3831 posset
3673 3777 3808 3817 con—

2179 3851 2407 3917 ciliatio,
2435 3852 2566 3923 quia
2592 3852 2756 3906 annis
2780 3852 2849 3907 52
2879 3852 2984 3906 fuit
3004 3851 3321 3922 episcopus.
3358 3852 3422 3905 At
3440 3851 3633 3907 obstat
3662 3854 3809 3925 quod

2177 3943 2401 3998 demum
2429 3959 2575 3999 anno
2619 3944 2724 3998 427
2755 3944 2823 3998 ad
2865 3943 3181 4014 episcopale
3210 3943 3408 3998 solium
3460 3952 3695 3999 evectus
3720 3945 3809 4013 sit,

2168 4040 2322 4108 juxta
2348 4038 2617 4094 calculum
2650 4037 2892 4103 Baronii,
2924 4037 3017 4108 qui
3042 4052 3167 4091 eum
3196 4033 3517 4090 defunctum
3548 4046 3804 4092 recenset

2175 4148 2266 4187 an.
2299 4132 2423 4186 479.
2457 4131 2564 4185 Sed
2594 4130 2939 4186 excusandus
2993 4128 3353 4192 Flodoardns,
3384 4128 3481 4198 qui
3519 4128 3580 4184 in
3612 4129 3721 4184 hac
3751 4144 3808 4184 re

2175 4220 2427 4293 sequitur
2452 4220 2822 4286 Hincmarum,
2864 4217 3007 4289 epist
3057 4218 3113 4285 5,
3145 4233 3193 4273 e.
3235 4217 3323 4278 17,
3358 4216 3507 4271 inter
3534 4232 3638 4272 eas
3664 4234 3805 4290 quas

454 4319 558 4375 hac
594 4321 915 4378 calamitosa
967 4323 1278 4396 irruptione
1326 4323 1520 4380 scribit
1558 4325 1782 4380 Hieron.
1842 4323 2075 4395 epistola

2182 4309 2303 4364 R.P.
2327 4310 2484 4364 Joan.
2519 4310 2741 4363 Busaeus
2757 4307 2952 4362 edidit.
2973 4306 3114 4370 Quot
3139 4304 3300 4360 annis
3327 4304 3536 4359 sederit
3558 4306 3616 4361 S.
3641 4307 3805 4361 Ania-

447 4410 563 4481 jam
593 4411 761 4480 dicta,
812 4413 961 4469 circa
1002 4413 1261 4470 eumdem
1294 4431 1503 4470 annum
1554 4416 1753 4470 asserit
1804 4398 2155 4469 Αι-ηδιάυεΒ
2176 4417 2279 4456 nus
2305 4416 2414 4457 non
2465 4400 2688 4455 invenio
2740 4400 2795 4453 in
2829 4398 3097 4465 historiis,
3130 4398 3229 4452 sed
3261 4396 3472 4452 obiisse
3531 4396 3807 4453 scribitur

453 4499 727 4556 Pontacus
779 4502 835 4557 in
865 4502 983 4559 suis
1024 4503 1173 4560 notis
1210 4505 1279 4559 ad
1329 4504 1530 4561 Chron.
1567 4504 1840 4576 Prosperi.
1898 4504 2074 4576 Atque

454 4593 706 4666 inprimis
733 4597 852 4653 haec
880 4600 1158 4655 sententia
1218 4600 1485 4672 probatur
1518 4590 1774 4666 Baronio,
1810 4600 1940 4655 dum
1980 4616 2070 4655 an.

451 4684 579 4753 407,
607 4693 732 4758 post
756 4688 921 4743 citata
947 4689 1143 4744 eadem
1176 4689 1495 4762 Hieronymi
1521 4689 1713 4755 verba,
1737 4692 1811 4746 ita
1839 4690 2074 4759 subjun-

451 4774 572 4850 git:
636 4795 673 4826 «-
692 4776 847 4843 Quod
891 4785 1073 4834 autem
1131 4779 1278 4834 inter
1313 4779 1447 4835 alias
1506 4779 1800 4834 Galliarum
1848 4778 2072 4834 urbium

451 4866 638 4923 clades
688 4867 929 4926 Rhemos
965 4886 997 4925 a
1035 4869 1318 4925 Wandalis
1370 4870 1574 4926 referat
1629 4871 1958 4937 devastatos,
2016 4871 2069 4925 in

451 4976 572 5016 eam
621 4961 953 5018 sententiam
1002 4978 1091 5018 me
1162 4963 1337 5037 magis
1395 4963 1580 5032 trahit,
1644 4971 1704 5019 ut
1763 4964 2068 5019 existimem

449 5049 503 5106 8.
530 5050 808 5107 Nicasium
833 5051 956 5121 ejus
976 5052 1215 5109 civitatis
1233 5052 1583 5125 episcopum,
1607 5068 1717 5112 una
1739 5068 1862 5108 cum
1880 5068 2069 5109 sorore

448 5143 709 5218 Eutropia
738 5151 795 5203 et
813 5144 981 5201 sociis
1009 5161 1129 5202 esse
1163 5147 1428 5219 martyrio
1458 5153 1775 5215 coronatos,
1810 5146 1940 5202 licet
1968 5148 2071 5202 ali-

449 5234 546 5307 qui
573 5234 643 5290 ad
674 5235 991 5291 Hunnorum
1021 5236 1077 5291 id
1106 5235 1347 5293 referant
1387 5244 1662 5308 tempora,
1686 5251 1916 5309 quorum
1949 5243 2069 5292 acta

448 5324 726 5397 passionis
762 5338 922 5397 mque
952 5325 1058 5381 sub
1090 5324 1374 5381 Wandalis
1403 5326 1554 5397 ipsos
1586 5341 1710 5381 esse
1734 5341 1928 5397 passos
1959 5326 2065 5381 ha-

446 5413 604 5482 bent,
640 5414 739 5471 sed
791 5417 955 5486 plane
1000 5415 1329 5488 corrigenda
1366 5416 1423 5470 in
1469 5430 1536 5471 eo
1580 5415 1717 5469 dum.
1767 5414 2066 5471 Wandalos

444 5519 696 5577 paganos
719 5505 889 5563 fuisse
918 5508 1160 5571 tradunt,
1209 5523 1349 5580 quos
1378 5507 1555 5579 liquet
1593 5505 1764 5563 fuisse
1793 5505 2063 5562 Christia-

447 5611 569 5655 nos.
633 5616 660 5650 ι
715 5599 805 5663 Sic
844 5601 958 5657 ille.
1010 5602 1215 5658 Verum
1255 5602 1404 5674 quod
1446 5602 1515 5657 ad
1545 5601 1822 5673 posterius
1871 5601 2069 5657 attinet

446 5687 751 5744 verisimile
780 5698 865 5747 est
902 5702 1015 5747 neu
1046 5706 1243 5748 omnes
1269 5692 1570 5749 Wandalos
1598 5691 1770 5747 fuisse
1801 5691 2065 5748 Christia-

2175 4506 2264 4545 an.
2297 4491 2422 4546 453.
2455 4490 2652 4544 Verum
2693 4496 2750 4544 et
2799 4489 2944 4543 hunc
2974 4488 3068 4542 diu
3098 4488 3155 4542 in
3196 4487 3526 4556 episcopatu
3568 4487 3799 4552 vixisse,

2174 4586 2235 4634 et
2277 4586 2569 4650 utramque
2610 4577 3049 4649 persecutionem
3089 4577 3276 4632 videre
3332 4581 3586 4650 potuisse
3645 4600 3717 4638 ex
3741 4595 3805 4636 eo

2175 4674 2355 4738 potest
2382 4666 2590 4740 colligi,
2624 4667 2751 4738 quia
2780 4666 3101 4722 Vincentius
3128 4665 3542 4725 Bellovacensis
3574 4671 3650 4726 de
3682 4671 3804 4743 ipso

2172 4756 2307 4829 agit,
2356 4756 2453 4810 ubi
2511 4757 2582 4810 de
2613 4764 2788 4810 morte
2831 4754 2889 4809 Β.
2935 4753 3250 4825 Hieronymi
3294 4763 3350 4810 et
3396 4756 3802 4816 Wandalorum

2172 4846 2584 4916 persecutione,
2614 4852 2873 4916 tanquam
2898 4845 2967 4899 ab
2993 4859 3059 4900 eo
3086 4852 3333 4916 tempore
3355 4844 3555 4902 fuisset
3582 4849 3807 4920 episco-

2173 4950 2509 5011 pus,nempe
2537 4937 2634 4991 lib.
2668 4954 2760 5003 xx,
2793 4953 2843 4992 c.
2877 4938 2961 5003 11,
2994 4936 3066 4991 12
3095 4944 3153 4991 et
3183 4937 3274 5005 13,
3304 4947 3556 5007 secutus,
3589 4950 3655 4996 ut
3684 4942 3804 5013 ipse

2171 5028 2267 5095 ait,
2300 5027 2581 5101 Hugonem
2612 5025 3033 5081 Floriacensem.
3069 5024 3228 5081 Certe
3247 5026 3436 5081 omnia
3466 5042 3669 5084 eorum
3701 5046 3804 5103 ge-

2168 5130 2273 5191 sta,
2304 5128 2413 5177 tam
2445 5122 2502 5176 in
2530 5120 2827 5176 Breviariis
2856 5136 3021 5191 quam
3043 5120 3277 5177 seorsim
3309 5121 3483 5191 edita,
3510 5124 3802 5181 memine-

2169 5226 2296 5274 runt
2338 5216 2670 5271 Wandalicaa
2722 5215 3150 5287 persecutionis,
3184 5232 3299 5272 non
3343 5224 3530 5272 autem
3566 5219 3802 5276 Hunno-

2167 5328 2308 5378 rum,
2344 5326 2483 5382 quos
2512 5310 2579 5364 de
2606 5323 2725 5370 suo,
2760 5317 2943 5364 motus
2972 5307 3109 5364 forte
3135 5309 3466 5365 auctoritate
3493 5311 3798 5388 Sigeberti,

2168 5402 2489 5457 Franciscus
2519 5401 2740 5455 Heraeus
2788 5400 3075 5455 Wandalis
3107 5401 3396 5474 conjungit
3440 5401 3497 5456 in
3529 5419 3800 5477 compen-

2169 5495 2259 5549 dio
2287 5494 2357 5549 de
2398 5494 2533 5549 Vitis
2584 5500 2920 5554 sanctorum,
2955 5508 3077 5546 cum
3111 5492 3326 5566 integra
3382 5501 3505 5549 acta
3537 5511 3653 5553 non
3699 5499 3800 5553 ha—

2166 5582 2358 5638 beant.
2383 5582 2667 5638 Postremo
2692 5579 3111 5647 Wandalorum,
3145 5595 3256 5635 non
3284 5580 3645 5656 Hunnorum,
3676 5601 3797 5641 me-

2168 5673 2455 5732 minerunt
2480 5673 2846 5745 Hieronymus
2870 5677 2925 5728 et
2954 5672 3070 5729 Eho
3101 5671 3236 5729 locis
3261 5678 3391 5730 ante
3421 5675 3631 5735 citatis.
3662 5680 3795 5735 Item
