3972 6206
156 314 290 369 337
1531 313 1595 366 IN
1637 311 1886 367 LIBRUM
1928 313 2207 370 ramum.
3428 336 3533 394 333

153 447 468 518 Martyrol.
496 445 724 500 Usuardi
751 461 780 498 a
810 446 1024 499 Joanne
1057 447 1269 500 Molano
1318 453 1559 512 auctum,
1584 454 1637 501 et
1668 446 1808 500 Mar-
1836 451 1884 518 Α
1912 447 2205 504 lectionem
2240 450 2296 505 in
2323 453 2588 523 Operibus
2631 456 2946 531 Hieronymi
2979 464 3218 532 prietulit
3252 466 3529 536 Erasmus,

153 541 523 614 tyrologium
558 539 841 610 pr0prium
892 540 1150 593 Ecclesia:
1185 541 1610 595 Cameracensis.
1653 542 1810 615 Sige-
1911 539 2180 595 Marianus
2221 543 2352 616 legit
2404 537 2740 612 Ageruchia.
2807 551 2941 607 Vide
2999 563 3156 611 notas
3217 567 3432 616 nostras
3462 564 3530 619 ad

158 631 409 684 hertum
461 638 641 683 tamen
684 636 905 682 secutus
979 639 1062 683 est
1111 630 1272 683 Ottho
1331 631 1698 702 l~‘risingcnsis
1752 632 1807 684 in
1912 635 2220 692 Chronicon
2249 639 2642 698 Cameracense
2675 645 2838 713 lib.t,
2873 665 2920 704 c.
2950 652 3004 706 5.

158 720 392 773 Chron.
427 721 464 782 Ι,
497 735 570 782 tv,
603 734 650 772 c.
683 719 771 782 28,
795 718 1036 772 Joannes
1061 719 1097 770 Τ
1103 718 1228 771 ilius
1255 719 1307 772 in
1340 719 1610 773 Chronico
1643 721 1808 774 Fran-
1981 729 2239 795 Nemetes,
2286 734 2678 799 Ar'gentoracus
2727 742 3007 797 translata,
3069 747 3131 800 in
3162 745 3525 806 Germaniam

159 825 402 875 corum,
425 817 479 864 et
509 809 641 862 Vitae
681 809 774 862 SS.
802 809 1006 862 Gallice
1051 825 1081 862 a
1136 809 1541 864 Parisiensihus
1565 811 1808 866 doctori-
1911 816 1969 869 ln
1999 817 2330 889 Hieronymo
2363 838 2509 876 nunc
2542 823 2742 898 legitur
2780 831 3072 899 :Nemetae,
3103 836 3524 906 Argentoratus,

161 902 287 955 bus
315 900 501 956 editte.
558 901 682 954 Post
740 901 856 954 ha-c
895 901 1080 954 omnia
1111 918 1163 961 a,
1193 918 1279 956 me
1312 902 1545 976 digesta,
1578 904 1801 958 invenio
1903 911 2232 965 translatiin
2259 913 2622 984 Germaniam,
2651 923 2930 990 quomodo
2957 900 3271 982 mutavitvs,
3323 900 3524 986 vel-uni

160 991 492 1057 Masszeum,
521 1006 630 1044 non
655 990 1037 1063 indiligentem
1066 992 1410 1055 historicum,
1439 993 1534 1058 lib,
1559 1010 1611 1046 xt
1631 993 1802 1047 Chro-
1902 1011 2048 1056 recte
2074 1004 2276 1076 legitur
2299 1010 2605 1073 haustam,
2635 1020 2694 1067 ιη
2721 1015 2788 1068 ad
2815 1016 2982 1071 urbes
3014 1019 3306 1076 referatur.

163 1082 439 1135 nicorixm
475 1082 688 1146 mundi,
713 1098 841 1135 anu.
903 1083 1028 1145 406,
1095 1099 1314 1137 mecum
1351 1083 1499 1137 idem
1532 1085 1796 1151 sensisse,

165 1168 381 1222 iisdem
409 1168 518 1222 fere
556 1169 743 1222 nixum
785 1171 1112 1235 rationibus,
1165 1171 1296 1224 dum
1364 1171 1482 1224 ait:
1525 1192 1548 1220 «
1597 1172 1796 1225 Eodem

161 1258 473 1311 consulatu
505 1257 781 1326 (videlicet
805 1259 1017 1312 Arcadii
1064 1269 1279 1313 sextum
1313 1261 1561 1314 etAnicii
1596 1262 1796 1331 Probi),

166 1359 325 1405 teste
361 1351 654 1421 Prospero,
690 1352 828 1421 prid.
869 1353 959 1406 Kal
1021 1354 1289 1420 Januarii,
1327 1355 1554 1422 trajecto
1587 1355 1796 1420 Rheno,

163 1438 460 1504 \Vandali,
500 1439 652 1492 Alani
682 1447 739 1493 et
765 1440 888 1495 alia:
933 1441 1180 1495 barbarae
1229 1443 1484 1496 nationes
1527 1444 1575 1497 in
1601 1443 1800 1496 Gallias

164 1531 482 1596 irruerunt,
514 1538 568 1585 et
599 1531 848 1586 inﬁnitas
907 1533 1086 1586 caédes
1119 1543 1577 1603 perpetravcrunt
1608 1554 1624 1588 :
1658 1535 1803 1590 inter

163 1639 318 1692 quas
339 1623 392 1675 8.
425 1624 672 1677 Nicasius
727 1626 909 1679 Remis
960 1626 1240 1680 occubuit.
1277 1627 1529 1682 Testatur
1561 1627 1798 1697 idipsum

170 1713 410 1784 prapria
436 1715 609 1785 ipsius
629 1716 878 1781 historia,
904 1717 1107 1770 nullam
1145 1717 1486 1784 Hunnorum,
1519 1719 1616 1772 sed
1639 1719 1800 1773 Wan-

167 1805 432 1859 dalorum
465 1814 671 1862 tantum
729 1807 937 1862 faciens
968 1809 1334 1865 mentionem.
1365 1811 1474 1865 Hoc
1501 1819 1552 1864 et
1593 1813 1646 1866 S.
1669 1813 1798 1866 Hie-
1827 1819 1877 1886 Β
1902 1859 1974 1912 [at

171 1914 448 1968 ronymus
479 1900 544 1952 ad
581 1900 891 1953 Geruntiam
937 1901 1280 1970 apertissime
1316 1912 1674 1962 contestatur.
1702 1905 1792 1975 qui

178 1990 280 2043 diu
313 1999 441 2044 ante
470 1991 764 2046 adventum
785 1993 1101 2046 Hunnorum
1139 1995 1190 2046 in
1221 1995 1444 2048 Galliam
1502 1997 1795 2050 defunctus

167 2089 279 2138 est.
308 2083 482 2146 Quare
534 2083 728 2138 merito
773 2084 1109 2137 detestamur
1150 2101 1337 2138 eorum
1399 2087 1791 2160 negligentiam

169 2175 269 2246 qui
305 2176 593 2245 plusquam
615 2175 682 2229 10
711 2176 870 2228 annis
901 2176 1176 2245 posterius
1198 2178 1249 2229 8.
1279 2178 1548 2231 Nicasium
1575 2197 1794 2248 passum

1970 1098 2151 1151 Isthuc
2180 1101 2318 1154 enim
2350 1103 2590 1157 intentus
2647 1106 2732 1160 hic
2785 1109 3008 1174 degebat
3046 1115 3264 1181 ofﬁciis.
3298 1115 3365 1169 M.
3394 1117 3520 1173 Isto.

1902 1185 2037 1238 Vera
2064 1187 2224 1242 lectio
2254 1191 2430 1243 isthuc
2457 1192 2540 1245 vel
2575 1195 2754 1264 isthic,
2783 1200 3063 1267 quomodo
3095 1201 3297 1273 legitur
3318 1205 3373 1258 in
3403 1207 3524 1262 Vita

1902 1274 1961 1328 Β.
1997 1274 2345 1348 Remigiiper
2376 1279 2747 1346 Hincmarum,
2814 1286 2908 1339 ubi
2943 1289 3294 1357 paulolatius
3325 1293 3522 1349 decla-

1901 1375 2054 1420 ratur
2081 1369 2228 1438 quod
2259 1369 2348 1424 hic
2379 1371 2579 1426 dicitur
2617 1374 2687 1427 de
2731 1376 2988 1433 incendio
3022 1379 3178 1434 urbis
3202 1383 3519 1450 Remorum,

1902 1464 1955 1510 et
1980 1456 2230 1528 vestigiis
2271 1459 2471 1528 pedum
2509 1463 2629 1529 ejus
2663 1463 2945 1534 lapidibus
2973 1467 3282 1541 impressis,
3310 1473 3450 1531 sicut
3468 1482 3522 1532 et

1902 1547 2041 1602 infra
2063 1549 2130 1602 ab
2166 1557 2388 1606 auctore
2425 1568 2472 1606 c.
2501 1555 2588 1620 12,

2543 1659 2875 1718 CAPUTVII.

1975 1765 2322 1837 Quaecunque
2356 1768 2457 1822 hoc
2497 1770 2663 1840 capit,
2688 1772 3006 1830 referuntur
3057 1781 3308 1851 (excepta
3342 1788 3522 1839 trans-

1980 1860 2102 1912 ione
2136 1876 2232 1929 per
2260 1860 2551 1915 Fulconem
2587 1863 2748 1935 facta)
2782 1866 2976 1922 iisdem
3010 1886 3153 1940 pene
3185 1875 3370 1929 verbis
3409 1877 3516 1931 ba-

1897 1947 2098 2001 bentur
2137 1949 2191 2002 in
2242 1950 2376 2003 actis
2407 1951 2601 2005 horum
2659 1962 2956 2026 martyrum
3005 1957 3242 2017 Coloniae
3306 1967 3523 2021 excusis

1897 2037 2055 2102 H83,
2087 2038 2154 2091 de
2179 2039 2380 2108 quibus
2408 2057 2594 2110 supra.

1969 2128 2137 2192 Quam
2167 2133 2226 2180 ut
2256 2130 2404 2196 apud
2429 2133 2727 2185 Tornacum
2747 2138 2983 2190 castrum
3000 2135 3115 2206 (ubi
3146 2155 3289 2194 nunc
3311 2157 3520 2212 quoque

1896 2219 2106 2270 servari
2126 2219 2495 2285 perhibentur.
2549 2220 2788 2275 Fuerunt
2815 2225 2944 2278 Olim
2999 2227 3229 2282 Tornaci
3261 2229 3315 2282 in
3341 2233 3518 2286 eccle-

167 2263 448 2328 scribunt,
471 2271 528 2316 ut
553 2263 760 2317 nullum
805 2264 975 2318 ferme
1007 2265 1150 2317 inter
1183 2266 1361 2334 ipsum
1397 2275 1449 2319 et
1482 2267 1788 2339 Remigium

167 2363 394 2424 tempus
425 2354 591 2408 fuerit
619 2355 646 2407 ‘?
707 2356 976 2410 Hactenus
1032 2357 1144 2412 ille.
1181 2357 1328 2409 Idem
1360 2358 1595 2410 advertit
1626 2360 1790 2414 Nico-

167 2445 293 2496 laus
321 2443 580 2496 Camuzar
610 2444 664 2496 in
697 2443 803 2497 fine
839 2445 922 2496 sui
946 2445 1305 2514 Promptuarii
1339 2463 1617 2500 sacrarum
1647 2449 1790 2501 anti-

175 2535 448 2605 quitatum
473 2535 793 2589 Tricassinte
816 2537 1090 2602 dimeesis,
1125 2538 1330 2591 docens
1378 2553 1488 2592 non
1522 2548 1668 2592 recte
1700 2542 1790 2594 At-

177 2627 291 2680 tilze
325 2627 485 2681 tribui
522 2627 728 2681 czedem
767 2629 1037 2682 S.Nicasii
1068 2646 1095 2682 a
1147 2629 1456 2700 Sigeberto,
1479 2655 1501 2673 ‹‹
1533 2630 1791 2682 Flodoar—

173 2721 330 2784 dum,
357 2721 555 2790 inquit,
590 2730 868 2774 auctorem
904 2722 1064 2790 paulo
1109 2723 1474 2792 antiquiorem
1527 2721 1663 2776 forte
1697 2737 1783 2776 se-

170 2809 318 2873 culo,
347 2809 440 2879 qui
469 2809 845 2862 sanctissimos
881 2810 1141 2878 praesules
1170 2811 1472 2864 Servatium
1497 2811 1781 2883 Tungren-

166 2919 311 2964 sem,
352 2902 621 2956 Nicasium
670 2911 723 2956 et
763 2903 970 2973 Lupum
1021 2919 1294 2972 a'qumvos
1321 2913 1373 2958 et
1400 2913 1784 2975 contempora-

169 3006 308 3044 neos
341 2991 625 3055 facit,cum
659 3001 839 3045 tamen
871 2992 1160 3062 perSpicue
1186 2992 1361 3060 palam
1395 2993 1464 3046 sit
1493 2994 1550 3046 Ι).
1579 2994 1784 3064 Lupum

171 3099 285 3136 non
313 3083 414 3136 nisi
446 3083 516 3136 ‘20
545 3083 704 3136 annis
737 3084 1082 3153 postobitum
1108 3083 1352 3153 ipsorum
1381 3085 1688 3138 antistitum
1715 3088 1783 3140 ad

169 3171 541 3242 episcopalem
573 3172 786 3241 apicem
841 3179 1113 3227 evectum.
1149 3193 1176 3221 ι)
1209 3173 1295 3227 Sic
1329 3174 1439 3228 ille.
1472 3175 1622 3238 Quod
1653 3191 1783 3230 vero

173 3264 395 3335 quidam
441 3263 858 3330 ratiocinantur,
900 3265 1029 3334 quia
1077 3266 1277 3338 legitur
1306 3265 1394 3319 hic
1428 3266 1687 3337 Eutropia
1716 3267 1785 3321 ti-

170 3352 374 3406 muisse
395 3353 625 3406 castitati
657 3370 768 3407 suae.
801 3362 1023 3423 prepter
1050 3355 1544 3424 pulchritudinem,
1577 3356 1780 3409 idcirco

174 3440 357 3510 potius
383 3440 452 3494 ab
477 3440 683 3493 Hunnis
713 3441 767 3493 id
802 3441 999 3496 factum
1057 3459 1216 3514 quam
1247 3459 1276 3495 a
1309 3442 1606 3507 \Vandalis,
1630 3443 1778 3512 quod

166 3548 346 3602 genus
384 3533 704 3586 Hunnorum
757 3550 867 3602 prai
913 3535 1129 3588 caeteris
1182 3535 1234 3587 in
1295 3534 1561 3586 Venerem
1617 3534 1780 3588 fuerit

173 3636 343 3690 prona
365 3628 419 3674 et
449 3621 744 3690 impudica,
777 3628 834 3675 ut
869 3621 1022 3675 testis
1059 3629 1141 3675 cst
1171 3623 1457 3676 Salvmnus
1489 3623 1586 3675 lib.
1622 3640 1672 3675 IV
1705 3624 1778 3676 De

171 3713 544 3779 rectojudicio
576 3723 629 3766 et
661 3714 1026 3783 providentia,
1057 3714 1108 3766 id
1143 3714 1308 3767 nimis
1335 3715 1452 3768 leve
1483 3731 1780 3784 argumen-

173 3818 283 3857 tum
311 3814 410 3858 est.
437 3805 566 3858 Nam
601 3806 652 3858 in
711 3806 908 3875 quavis
935 3805 1119 3858 hostili
1168 3805 1474 3875 irruptione
1505 3806 1633 3860 talia
1662 3823 1780 3861 me-

175 3897 280 3950 rito
313 3897 488 3950 timeri
521 3897 743 3951 debent.

246 3986 466 4054 Aliique
497 3987 744 4038 nonnulli
796 3987 1090 4040 virtutibus
1149 3990 1402 4054 insignes.
1459 3988 1522 4042 Ut
1565 3988 1780 4045 Nicasio

178 4094 389 4131 coaevus
446 4078 499 4130 S.
554 4077 856 4147 Exuperius
902 4078 1211 4134 Tolosanus
1261 4082 1577 4151 cpiscopus,
1625 4085 1782 4151 cujus

180 4168 449 4234 meminit,
499 4168 594 4222 ubi
642 4186 827 4238 supra,
873 4169 1257 4243 Hieronymus,
1293 4181 1347 4226 et
1390 4175 1443 4226 8.
1479 4174 1784 4230 Germanus

179 4257 665 4310 Antissiodarcnsis
709 4259 938 4328 tequalis
980 4260 1131 4330 Lupo
1163 4261 1438 4328 Trecensi,
1474 4263 1573 4316 sed
1614 4264 1666 4317 8.
1695 4265 1785 4318 Ni-

180 4345 326 4399 casio
350 4345 635 4414 posterior.

250 4442 392 4494 Unde
429 4445 476 4493 et
494 4441 662 4509 jumta
710 4445 770 4496 B.
830 4443 1133 4510 Augustini
1161 4447 1480 4498 sententiam
1522 4447 1851 4532 majoremD

174 4527 454 4580 charitatis
486 4532 683 4597 reperit
701 4531 967 4596 fmctmn,
987 4541 1093 4584 etc.
1117 4531 1286 4586 Locus
1298 4541 1380 4586 est
1399 4533 1633 4602 cpistola
1655 4535 1777 4598 180,

173 4632 236 4669 ex
277 4615 427 4681 cujus
449 4615 561 4670 fere
589 4617 774 4671 verbis
826 4619 1093 4689 apposita}
1133 4635 1245 4672 suae
1272 4622 1603 4676 narrationis
1630 4622 1780 4677 ﬁlum

175 4709 446 4762 contexuit
475 4718 666 4763 auctor
703 4712 771 4764 ab
793 4727 859 4765 eo
881 4711 1002 4765 loco
1037 4713 1129 4766 :B.
1157 4715 1344 4781 itaque
1375 4716 1626 4769 Nicasius
1657 4717 1783 4768 ani-

175 4813 311 4850 mam
338 4813 491 4850 suam
527 4814 626 4866 pro
676 4801 974 4865 fratribus,
1018 4817 1193 4871 usque
1248 4802 1313 4854 ad
1366 4802 1501 4854 illud
1536 4805 1694 4859 :Non
1726 4809 1783 4858 ut

177 4890 530 4941 mercenarius
547 4889 734 4941 videns
775 4893 956 4958 lupum
994 4893 1305 4945 venientem.
1344 4891 1468 4946 Hzec
1493 4907 1621 4947 vero
1653 4909 1785 4947 sen-

181 4978 343 5032 tentia
368 4978 660 5050 Augustini
693 4979 901 5052 integre
924 4981 1003 5034 sic
1027 4981 1193 5036 habet
1227 5000 1238 5036 :
1271 5003 1290 5032 ι
1326 4983 1455 5036 Nam
1488 4984 1579 5054 qui
1601 4984 1785 5042 clades

180 5069 396 5124 hostiles
427 5070 552 5122 ideo
579 5085 686 5123 non
723 5070 878 5142 fugit,
906 5089 1029 5126 cum
1059 5073 1510 5145 possiteﬂ'ugere,
1531 5091 1599 5129 ne
1629 5077 1786 5130 dese-

180 5164 256 5210 rat
277 5155 638 5210 ministerium
672 5155 890 5223 Christi,
926 5160 1043 5213 sive
1075 5176 1312 5230 quonon
1350 5171 1581 5232 possunt
1604 5163 1784 5217 homi-

179 5265 271 5302 nes
299 5249 377 5302 vel
410 5246 532 5302 fieri
579 5247 663 5300 vel
696 5247 878 5304 vivere
909 5251 1224 5319 Christiani,
1258 5254 1520 5320 majorem
1549 5255 1787 5309 charita-

179 5339 244 5391 tis
274 5337 483 5391 invenit
516 5335 753 5389 fructum
785 5355 972 5407 quam,
1001 5340 1094 5409 qui
1149 5357 1257 5395 non
1291 5349 1518 5411 prOpter
1568 5342 1784 5411 fratres,

177 5431 268 5485 sed
290 5438 516 5501 propter
545 5427 792 5496 scipsum
861 5432 1100 5505 fugiens,
1155 5442 1321 5505 atque
1350 5437 1788 5504 comprehensus

179 5538 279 5576 non
310 5526 474 5589 negat
507 5515 806 5579 Christum,
829 5519 1173 5590 suscipitque
1201 5520 1541 5590 martyrium.
1567 5541 1596 5571 ι»

248 5615 480 5671 Viduam
520 5611 981 5676 Aggerunchiam.
1039 5613 1117 5665 lta
1171 5613 1234 5666 Μ.
1272 5611 1486 5666 accedit
1513 5613 1538 5665 ,Ι
1572 5614 1789 5680 Agem-

173 5713 360 5776 cz'u'um,
381 5709 440 5775 C,
477 5705 830 5769 Geruntiam,
891 5708 1148 5762 similiter
1175 5709 1227 5758 S.
1255 5705 1568 5759 Gerontiam
1588 5722 1600 5758 :
1624 5722 1786 5775 quam

1891 2305 1970 2357 sia
2000 2305 2056 2356 Β.
2093 2305 2270 2359 Maritn
2301 2308 2574 2361 notabiles
2608 2310 2857 2381 reliquite
2889 2313 2942 2367 8.
2986 2315 3210 2382 Nicasii,
3246 2319 3345 2371 sed
3381 2336 3511 2374 cen-

1892 2403 2005 2447 tum
2056 2395 2212 2446 annis
2242 2402 2363 2464 post
2423 2403 2670 2466 tempora
2706 2399 3002 2456 Flodoardi
3039 2405 3238 2460 Remos
3271 2417 3398 2462 sunt
3423 2426 3512 2464 re-

1894 2484 2034 2547 Ιηιξιι,
2083 2491 2329 2552 tempore
2379 2484 2620 2539 Gervasii
2682 2490 3090 2563 archiepiscopi
3123 2533 3138 2557 ,
3198 2495 3292 2566 qui
3351 2507 3512 2554 antea

1894 2572 2324 2626 Cenomanensis
2385 2573 2561 2628 fuerat
2605 2576 2920 2648 episcopus.
2967 2581 3121 2636 Unde
3147 2590 3200 2636 et
3227 2583 3515 2643 Rcmensis

1895 2663 2136 2717 Ecclesia
2169 2664 2364 2715 festum
2401 2665 2778 2719 translationis
2810 2667 2864 2723 S.
2899 2669 3096 2724 Nicasii
3123 2673 3369 2730 celebrat
3417 2677 3511 2733 die

1882 2753 1951 2806 ‘23
1980 2753 2129 2806 Julii.
2167 2753 2281 2816 Quo
2313 2753 2403 2806 die
2438 2754 2490 2806 in
2537 2754 2811 2810 Breviario
2856 2756 3109 2824 ejusdem
3145 2761 3403 2818 Ecclesia)
3433 2767 3512 2821 sic

1884 2843 2119 2914 legitur:
2158 2865 2181 2894 α
2205 2843 2434 2908 Quidam
2462 2860 2490 2897 e
2523 2843 2740 2898 clericis
2782 2845 3236 2906 Tornacensibus
3274 2856 3510 2912 audiens

1887 2944 2204 2998 Gervasium
2249 2944 2531 3014 praefatum
2586 2946 2884 3001 sacrarium
2932 2950 3009 3015 (8.
3057 2950 3260 3006 Nicasii
3303 2953 3506 3025 Remis)

1889 3037 2192 3091 instaurare
2221 3037 2477 3107 coepisse,
2527 3048 2586 3092 ut
2640 3049 2851 3108 partem
2907 3044 3156 3113 corporis
3192 3047 3247 3102 Β.
3283 3047 3505 3118 Nicasii,

1809 3144 1856 3211 Ο
1887 3147 2007 3200 quae
2037 3130 2091 3183 in
2118 3129 2447 3184 Tornacensi
2465 3130 2696 3185 ecclesia
2724 3132 3072 3200 servabatur,
3103 3153 3217 3192 suae
3259 3141 3510 3198 restituat

1886 3222 2133 3276 ecclesiae
2155 3221 2412 3276 omnibus
2441 3222 2621 3276 modis
2653 3223 2920 3292 elaborat,
2964 3234 3298 3300 tempusque
3331 3242 3386 3288 et
3417 3234 3505 3289 lo-

1885 3328 2007 3367 cum
2023 3312 2358 3382 perficiendo
2390 3311 2668 3367 desiderio
2699 3317 2916 3383 quierit.
2949 3317 3195 3390 Cumque
3241 3321 3296 3374 id
3319 3339 3419 3392 per
3445 3341 3505 3381 se

1886 3412 2143 3473 praestare
2185 3417 2295 3456 non
2319 3409 2526 3472 posset,
2557 3401 2795 3472 quadam
2823 3415 2983 3461 nocte
3012 3407 3377 3466 Tornacensis
3415 3429 3508 3467 ar-

1881 3495 1971 3548 det
1994 3495 2263 3549 ecclesia:
2299 3495 2446 3564 quod
2471 3493 2788 3548 incendium
2842 3498 3115 3553 universa:
3157 3499 3363 3556 civitati
3395 3503 3504 3557 mi-

1881 3592 2040 3639 natur
2061 3585 2294 3639 ruinam.
2329 3583 2627 3638 Praadictus
2657 3600 2788 3639 vero
2841 3585 3096 3653 clericus,
3124 3597 3496 3659 opportunam

1880 3682 2070 3728 nactus
2097 3675 2466 3734 occasionem,
2523 3671 2801 3744 intrepide
2858 3675 3144 3730 ardentem
3210 3679 3499 3736 ecclesiam

1880 3765 2206 3836 ingreditur,
2221 3764 2628 3836 gloriosumque
2660 3764 2975 3819 thesaurum
3003 3766 3279 3838 deferens,
3302 3769 3504 3828 Remos

1881 3854 2154 3927 pervenit,
2188 3855 2555 3925 Gcrvasioque
2589 3860 2647 3908 ut
2686 3869 2772 3908 res
2798 3870 2856 3908 se
2886 3855 3147 3922 habebat,
3177 3857 3374 3914 ordine
3404 3875 3501 3914 ex-

1883 3946 2052 4018 ponit.
2090 3945 2190 4009 Qui
2246 3953 2530 4015 exceptam
2592 3945 2735 3999 hanc
2759 3944 2906 3999 beati
2957 3946 3207 4016 corporis
3261 3955 3500 4018 partem,

1883 4037 2038 4090 alteri
2069 4038 2211 4106 (qure
2237 4035 2288 4088 in
2319 4051 2443 4089 arca
2474 4033 2758 4088 recondita
2809 4035 2944 4105 erat)
2975 4051 3281 4106 apponens,
3310 4053 3499 4107 aequa-

1885 4129 1956 4182 lia
1979 4129 2164 4183 omnia
2195 4127 2427 4181 invenit.
2458 4127 2814 4182 Postmodum
2836 4143 2964 4182 vero
2995 4129 3266 4202 integrum
3299 4143 3501 4199 corpus

1887 4222 1941 4274 in
1967 4222 2141 4275 aedem
2207 4220 2347 4274 diva:
2407 4219 2609 4292 Virgini
2657 4233 2865 4272 sacram
2906 4219 3002 4274 ubi
3043 4235 3191 4275 nunc
3236 4219 3500 4294 religiose

1885 4310 2082 4366 colitur
2109 4309 2430 4364 translatum
2461 4314 2562 4362 est.
2588 4328 2614 4354 ιι
2641 4305 2766 4361 Haec
2792 4306 2889 4363 ibi.

2488 4415 2697 4470 CAPUT
2753 4415 2888 4469 VIII.

1954 4529 2028 4582 De
2063 4524 2119 4578 S.
2151 4525 2366 4580 Oricolo
2421 4532 2476 4578 et
2513 4523 2676 4578 sociis
2705 4523 2819 4594 agit
2850 4521 3095 4577 Molanus
3126 4523 3181 4578 in
3213 4523 3500 4582 additione

1881 4622 1951 4676 ad
1977 4619 2420 4692 Martyrologium
2452 4615 2683 4671 Usuardi
2718 4617 2782 4669 18
2807 4614 3250 4676 Novembris,his
3273 4616 3496 4673 verbis:

1885 4741 1909 4762 α
1945 4716 2067 4785 lpso
2092 4713 2202 4779 die,
2235 4711 2380 4768 beati
2413 4710 2612 4766 Oricoli
2650 4707 2905 4779 martyris
2935 4709 3322 4783 sociorumque
3349 4709 3495 4778 ejus,

1883 4805 1978 4876 qui
2007 4804 2110 4858 sub
2133 4803 2453 4857 Wandalica
2494 4799 2886 4872 persecutione
2902 4797 3048 4868 passi
3068 4805 3216 4853 sunt.
3240 4818 3270 4850 in
3299 4799 3360 4854 Et
3389 4799 3498 4854 Ro-

1884 4909 2114 4951 manum
2145 4890 2588 4964 Martyrologium
2615 4906 2628 4944 :
2659 4909 2682 4940 α
2709 4886 2912 4943 Eodem
2935 4886 3027 4942 die
3054 4894 3366 4943 sanctorum
3381 4887 3501 4943 Ori-

1885 4985 1991 5040 coli
2023 4993 2078 5038 et
2114 4982 2413 5048 sociorum,
2447 4981 2539 5052 qui
2571 4980 2624 5033 in
2658 4976 3042 5050 persecutione
3062 4975 3382 5032 Wandalica
3400 4992 3501 5049 pro

1886 5076 1994 5130 fide
2024 5073 2295 5129 catholica
2327 5072 2472 5142 passi
2498 5079 2646 5126 sunt.
2685 5089 2706 5120 ι
2745 5070 2803 5123 ln
2831 5068 2978 5124 notis
2997 5066 3210 5122 ibidem
3236 5067 3503 5123 Baronius

1885 5170 1990 5223 hoc
2012 5173 2225 5220 tantum
2277 5163 2592 5218 adnotavit:
2629 5182 2658 5211 α
2707 5162 2782 5216 De
2839 5175 2930 5228 eo,
2959 5159 3222 5216 videlicet
3251 5157 3496 5226 Oriculo,

1885 5267 2082 5317 caetera
2103 5256 2495 5326 manuscripta,
2516 5253 2802 5326 exquibus
2832 5252 3084 5309 Molanus
3118 5250 3268 5323 apud
3296 5251 3500 5306 Usuar-

1889 5351 2039 5404 dum.
2071 5346 2302 5402 Eosdem
2333 5346 2458 5418 lego
2489 5343 2544 5396 in
2568 5343 2856 5398 additione
2876 5341 3195 5398 Coloniensi
3215 5355 3339 5414 quae
3362 5338 3502 5396 facta

1890 5438 2074 5502 est,ad
2107 5435 2408 5492 Usuardum
2442 5448 2589 5486 anno
2612 5431 2772 5486 1521.
2803 5451 2822 5480 ι

1961 5527 2114 5594 Quod
2163 5526 2341 5579 adhuc
2404 5523 2686 5589 manifeste
2737 5534 2934 5590 parere
2989 5518 3214 5573 dicitur.
3267 5517 3346 5572 Ita
3372 5515 3440 5572 Μ.
3466 5513 3505 5570 C

1892 5617 2097 5671 recenti
2129 5630 2293 5670 manu
2342 5610 2554 5683 syllaba
2611 5626 2701 5682 ap.
2753 5608 2970 5680 adjecta
2997 5605 3280 5663 est.Unde
3310 5605 3366 5661 C.
3397 5614 3454 5662 et
3476 5603 3504 5661 J

1892 5709 2080 5778 legunt
2107 5721 2393 5775 amaret-e2,
2421 5719 2546 5758 cum
2581 5717 2772 5773 parere
2823 5713 2922 5771 pro
2971 5713 3238 5768 apparere
3264 5695 3510 5754 usitatis-
