3972 6206
449 314 555 369 339
1290 307 1680 363 COLVENERII
1721 308 1993 364 SCHOLIA
2034 309 2098 364 lN
2142 309 2309 368 HIST.
2357 311 2642 369 REMENS.
2686 313 2946 372 ECCLES.
3689 326 3788 383 34.0

450 445 653 500 simum
676 441 770 509 sit,
802 440 1250 497 utMatth.xx1v:
1288 440 1437 493 Tunc
1460 438 1680 509 parebit
1703 440 1918 505 signum
1937 438 2064 492 Filii
2085 439 2141 508 Α
2166 437 2453 505 cujusdam
2510 440 2796 511 scriptoris
2840 444 3165 499 monasterii
3225 447 3279 501 S.
3325 447 3590 523 Remigii,
3626 466 3788 521 quem

450 538 703 592 hominis.

2201 527 2364 580 ixisse
2391 527 2585 583 scribit
2633 528 2779 584 circa
2830 545 3036 586 annum
3070 533 3287 589 Domini
3332 536 3496 599 1400.
3537 539 3692 609 quod
3715 540 3790 595 sic

519 624 800 692 presbyter
826 621 1062 691 ejusdem
1118 621 1221 675 loci
1283 622 1497 675 nomine
1525 622 1673 676 Betto
1712 620 1819 685 MS,
1851 621 2010 675 Becco
2042 639 2057 688 ;
2161 614 2325 670 habet
2358 633 2370 669 :
2397 636 2418 665 ι
2444 615 2641 671 Cilinia
2672 617 2727 671 in
2773 617 2909 674 ﬂore
2935 620 3240 689 juventutis
3271 625 3491 695 peperit
3523 627 3598 682 de
3625 628 3790 685 unico

450 717 507 784 C,
563 714 818 772 Beto.Per
870 714 1254 785 presbyterum
1310 720 1497 766 autem
1550 711 1710 779 hujus
1767 719 1861 766 aut
1915 710 2061 766 filius
2162 705 2280 760 viro
2305 719 2406 759 suo
2431 705 2648 761 ZEmilio
2675 707 2815 762 duos
2839 707 3004 776 ﬁlios,
3036 710 3298 768 videlicet
3325 713 3706 786 Principium,
3740 724 3795 772 et

449 806 556 863 loci
604 804 805 877 passim
854 803 911 858 in
937 803 1038 858 hac
1078 801 1308 857 historia
1356 809 1411 856 et
1455 801 1805 872 antiquorum
1838 799 2062 871 scriptis
2163 796 2330 851 alium
2359 798 2517 866 cujus
2534 813 2736 854 nomen
2768 800 2931 856 nobis
2962 809 3048 858 est
3091 803 3459 879 incognitum,
3485 808 3587 878 qui
3620 808 3794 863 duxe-

451 897 777 971 intelligitur
806 896 850 951 is
871 894 965 967 qui
999 910 1146 951 nunc
1162 901 1371 964 pastor,
1411 893 1704 964 parochus,
1732 900 1828 947 aut
1858 892 2065 947 Gallica

450 1008 585 1048 voce
606 997 828 1047 curatus
847 989 1070 1044 dicitur.
1102 988 1193 1043 Sic
1219 987 1408 1043 inVita
1436 988 1613 1042 sancti
1645 986 1878 1042 Bavonis
1909 987 2065 1042 Dom-

452 1082 601 1138 linus
630 1079 995 1153 prcsbyterex
1018 1077 1280 1133 Thurolto
1305 1060 1525 1133 venisse
1555 1076 1884 1147 dicitur,qui
1906 1076 2063 1145 ejus-

452 1171 579 1228 dem
610 1170 715 1227 loci
741 1175 927 1241 pastor
954 1173 1095 1222 erat.

1096 1253 1303 1309 CAPUT
1339 1253 1423 1309 1X.

528 1353 662 1405 Tum
701 1345 1194 1415 Bennadius,cujus
1244 1350 1426 1400 tamen
1448 1347 1755 1413 Bennagius
1795 1360 1985 1400 nomen
2011 1348 2071 1402 in

455 1442 771 1497 testamento
800 1452 913 1492 suo.
947 1437 1006 1491 In
1038 1435 1240 1491 tabulis
1263 1434 1637 1499 Democharis,
1667 1442 1721 1488 et
1754 1434 1807 1488 in
1836 1436 2067 1490 Annali-

456 1537 561 1591 bus
592 1532 809 1589 Baronii
866 1532 1008 1587 male
1047 1531 1250 1603 legitur
1280 1530 1614 1595 Gennadius,
1650 1529 1747 1584 ubi
1776 1538 1832 1586 et
1856 1532 2070 1587 obiisse

456 1625 716 1681 scribitur
743 1637 887 1676 anno
909 1621 1035 1687 471,
1076 1636 1199 1675 cum
1228 1619 1412 1690 potius
1439 1633 1550 1673 uno
1579 1633 1725 1673 anno
1756 1628 1882 1674 ante
1915 1619 2072 1675 obie-

458 1715 548 1770 rit.
580 1713 712 1768 Nam
744 1718 803 1766 ut
830 1717 1045 1766 constat
1068 1726 1133 1764 ex
1164 1706 1445 1763 adnotatis
1474 1708 1542 1761 ad
1575 1723 1699 1780 cap.
1738 1710 1792 1773 6,
1844 1718 1899 1763 et
1929 1709 2074 1765 intra

2166 898 2519 956 ratuxorem,
2550 906 2615 945 ex
2671 908 2781 962 qua
2828 891 3001 948 ﬁlium
3060 896 3389 966 procreavit,
3425 898 3667 954 nomine
3693 900 3794 954 Lu-

2167 996 2319 1050 pum,
2357 981 2451 1052 qui
2479 982 2710 1053 quidem
2764 992 2888 1054 post
2948 986 3002 1041 S.
3058 986 3396 1059 Principium
3451 991 3793 1046 avunculum

2167 1085 2326 1123 suum
2367 1070 2503 1136 (vult
2526 1071 2711 1126 dicere
2741 1073 3019 1145 patruum)
3052 1074 3375 1147 episcopum
3409 1076 3796 1134 Suessionen-

2167 1174 2285 1213 sem
2320 1159 2569 1231 suscipit.
2605 1183 2630 1206 ιι

2238 1253 2302 1305 Iu
2326 1253 2482 1321 cujus
2517 1254 2824 1309 iactatione.
2867 1254 2958 1310 Sic
2978 1256 3166 1311 omnia
3193 1258 3557 1329 exemplaria,
3598 1261 3706 1316 sed
3741 1278 3803 1317 ex

2171 1337 2463 1395 Hincmaro
2493 1340 2711 1395 videtur
2748 1341 3040 1415 legendum
3067 1346 3451 1403 ablactatione.

2240 1436 2366 1487 Jam
2394 1439 2571 1489 tamen
2598 1450 2808 1490 senum.
2838 1437 2916 1492 Ita
2941 1437 3015 1493 CJ
3046 1440 3105 1493 ln
3128 1439 3173 1493 M
3197 1439 3402 1515 legitur
3425 1442 3563 1497 dum
3598 1449 3801 1511 tamen,

2170 1524 2318 1595 quod
2349 1526 2400 1578 ὃ.
2438 1526 2494 1579 in
2525 1542 2689 1580 unam
2713 1526 3013 1584 dictionem
3063 1530 3431 1604 conjungens,
3452 1536 3716 1605 exponit,
3751 1544 3805 1591 ut

2172 1616 2243 1671 sit
2264 1618 2412 1688 quod
2442 1624 2829 1674 verumtamen.

2243 1712 2314 1764 Et
2343 1726 2616 1780 azquorum
2642 1715 2879 1767 maxime
2896 1716 3038 1769 votis
3067 1714 3245 1770 adhuc
3266 1718 3506 1786 insignis
3549 1720 3804 1775 habetur.

457 1804 525 1859 ad
555 1818 679 1874 cap.
707 1800 799 1871 13,
814 1798 1099 1871 Remigius
1113 1797 1491 1868 episcopatum
1510 1796 1755 1869 suscepit
1778 1813 1923 1854 anno
1951 1799 2056 1855 470
2106 1807 2157 1876 Β
2182 1801 2502 1873 Equorum,
2553 1803 2609 1857 id
2660 1810 2745 1858 est
2774 1804 3046 1861 honorum
3085 1812 3139 1862 et
3187 1806 3405 1878 piorum
3435 1809 3715 1880 virorum,
3752 1820 3807 1867 ut

1096 1888 1303 1945 CAPUT
1376 1889 1438 1943 X.

529 1982 657 2047 Quae
687 1981 756 2035 de
779 1979 1061 2035 nativitate
1111 1987 1164 2034 et
1198 1978 1308 2034 vita
1361 1978 1417 2032 S.
1454 1978 1689 2052 Remigii
1740 1979 1846 2035 hoc
1875 1995 1997 2051 cap.
2028 1988 2084 2036 et

457 2073 824 2146 sequentibus
878 2071 1118 2138 disserit,
1182 2087 1248 2126 ea
1279 2070 1391 2124 fere
1423 2068 1668 2124 delibata
1697 2076 1823 2124 sunt
1869 2088 1935 2125 ex
1964 2072 2084 2127 Vita

461 2164 635 2235 ipsius
662 2163 1125 2235 perFortunatum
1166 2167 1220 2216 et
1269 2161 1619 2215 llincmarum
1656 2160 1949 2231 descripta.
1986 2162 2084 2216 llla

462 2262 637 2311 exstat
663 2255 806 2327 apud
841 2256 1060 2310 Surium
1092 2254 1183 2308 die
1217 2257 1238 2309 1
1268 2252 1539 2321 Octobris,
1566 2252 1682 2307 haec
1711 2253 1779 2307 13
1807 2253 2078 2321 Januarii,

463 2361 601 2417 quas
627 2351 885 2400 accurate
923 2360 1046 2399 cum
1087 2343 1172 2398 his
1220 2359 1345 2414 quae
1374 2342 1711 2397 Flodoardus
1737 2343 1903 2397 habet
1933 2358 2076 2398 con-

464 2433 583 2489 tuli.
610 2433 672 2488 Et
702 2433 757 2488 in
790 2432 1078 2488 Hincmaro
1136 2431 1361 2503 quidem
1405 2431 1593 2485 omnia
1619 2430 1866 2498 uberius,
1901 2432 2079 2487 inter-

463 2526 595 2580 dum
653 2525 821 2579 etiam
853 2524 1075 2590 clarius,
1121 2530 1502 2578 recensentur.
1560 2522 1836 2577 Nonnulla
1895 2529 2079 2578 tamen

462 2613 677 2669 addidit
700 2612 1035 2669 Flodoardus
1064 2610 1289 2666 aliunde
1313 2616 1558 2680 accepta.
1593 2609 1760 2664 Natus
1781 2616 1864 2664 est
1893 2619 2080 2665 autem

463 2706 518 2761 S.
542 2704 821 2775 Remigius
874 2710 1013 2759 teste
1056 2701 1369 2776 Sigeberto,
1425 2700 1732 2755 Christiano
1777 2701 2000 2758 Μεδεωο
2030 2711 2085 2758 et

460 2796 609 2862 aliis,
640 2811 787 2851 anno
817 2796 940 2849 449.
974 2792 1109 2849 Vide
1142 2792 1284 2848 infra
1313 2800 1469 2848 notas
1495 2791 1564 2846 ad
1595 2808 1718 2863 cap.
1753 2792 1842 2849 13.

534 2888 893 2957 Principium,
949 2888 1267 2942 Suessorum
1324 2886 1566 2939 civitatis
1621 2890 1811 2954 postea
1837 2892 2083 2942 sanctum

466 2978 789 3047 episcopum,
815 2980 866 3030 et
887 2979 1100 3045 patrem
1152 2975 1293 3029 beati
1319 2974 1482 3043 Lupi,
1530 2972 1770 3042 ejusdem
1817 2978 2086 3047 Principii

466 3070 801 3125 successoris.
848 3067 943 3122 llic
996 3066 1051 3121 S.
1107 3066 1414 3137 Principius
1462 3066 1518 3121 in
1548 3067 1797 3140 catalogo
1829 3067 2083 3125 Suessio-

2183 1899 2494 1961 opponatur
2532 1890 2757 1962 iniquis.

2253 1982 2317 2034 In
2345 1981 2499 2049 cujus
2536 1986 2585 2035 et
2622 1984 2746 2050 ipsa
2772 1982 2929 2036 beata
2978 1987 3219 2050 genitria:
3243 1986 3486 2056 ejusdem
3513 1992 3811 2060 requiescit

2183 2071 2438 2126 Ecclesia.
2486 2072 2751 2143 Loquitur
2803 2072 2873 2127 de
2906 2072 3067 2129 beata
3115 2076 3406 2145 Balsamia,
3455 2081 3566 2147 vel,
3629 2089 3695 2136 ut
3754 2081 3811 2150 C,

2182 2164 2472 2230 Balsemia,
2499 2163 2713 2219 nutrice
2743 2164 2797 2218 S.
2852 2164 3110 2237 Remigii,
3139 2184 3262 2239 qua;
3301 2170 3609 2240 requiescit
3637 2172 3699 2227 in
3721 2190 3816 2229 ec-

2178 2254 2351 2310 clesia
2377 2254 2429 2308 S.
2465 2254 2780 2310 Celsiniﬁlii
2811 2257 2920 2324 sui,
2973 2275 3096 2330 quin
3119 2259 3287 2315 hodie
3312 2270 3542 2318 vocatur
3571 2265 3816 2320 ecclesia

2179 2355 2381 2401 sancttr
2404 2347 2663 2402 Nutricis.
2715 2347 2920 2404 Celsini
2961 2359 3140 2407 autem
3184 2353 3439 2408 meminit
3469 2354 3727 2411 Molanus
3756 2358 3813 2412 in

2181 2437 2463 2492 additione
2494 2438 2561 2491 ad
2596 2438 2900 2495 Usuardum
2928 2442 3018 2496 die
3062 2443 3132 2495 "1’3
3175 2443 3429 2498 Octobris
3459 2445 3548 2499 his
3570 2447 3761 2502 verbis
3795 2468 3815 2500 :

2185 2546 2209 2577 (ι
2245 2526 2431 2581 Remis
2458 2528 2633 2583 sancti
2660 2528 2863 2584 Celsini
2903 2531 3239 2588 confessoris
3265 2541 3319 2589 et
3347 2534 3687 2607 presbyteri,
3720 2536 3812 2593 di-

2183 2614 2381 2685 scipuli
2413 2615 2471 2668 B.
2503 2615 2762 2692 Remigii.
2795 2638 2817 2668 ο

2825 2706 3035 2763 CAPUT
3068 2708 3157 2764 Xl.

2260 2794 2412 2859 Quod
2439 2794 2801 2849 ecclesiastica
2862 2797 3052 2864 regula
3089 2798 3228 2854 hanc
3250 2802 3470 2854 (etatem
3493 2801 3569 2855 ad
3596 2806 3815 2857 tantum

2185 2900 2293 2939 non
2314 2886 2619 2942 admitteret
2641 2887 2982 2956 dignitatem.
3013 2890 3173 2945 Juxta
3231 2892 3494 2962 antiquos
3540 2909 3815 2959 canones,

2184 2982 2245 3031 ut
2270 2984 2422 3047 patet
2449 2992 2515 3032 ex
2544 2978 2784 3033 decretis
2830 2980 3056 3035 Fabiani
3087 2997 3267 3052 papze,
3309 2989 3365 3037 et
3392 2983 3634 3039 concilio
3660 2984 3819 3040 Neo-

2181 3068 2515 3135 caasariensi,
2548 3085 2671 3125 can.
2722 3071 2802 3134 ll,
2864 3072 3190 3141 prohibetur
3243 3089 3313 3128 ne
3348 3074 3475 3146 quis
3509 3075 3819 3146 presbyter

469 3163 727 3220 nensium
758 3162 1145 3234 episcoporum
1177 3162 1323 3233 apud
1348 3162 1741 3218 Democharem
1762 3171 1846 3219 est
1866 3164 2081 3220 duode-
2104 3131 2155 3201 Ο
2180 3161 2471 3217 ordinetur
2523 3169 2648 3217 ante
2695 3178 2901 3218 annum
2948 3165 3125 3219 astatis
3171 3165 3540 3239 trigesimum,
3584 3167 3814 3223 etiamsi

470 3253 647 3309 cimus
675 3253 891 3319 beatus,
923 3267 1053 3307 vero
1080 3251 1264 3322 Lupus
1294 3251 1489 3306 tertius
1514 3252 1783 3309 decimus.
1818 3254 1893 3308 De
1923 3254 2084 3310 Prin—
2181 3255 2342 3309 valde
2367 3254 2569 3329 dignus
2589 3255 2680 3321 sit,
2708 3255 2802 3327 qui
2831 3272 3073 3312 canones
3099 3257 3376 3315 habentur
3404 3275 3631 3333 quoque
3651 3263 3815 3333 apud

468 3345 616 3417 cipio
645 3346 951 3401 Romanum
971 3343 1247 3416 Martyrol.
1279 3344 1349 3399 25
1396 3344 1760 3416 Septembris,
1795 3356 1850 3402 et
1883 3348 2081 3403 eodem
2184 3345 2352 3405 Grat..
2384 3346 2514 3401 dist.
2540 3346 2625 3401 78.
2651 3347 2829 3411 Quare
2854 3347 3028 3403 multo
3050 3348 3234 3404 minus
3254 3357 3475 3421 poterat
3505 3352 3822 3424 episcopus

470 3437 560 3493 die
586 3436 797 3493 additio
822 3435 1022 3492 Molani
1050 3436 1119 3490 ad
1156 3436 1483 3491 Usuardum.
1515 3437 1588 3492 De
1610 3438 1897 3511 utriusque
1929 3455 2079 3505 vero,
2187 3434 2449 3490 ordinari.

470 3529 526 3584 id
552 3538 636 3585 est
656 3528 919 3600 Principii
971 3534 1027 3583 et
1064 3527 1240 3600 ,Lupi,
1262 3529 1571 3586 elevatione
1614 3524 1888 3586 'Kalendis
1914 3532 2083 3587 Junii.
2258 3527 2461 3582 Paulus
2486 3528 2763 3582 videretur
2790 3530 2850 3583 in
2877 3530 3103 3599 spiritu.
3134 3529 3225 3585 Sic
3252 3531 3442 3586 omnia
3467 3533 3824 3604 exemplaria

472 3620 739 3677 Caeterum
772 3620 875 3676 etsi
904 3620 1020 3675 haec
1046 3619 1213 3675 verba
1241 3621 1413 3692 accipi
1442 3628 1666 3692 possent
1689 3630 1748 3677 ut
1773 3621 2090 3696 signiﬁcent
2191 3624 2390 3686 Prailer
2413 3615 2637 3687 C.quod
2662 3617 2798 3691 legit
2825 3619 3087 3687 inspectu.
3110 3618 3218 3673 Sed
3247 3619 3547 3693 legendum
3593 3624 3651 3676 in
3683 3627 3821 3693 spi-

472 3713 690 3769 beatam
720 3710 972 3777 Cliniam,
1003 3718 1233 3766 matrem
1284 3712 1339 3767 S.
1375 3712 1630 3787 Remigii,
1674 3728 1783 3768 non
1816 3714 1957 3770 duos
1989 3715 2090 3770 ha-
2188 3711 2303 3762 ritu
2333 3715 2500 3778 patet,
2535 3714 2649 3763 tum
2676 3725 2742 3764 ex
2774 3709 3087 3777 Hincmaro,
3120 3718 3236 3767 tum
3264 3727 3330 3766 ex
3374 3711 3540 3769 initio
3589 3712 3730 3769 Vitae
3762 3715 3825 3771 S.

471 3805 663 3860 buisse
693 3802 838 3860 ﬁlios
895 3803 951 3858 in
1001 3803 1311 3875 juventute,
1368 3804 1467 3858 sed
1522 3804 1703 3875 ipsum
1752 3805 2087 3878 Principium
2193 3798 2474 3871 Rigobel‘li
2508 3800 2656 3870 apud
2708 3800 2928 3856 Surium
2961 3801 3289 3871 4Januat‘ii,
3321 3802 3419 3859 ubi
3460 3803 3653 3859 eadem
3681 3819 3825 3860 sen-

473 3893 645 3948 fuisse
676 3898 888 3964 patrem
920 3891 980 3946 Β.
1016 3891 1173 3961 Lupi,
1206 3897 1266 3945 ut
1296 3906 1555 3962 expresse
1587 3891 1639 3945 in
1669 3892 1873 3948 Gallica
1903 3901 2087 3948 trans-
2190 3888 2365 3945 tentia
2396 3890 2685 3960 reperitur.

472 3981 677 4037 latione
700 3981 904 4035 dicitur
937 3997 950 4034 :
984 3980 1039 4034 in
1066 3979 1187 4033 Vita
1216 3988 1397 4033 tamen
1444 3979 1498 4034 S.
1537 3980 1770 4052 Remigii
1791 3997 1889 4051 per
1917 3981 2085 4037 Hinc-

474 4088 684 4127 marum
717 4071 924 4126 diserte
944 4068 1294 4143 signiﬁcatur
1335 4070 1475 4125 duos
1507 4070 1783 4126 habuisse.
1819 4072 1908 4128 Sic
1938 4074 2086 4128 enim
2258 4072 2319 4125 In
2341 4072 2518 4124 vicum
2548 4070 2932 4126 Calmich
2970 4074 3199 4137 nomine,
3232 4073 3408 4141 ipsius
3436 4073 3657 4127 accessit
3688 4079 3824 4129 stu-

473 4164 550 4219 ibi
582 4163 784 4236 legitur
813 4181 829 4217 :
866 4182 891 4213 α
923 4161 1124 4226 Quinin
1152 4160 1286 4216 ﬂore
1310 4161 1620 4231 juventutis
1679 4171 1971 4233 pepererat
2019 4165 2088 4221 de
2189 4162 2273 4216 dii
2299 4163 2590 4216 devotione.
2624 4162 2701 4216 Ita
2733 4161 2818 4215 MS
2841 4161 2893 4227 J,
2925 4168 2979 4217 et
3005 4161 3147 4216 infra
3181 4178 3230 4217 c.
3262 4162 3353 4228 2-1,
3383 4172 3441 4217 et
3476 4162 3574 4217 Ιώ.
3610 4180 3668 4230 ιι,
3692 4180 3751 4220 c.
3787 4168 3823 4220 7

2826 3960 3036 4017 CAPUT
3060 3962 3173 4030 XII,

472 4255 636 4310 unico
666 4255 892 4309 virosuo
913 4252 1132 4308 Emilio
1169 4252 1530 4325 Principium,
1564 4254 1923 4310 Suessionum
1955 4256 2090 4313 civi-

473 4346 599 4402 tatis
621 4351 814 4417 postea
868 4352 1120 4400 sanctum
1166 4345 1511 4416 episcopum,
1565 4355 1619 4400 et
1676 4346 1900 4402 fratrem
1946 4349 2090 4418 ejus,

2194 4260 2249 4308 et
2278 4255 2363 4317 ll,
2396 4254 2585 4308 omnia
2612 4253 2968 4324 exemplaria.
3002 4255 3268 4310 Similiter
3296 4255 3352 4310 in
3387 4255 3713 4322 Fortunato,
3752 4275 3826 4313 ex

2193 4359 2303 4415 quo
2326 4344 2426 4399 hoc
2446 4344 2767 4399 miraculum
2798 4351 2884 4398 est
2911 4344 3262 4414 desumptum
3296 4364 3313 4399 :
3340 4362 3367 4395 α
3391 4345 3451 4399 In
3483 4344 3692 4412 vicum,
3726 4348 3822 4403 cui

474 4447 684 4511 patrem
706 4438 851 4494 beati
903 4436 1037 4508 Lupi
1087 4437 1359 4508 episcopi,
1391 4437 1641 4506 ejusdem
1672 4439 1933 4511 Principii
1960 4457 2089 4497 suc-
2114 4500 2166 4521 ἢ
2192 4433 2521 4488 vocabulum
2555 4442 2637 4488 est
2659 4432 3056 4501 Calmaciacus,
3078 4434 3252 4505 ipsius
3281 4435 3598 4490 devotionis
3626 4438 3823 4494 studio
3862 4518 3865 4521 _

472 4500 724 4591 cessoris,
778 4547 804 4578 ι
838 4500 996 4582 Idem.
1045 4500 1233 4583 dicere
1281 4500 1528 4583 voluisse
1558 4500 1946 4594 Flodoarddm,
1993 4530 2088 4601 qui
2114 4500 2169 4568 D
2193 4525 2440 4580 accessit.
2482 4550 2504 4571 ιι
2534 4526 2644 4582 Hoc
2674 4526 2794 4581 loco
2818 4525 2871 4581 C.
2908 4526 3041 4598 legit
3071 4500 3475 4583 Ualmiciacum.
3525 4528 3677 4584 Infra
3730 4530 3823 4583 in~

473 4618 822 4672 Hincmarum
872 4615 1179 4685 abbreviat,
1231 4630 1343 4671 non
1383 4624 1467 4670 est
1486 4614 1740 4671 dubium.
1768 4616 1946 4681 Quare
1975 4634 2088 4674 non

469 4716 617 4764 recte
640 4708 911 4764 Baronius
944 4707 1001 4762 in
1028 4706 1355 4772 Annalibus,
1416 4723 1561 4763 anno
1591 4708 1698 4763 463
1728 4716 1783 4764 et
1806 4709 1933 4775 507,
1957 4710 2091 4766 dicit

471 4798 526 4852 S.
554 4797 765 4868 Lupum
794 4796 1277 4860 Suessionensem,
1322 4794 1491 4850 fuisse
1523 4794 1698 4850 ﬁlium
1729 4796 1784 4851 S.
1820 4797 2087 4868 Principii

474 4887 725 4961 episcopi
746 4887 1184 4945 Suessionensis.
1231 4886 1339 4941 Sed
1372 4886 1509 4941 illud
1552 4902 1742 4942 verum
1776 4896 1879 4955 est,
1914 4887 2089 4946 fuisse

471 4990 847 5034 successorem
864 4975 1128 5047 Principii
1155 4984 1211 5031 et
1239 4981 1499 5046 nepotem
1530 4975 1582 5030 S.
1619 4975 1874 5048 Remigii,
1908 4984 1967 5033 ut
1986 4995 2088 5050 pa-

473 5078 552 5128 tet
579 5086 646 5127 ex
676 5071 811 5127 actis
836 5079 893 5126 et
912 5086 980 5127 ex
1006 5076 1334 5127 testamento
1383 5070 1653 5139 ejusdem.
1683 5071 1826 5127 Sane
1845 5072 2089 5130 Joannes

470 5166 675 5221 Savaro
702 5163 761 5218 in
788 5164 932 5220 notis
955 5164 1024 5219 ad
1052 5163 1339 5235 epistolam
1362 5162 1576 5219 Sidonii
1611 5164 1697 5232 14,
1732 5165 1826 5220 lib.
1860 5175 2038 5234 vm,et
2056 5167 2091 5223 8

471 5254 599 5311 libri
630 5269 703 5323 iv,
726 5254 859 5311 dicit
879 5253 1216 5324 Principium
1246 5253 1416 5310 fuisse
1447 5262 1701 5325 patruum
1745 5255 1881 5328 Lupi
1912 5257 2087 5313 Sues-

470 5343 627 5401 sonis
653 5343 902 5415 episcopi
929 5342 1129 5414 suique
1173 5343 1532 5410 successoris,
1574 5359 1687 5400 non
1744 5354 1978 5416 patrem.
2012 5347 2088 5404 De

472 5432 577 5488 hac
604 5429 929 5487 difﬁcultate
957 5430 1242 5487 consultus
1296 5447 1328 5486 a
1358 5447 1447 5487 me
1477 5432 1737 5488 dominus
1758 5432 2088 5492 Guillelmus

468 5518 521 5574 le
553 5518 760 5591 Begue,
782 5519 836 5575 S.
882 5517 1074 5573 Theol.
1107 5517 1300 5575 doctor
1331 5526 1386 5574 et
1414 5519 1834 5595 archimagister
1862 5521 2084 5594 collegii

468 5606 779 5675 Remensis,
838 5606 1131 5680 respondit
1159 5609 1498 5665 contirmiter
1552 5610 1639 5664 his
1698 5627 1820 5682 qua;
1876 5611 2084 5668 habent

470 5693 797 5751 ilincmarus
822 5705 879 5752 et
902 5696 1123 5751 Savaro:
1156 5696 1368 5751 addens
1404 5696 1781 5754 testimonium
1814 5699 2076 5769 anonymi

2193 4615 2405 4669 terdum
2424 4615 2860 4682 Culmisciacum,
2892 4616 3153 4686 utcapite
3183 4617 3402 4672 decimo
3432 4624 3633 4675 octavo
3662 4620 3722 4674 in
3742 4630 3822 4677 te-

2189 4711 2461 4761 stamento
2489 4707 2664 4761 sancti
2696 4706 2950 4781 Remigii,
3008 4707 3308 4779 aliquando
3362 4708 3815 4781 Colmisciacum,

2191 4794 2634 4864 Culmisciacum,
2674 4804 2731 4852 et
2782 4796 3219 4858 Culmissiacum.
3262 4804 3324 4851 ut
3350 4796 3659 4868 cap.20in
3677 4799 3814 4858 ﬁne.

2189 4883 2317 4952 Ejus
2345 4883 2451 4939 loci
2474 4892 2661 4955 pastor
2687 4884 2792 4939 fuit
2817 4885 2937 4955 ipse
2984 4884 3342 4950 Flodoardus,
3369 4893 3431 4939 ut
3470 4895 3632 4957 patet
3652 4903 3719 4943 ex
3742 4888 3817 4943 li-

2190 4975 2291 5031 bro
2321 4982 2538 5047 quarto,
2564 4974 2792 5047 cap.28.
2826 4977 2899 5031 ln-
2939 4974 3145 5031 Gallico
3174 4975 3404 5031 vertitur
3447 4977 3729 5048 Cormicy,
3760 4990 3818 5035 et

2190 5069 2247 5123 in
2272 5068 2520 5141 margine
2542 5069 2874 5139 ponit,alias
2891 5069 3222 5138 Chaumusy,
3244 5069 3528 5141 quomodo
3545 5070 3817 5127 vertitca-

2192 5161 2305 5232 pitc
2327 5161 2588 5216 vicesimo
2620 5161 2787 5230 hujus
2807 5160 3029 5227 libri,et
3055 5160 3196 5217 libro
3225 5160 3498 5228 secundo,
3529 5163 3817 5233 capitese~

2190 5250 2364 5322 ptimo
2396 5251 2714 5307 Chaumuci.
2757 5249 2946 5322 Capite
2987 5257 3173 5305 autem
3212 5250 3283 5305 12
3311 5251 3508 5306 iterum
3538 5253 3810 5323 Comicy,

2189 5346 2244 5395 et
2264 5338 2338 5393 ita
2352 5346 2776 5410 consequenter.

2257 5434 2362 5487 Pro
2387 5430 2652 5487 salvando
2681 5432 2883 5488 scilicet
2926 5431 3124 5487 eodem.
3148 5430 3392 5487 Subaud.
3415 5446 3548 5488 vase
3567 5433 3676 5491 hoc
3703 5443 3807 5501 est,

2187 5539 2260 5579 ne
2299 5539 2392 5577 vas
2420 5531 2892 5594 corrumperetur,
2911 5522 2957 5578 si
2983 5523 3146 5594 plane
3163 5532 3311 5578 esset
3331 5539 3593 5595 vacuum,

2254 5615 2360 5667 Per
2383 5616 2603 5682 portam
2630 5615 2931 5669 Patentem.
2967 5612 3293 5668 Hincmarus
3314 5611 3594 5668 rationem
3626 5616 3810 5671 nomi-

2182 5699 2454 5769 nisaﬁ'ert,
2494 5702 2707 5771 adjecta
2735 5703 2838 5760 hac
2884 5701 3203 5775 parenthesi
3238 5719 3252 5757 :
3292 5700 3449 5758 «Sed
3499 5702 3654 5759 enim
3679 5713 3807 5761 tunc
