3972 6206
435 378 541 433 343

1274 370 1664 429 COLVENERII
1706 368 1979 427 SCHOLIA
2020 370 2084 424 IN
2127 368 2295 424 HlST.
2338 367 2625 423 REMENS.
2668 364 2930 421 ECCLES.

3677 369 3787 427 3-H

439 502 822 562 ostenditesse
885 501 1048 570 hujus
1101 501 1363 574 Remigii,
1422 514 1534 557 non
1581 506 1762 556 autem
1814 499 2635 575 RemigiiAFontanellensem
2682 496 3037 563 monachum,
3093 497 3241 568 apud
3287 497 3509 552 Surium
3565 506 3705 554 tom.
3739 503 3783 555 ll

438 590 957 657 Antissiodorensis,
999 590 1309 645 dissolvens
1333 606 1454 661 qua:
1472 597 1665 645 contra
1688 588 2045 657 objiciuntur.

439 685 595 739 Certe
627 697 739 738 non
768 680 947 736 solum
994 679 1377 745 Bellarminus,
1408 679 1503 733 sed
1528 686 1654 733 ante
1681 694 1807 732 eum
1849 676 2050 732 Cutlie-

2150 587 2240 642 die
2270 587 2339 641 20
2366 586 2564 651 Martii,
2595 585 2741 658 quod
2767 593 3063 657 postquam
3094 586 3163 641 ad
3209 586 3417 642 fontem
3488 604 3789 658 processe-

2152 681 2308 739 rat,a
2361 675 2516 730 fonte
2572 676 2771 745 pedem
2820 674 3137 741 retraxerit,
3196 675 3429 742 dicens;
3464 701 3490 723 «ι
3546 677 3673 733 Νοη
3724 696 3782 732 se

440 772 632 826 bertus
686 768 995 825 Tonstallus
1042 766 1427 821 Dunelmensis
1482 766 1778 836 episcopus
1809 764 1945 818 lib.t
1979 765 2050 819 De
2152 782 2340 822 carere
2364 780 2527 836 posse
2558 764 2834 821 consortio
2878 765 3350 835 przedecessorum
3400 781 3631 822 suorum
3668 767 3785 821 Fri-

439 860 669 917 veritate
695 856 941 929 corporis
966 862 1020 910 et
1050 854 1339 928 sanguinis
1366 854 1582 910 Domini
1617 854 1671 907 in
1697 854 2050 920 eucharistia,

439 954 635 1020 etpost
663 962 787 1001 eum
808 945 1051 1000 Joannes
1108 943 1357 997 Garetius
1392 942 1460 997 de
1489 943 1684 998 eodem
1727 951 2055 1018 argumento

440 1035 759 1092 centenario
788 1041 961 1096 sexto,
986 1033 1157 1088 citant
1187 1047 1251 1086 ex
1283 1030 1530 1103 Remigio
1564 1030 1821 1085 Remensi
1867 1030 2055 1085 archi-

442 1129 707 1200 episcopo
730 1126 1052 1198 praeclarum
1084 1123 1288 1187 locum,
1332 1123 1426 1194 qui
1463 1129 1638 1177 exstat
1668 1122 1723 1177 in
1749 1123 1836 1178 his
1863 1124 2057 1195 expla-

444 1219 779 1276 nationibus.
830 1216 992 1271 Addit
1048 1215 1415 1271 Cuthebertus
1456 1232 1471 1270 :
1507 1241 1530 1263 κ
1598 1217 1766 1285 Hujus
1823 1215 2060 1292 Remigii

443 1310 643 1369 librum
669 1322 842 1361 unum
871 1315 1035 1377 atque
1092 1306 1325 1360 alterum
1368 1312 1580 1360 vetusta
1608 1306 1842 1377 scriptos
1872 1323 2059 1373 manu,

443 1412 611 1475 atque
648 1401 798 1458 illius
826 1400 1121 1472 inscriptos
1178 1398 1405 1455 nomine
1446 1415 1548 1455 nos
1596 1399 1893 1472 aliquando
1920 1400 2064 1456 vidi-

2155 878 2350 918 sonum
2379 862 2713 934 principum,
2744 870 2803 918 et
2828 878 2950 917 cum
2999 877 3168 931 parvo
3204 881 3510 935 pauperum
3546 881 3784 921 numero

2159 952 2403 1007 residere
2461 951 2517 1005 in
2561 968 2733 1025 regno
2784 952 3017 1009 cmlesti.
3074 974 3096 1004 ι
3160 954 3603 1028 lnterrogaverat
3626 958 3780 1011 enim

2160 1042 2501 1112 episc0pum,
2534 1048 2593 1097 ut
2620 1048 2768 1096 esset
2793 1042 2970 1112 major
2995 1058 3120 1113 pars
3143 1044 3458 1116 principum
3479 1061 3580 1100 seu
3613 1046 3784 1102 nobi-

2162 1136 2297 1192 lium
2348 1136 2530 1212 gentis
2575 1136 2895 1204 Frisonicaz,
2951 1138 3008 1192 in
3059 1138 3152 1193 illa
3177 1139 3436 1195 videlicet
3455 1141 3788 1207 ccclesti,an

2164 1228 2221 1283 in
2250 1244 2315 1284 ea
2339 1245 2502 1299 quam
2524 1228 3057 1302 dicebatepiscopus
3082 1232 3337 1287 Tartarea
3357 1232 3607 1303 regione.
3632 1232 3787 1287 Idem

2163 1321 2330 1377 refert
2358 1321 2682 1396 Sigebertus
2734 1324 2790 1379 in
2822 1323 3022 1379 Chron.
3074 1340 3222 1381 anno
3280 1325 3405 1391 718,
3440 1326 3526 1380 his
3552 1324 3748 1381 verbis
3776 1345 3790 1380 :

2170 1438 2186 1463 ι
2224 1415 2527 1470 Rabbodus
2551 1416 2663 1471 dux
2691 1416 3001 1481 Frisonum,
3056 1418 3451 1490 praedicatione
3497 1417 3793 1474 Vulfranni

444 1512 589 1550 mus.
611 1492 991 1565 Villalpandus
1046 1498 1232 1547 autem
1285 1491 1340 1545 in
1371 1490 1518 1546 dicta
1540 1491 1862 1563 praefatione
1892 1501 2061 1547 testa-
2160 1504 2407 1576 episcopi
2430 1504 2499 1559 ad
2543 1505 2649 1561 hoc
2679 1505 2938 1561 inductus
2969 1512 3029 1561 ιιι
3079 1506 3346 1578 bapuuri
3373 1506 3628 1572 deberet,
3660 1523 3788 1561 cum

447 1596 535 1642 tur
562 1585 619 1641 in
670 1585 840 1640 variis
893 1583 1051 1639 libris
1101 1582 1427 1638 monasterii
1487 1581 1831 1637 Cassinensis
1882 1584 2060 1639 varias
2161 1609 2329 1649 unum
2363 1593 2561 1664 pedem
2593 1592 2650 1649 in
2684 1595 2899 1650 ιδνεοιιο
2945 1595 3282 1663 intimasset,
3312 1595 3550 1653 alterum
3580 1597 3787 1668 pedem

447 1673 714 1732 asservari
760 1673 1037 1737 homilias.
1093 1687 1216 1743 quae
1270 1671 1509 1746 Remigii
1557 1671 1804 1742 episcopi
1858 1687 2060 1728 nomen
2164 1683 2470 1749 retrahens,
2495 1682 2853 1754 interrogavit
2881 1685 3109 1739 ubinam
3140 1685 3329 1757 plures
3348 1701 3581 1748 suorum
3607 1687 3791 1755 majo-

446 1773 613 1834 atque
632 1763 1050 1835 inscriptionem
1074 1762 1333 1817 retinent.
1387 1762 1493 1816 Res
1543 1768 1727 1817 tamen
1775 1763 1893 1817 haec
1924 1762 2058 1816 mihi
2090 1823 2132 1848 ἢ
2166 1791 2282 1831 mm
2322 1781 2522 1839 ρεδεηι,
2559 1776 2613 1830 in
2655 1776 2873 1832 inferno
2896 1792 2966 1832 an
2995 1777 3053 1831 in
3085 1777 3343 1848 paradiso
3365 1776 3464 1832 τθι
3490 1784 3717 1834 (παρη.

448 1823 685 1910 necdum
718 1823 867 1908 cer'ta
894 1859 996 1907 est.
1033 1852 1126 1907 Est
1163 1867 1304 1922 opus
1358 1850 1414 1905 in
1444 1849 1560 1906 filio
1609 1851 1865 1906 Hanovize
1895 1866 2060 1906 excu-
2090 1823 2135 1890 Β

447 1962 566 2001 sum
597 1961 743 2001 anno
771 1944 924 2011 l6l3,
965 1943 1053 1999 cui
1108 1943 1301 1998 titulus
1331 1962 1347 1999 :
1381 1944 1582 2013 Corpus
1612 1945 2065 1999 Francim’Histo-

2176 1956 2492 2014 Clodoweus
2548 1967 2673 2012 ortu
2724 1966 2821 2012 aut
2873 1957 3088 2031 origine
3133 1956 3367 2013 Geldrus
3401 1956 3598 2013 fuisse.
3660 1959 3795 2015 Nam

449 2038 547 2091 rios
572 2036 765 2089 veteris
816 2038 866 2089 et
919 2036 1161 2088 sincerae.
1213 2034 1272 2088 In
1329 2047 1396 2087 eo
1445 2038 1527 2086 est
1557 2038 1823 2086 tractatus
1869 2029 2067 2084 multas

2176 2047 2398 2103 Geldros
2430 2046 2632 2120 Belgiee
2655 2053 2860 2101 nostrae
2914 2029 3153 2117 populos
3207 2046 3336 2101 olim
3371 2046 3552 2103 dictos
3568 2048 3789 2103 Sicam—

450 2125 741 2180 εοηίίηθηδ
775 2139 965 2197 regum
1005 2129 1061 2177 εἴ
1110 2122 1499 2193 episcoporum
1525 2121 1807 2191 θρίδιοῖαεν
1841 2129 1888 2174 (⁵³⁸
1927 2120 2069 2174 inter
2170 2136 2318 2200 bros,
2351 2136 2510 2191 multi
2539 2143 2860 2191 constanter
2905 2142 3181 2201 asserunt,
3235 2143 3291 2191 et
3321 2136 3467 2190 inter
3523 2153 3626 2193 eos
3660 2138 3795 2193 Her-

452 2226 677 2273 cteteras
714 2222 949 2288 quatuor
999 2221 1130 2270 sunt
1196 2214 1452 2285 Remigii,
1507 2214 1628 2267 dure
1679 2213 1939 2268 videlicet
1996 2212 2065 2267 ad

454 2313 808 2375 Clodoveum,
833 2326 1062 2381 quarum
1090 2309 1269 2381 prima
1337 2317 1419 2363 est
1448 2307 1836 2374 consolataria,
1862 2307 1929 2362 de
1956 2323 2066 2378 qua

453 2418 640 2473 supra,
674 2401 834 2456 tertia
866 2399 1135 2462 Heraclio,
1195 2397 1363 2453 Leoni
1386 2404 1439 2451 et
1500 2397 1809 2452 Theodosio
1840 2397 2065 2468 episco-

456 2491 561 2563 pis,
584 2496 776 2562 quarta
807 2487 1029 2543 Fulconi
1061 2487 1325 2557 episc0po
1354 2485 1631 2556 dirigitur.

526 2583 864 2651 Quaecunque
888 2581 1176 2646 detulerat,
1209 2594 1523 2649 quamquam
1573 2579 1806 2632 mercari
1822 2580 2059 2647 paratis,

456 2674 603 2744 quod
638 2675 795 2738 civis,
833 2687 926 2726 nec
954 2676 1072 2725 erat
1100 2670 1393 2739 injustam,
1423 2684 1526 2738 pro
1554 2684 1776 2723 munere
1816 2669 2062 2735 ingessit.

456 2764 533 2817 Ex
562 2763 835 2834 Operibus
890 2759 1106 2816 Sidonii
1163 2758 1440 2831 castigatis
1491 2756 1674 2812 studio
1716 2757 1945 2812 Joannis
1970 2757 2069 2812 Sa-

457 2854 698 2921 varonis,
753 2852 971 2908 restitui
1028 2853 1277 2906 voculam
1320 2853 1539 2920 paratis
1592 2865 1690 2920 pro
1734 2855 1986 2920 paratus,
2020 2857 2075 2905 et

460 2946 594 3000 civis
616 2959 714 3016 pro
741 2943 919 3013 cujus,
950 2948 1005 2997 et
1032 2939 1176 2995 infra
1225 2938 1329 2994 tria
1360 2938 1466 2993 alia
1499 2937 1668 2992 verba
1698 2956 1711 3003 ;
1737 2938 1975 2993 vicissim
2011 2955 2074 2992 ex

2167 2241 2362 2280 manus
2392 2242 2423 2279 a
2452 2225 2706 2279 Nuenare
2739 2224 2793 2279 in
2846 2225 3163 2280 narratione
3208 2225 3284 2279 De
3342 2224 3561 2300 origine
3621 2233 3681 2281 et
3709 2242 3798 2281 se-

2166 2314 2332 2368 dibus
2377 2314 2680 2385 priscorum
2734 2315 3089 2380 Francorum,
3140 2320 3195 2368 et
3243 2314 3297 2368 in
3326 2314 3791 2370 commentariolo

2165 2404 2233 2457 de
2256 2403 2426 2458 Gallia
2480 2404 2710 2476 Belgica.
2766 2405 2838 2457 De
2892 2404 2994 2459 hac
3053 2419 3111 2459 re
3141 2402 3395 2457 videatur
3441 2402 3696 2458 Molanus
3736 2404 3791 2458 in

2164 2493 2338 2548 Natal.
2360 2494 2449 2549 SS.
2478 2494 2670 2569 Belgii,
2712 2495 2801 2549 die
2825 2495 2890 2548 15
2917 2494 3190 2549 Janmrii.

2238 2587 2403 2642 Porro
2426 2587 2481 2640 in
2513 2602 2677 2658 quem
2710 2587 3149 2641 Dominiannum
3184 2585 3442 2641 inciderit
3472 2585 3789 2657 baptismus

2172 2674 2428 2731 Clodovei
2456 2692 2565 2730 non
2596 2691 2789 2730 omnes
2810 2676 3185 2731 consentiunt.
3240 2676 3365 2730 Post
3397 2674 3566 2730 finem
3597 2692 3794 2731 exem-

2174 2763 2343 2838 plaris
2364 2764 2431 2818 M.
2456 2765 2651 2819 eadem
2699 2780 2865 2819 manu
2897 2781 3005 2836 qua
3037 2764 3302 2835 scriptum
3335 2771 3417 2819 est
3440 2764 3579 2818 illud
3605 2779 3799 2819 exem-

2176 2854 2316 2924 plar,
2348 2854 2465 2907 hare
2492 2859 2619 2907 sunt
2636 2853 2871 2921 adjecta,
2894 2862 2949 2908 et
2989 2852 3213 2925 quidem
3248 2851 3484 2927 integris
3528 2851 3804 2908 dictioni-

2179 2943 2301 3008 bus,
2332 2958 2446 2998 non
2502 2942 2646 2997 notis
2706 2957 3083 3009 numerorum,
3150 2940 3204 2995 in
3251 2941 3455 3013 quibus
3504 2940 3685 2995 facilis
3718 2951 3803 2996 est

461 3043 651 3091 nostro
673 3041 917 3099 auctore,
942 3031 997 3086 in
1038 3032 1235 3087 eadem
1289 3030 1501 3086 Sidonii
1547 3030 2079 3100 epistola.poterunt
2180 3035 2411 3105 lapsus:
2451 3056 2470 3083 ι
2525 3034 2603 3087 Ab
2652 3033 3028 3089 incarnatione
3086 3035 3301 3091 Domini
3369 3035 3438 3090 ad
3502 3036 3799 3091 transitum

462 3143 660 3185 novem
686 3134 781 3182 aut
809 3125 1003 3181 decem
1058 3125 1178 3180 loca
1231 3124 1466 3180 restitui.
1502 3123 1589 3178 Sic
1642 3132 1825 3177 autem
1872 3122 2078 3176 ibidem
2124 3196 2139 3199 Α
2179 3124 2351 3179 sancti
2412 3122 2627 3177 Martini
2687 3123 2814 3176 anni
2849 3122 3227 3198 quadringinti
3259 3123 3630 3199 quadraginta
3672 3132 3800 3180 tres.

465 3222 669 3299 legitur
697 3221 818 3276 haec
838 3218 1116 3275 sententia
1152 3236 1165 3273 :
1213 3239 1233 3267 ι
1274 3216 1547 3288 Quidquid
1579 3216 1871 3280 detulerat,
1905 3196 2151 3287 quan-C
2179 3216 2256 3269 Ab
2306 3215 2684 3271 incarnatione
2750 3213 2967 3268 Domini
3039 3196 3111 3268 ad
3159 3196 3503 3286 baptismum
3560 3216 3804 3271 Franco-

464 3326 631 3384 quam
659 3308 891 3366 mercari
950 3307 1176 3380 paratis,
1239 3306 1388 3378 quod
1434 3312 1621 3360 tamen
1680 3312 1740 3359 ut
1768 3303 1922 3369 civis,
1980 3318 2081 3357 nec
2183 3306 3137 3381 rumanniquingentiquadraginta
3159 3307 3802 3364 dqubinearnatione

464 3409 582 3457 erat
606 3400 893 3469 injustum,
928 3414 1028 3469 pro
1069 3412 1301 3452 munere
1347 3395 1596 3469 ingessit.
1656 3392 1857 3448 Eodem
1914 3392 2069 3447 modc

2182 3405 2398 3460 Domini
2428 3419 2604 3474 usque
2623 3402 2690 3457 ad
2722 3400 3013 3457 transitum
3049 3399 3309 3456 Clodovei
3341 3401 3473 3456 anni
3507 3401 3803 3477 quingenti

464 3491 602 3566 Ῑθὲίί
629 3489 801 3546 editio
827 3504 951 3544 cum
1022 3488 1169 3542 ηοίίδ
1217 3486 1448 3542 Joannis
1500 3485 1571 3538 de
1626 3482 1978 3549 wouwere":
2028 3490 2083 3537 et
2183 3499 2589 3572 quinquaginta
2637 3513 2749 3552 sex.
2812 3496 2891 3550 Ab
2940 3495 3319 3551 incarnatione
3378 3495 3599 3551 Domini
3626 3512 3807 3567 usque

467 3583 612 3639 Petri
653 3580 960 3648 Colvii,nisi
1006 3579 1155 3650 quod
1206 3579 1261 3632 in
1291 3576 1477 3631 medio
1517 3576 1591 3630 ita
1618 3575 1761 3646 legat
1792 3579 1846 3628 et
1876 3573 2078 3627 distin-

465 3682 617 3748 guat,
649 3674 791 3729 facta
816 3670 1133 3745 parenthesi
1161 3670 1325 3740 (quod
1368 3674 1545 3721 tamen
1592 3666 1747 3734 cujus
1794 3680 1887 3719 nec
1941 3669 2074 3731 erat,

466 3767 751 3836 injustuml
783 3764 926 3820 sicut
971 3774 1026 3819 et
1079 3762 1215 3817 alias
1258 3762 1314 3815 in
1346 3760 1540 3815 eadem
1580 3758 1814 3829 epistola
1852 3757 2081 3811 mendas

469 3861 655 3924 habet,
682 3866 741 3914 ut
772 3857 943 3913 editio
968 3853 1259 3910 Savaronis
1287 3851 1486 3907 merito
1542 3851 1613 3906 sit
1644 3849 2009 3922 praeferenda,
2033 3849 2078 3904 si

467 3965 532 4005 ex
564 3963 754 4023 ungue
782 3947 996 4002 leonem
1025 3943 1277 4013 judicare
1306 3940 1390 3996 fas
1419 3948 1520 3995 est.

1089 4039 1299 4097 CAPUT
1320 4038 1464 4093 Xlll.

540 4139 840 4207 Siagrium.
875 4139 1175 4191 Romanum
1226 4132 1509 4203 quemdam
1535 4132 1854 4201 principem.
1892 4128 1941 4181 ls
1962 4133 2080 4182 erat

469 4227 669 4300 [Egidii
697 4224 861 4292 filius,
893 4224 1002 4279 dux
1034 4223 1427 4289 Romanorum,
1473 4219 1566 4291 qui
1611 4217 1908 4272 Suessione
1940 4216 2080 4270 resi-

469 4321 657 4376 debat.
689 4318 915 4393 Gregor.
946 4314 1280 4371 Turonensis
1316 4313 1413 4368 lib.
1468 4329 1505 4366 u
1546 4311 1679 4365 Hist.
1721 4310 2076 4374 Francorum,

470 4427 521 4467 c.
549 4410 618 4465 27
649 4425 663 4477 ;
695 4408 882 4483 Sigeb.
923 4407 980 4462 in
1009 4405 1278 4461 Chronico
1302 4419 1446 4459 anno
1474 4402 1600 4468 489,
1626 4416 1736 4474 quo
1757 4416 1884 4456 eum
1916 4415 2083 4456 occu-

470 4500 657 4557 buisse
682 4499 892 4556 scribit.

541 4592 653 4658 Quo
704 4589 978 4661 quondam
1025 4602 1173 4642 secus
1228 4585 1413 4639 urbem
1468 4585 1751 4639 Remorum
1790 4580 2083 4634 transitum

469 4683 721 4752 faciente.
751 4679 970 4735 Scilicet
1001 4692 1101 4748 per
1136 4674 1279 4730 viam
1308 4689 1431 4746 quae
1477 4687 1653 4742 usque
1677 4669 1868 4734 hodie,
1900 4667 2083 4738 inquit

474 4772 817 4835 Hincmarus,
845 4772 1071 4839 prepter
1093 4763 1454 4819 barbarorum
1505 4777 1605 4831 per
1634 4776 1754 4815 eam
1786 4759 1909 4824 iter,
1943 4758 2079 4811 Bar-

472 4861 658 4916 barica
687 4863 1058 4929 nuncupatur,
1089 4853 1313 4919 Gallice,
1357 4867 1454 4905 rue
1507 4851 1573 4905 de
1628 4849 1910 4914 Barbatre,
1943 4856 1998 4902 et
2024 4846 2081 4900 in

472 4966 538 5007 ea
563 4948 721 5004 vicus
736 4948 1051 5010 Barbastre,
1073 4950 1133 4999 ut
1160 4942 1215 4996 in
1242 4940 1621 5011 manuscripto
1652 4953 1753 4994 suo
1783 4936 2081 5008 exemplari

473 5043 756 5103 adnotavit
801 5041 1058 5099 Nicolaus
1089 5039 1395 5094 Chesneau.
1446 5037 1519 5091 De
1579 5033 1668 5089 his
1719 5040 1902 5088 autem
1960 5047 2082 5104 quae

474 5135 870 5191 describuntur
900 5133 1005 5188 hoc
1025 5146 1149 5202 cap.
1177 5128 1290 5204 agit
1318 5126 1413 5183 ubi
1433 5141 1600 5197 supra
1626 5124 1852 5199 Gregor.
1876 5122 2059 5178 Turon

473 5243 594 5299 cap.
616 5225 806 5282 27-31.

543 5321 657 5389 Quo
702 5321 826 5375 vita
879 5317 1082 5384 fontem
1128 5314 1386 5386 perennis
1439 5314 1699 5379 ingresso.
1761 5308 1899 5364 Nota
1952 5306 2085 5363 olim

471 5405 839 5467 babtizandos
864 5404 1083 5480 ingredi
1105 5403 1310 5471 solere,
1361 5401 1553 5456 saltem
1580 5398 1914 5470 pubetenus,
1954 5395 2085 5451 fon-

2180 3589 2249 3645 ad
2306 3588 2594 3643 transitum
2660 3586 2712 3640 S.
2750 3584 2987 3660 Remigii
3037 3584 3169 3639 anni
3227 3583 3526 3657 quingenti
3577 3593 3803 3654 septua-

2180 3682 2335 3756 ginta
2364 3681 3028 3752 quinquecomputantur.
3054 3700 3078 3724 ιο
3098 3677 3188 3731 Sic
3229 3675 3328 3730 ibi.
3356 3675 3467 3730 Sed
3501 3675 3624 3731 haec
3656 3676 3807 3730 mal-

2182 3774 2251 3829 tis
2274 3772 2454 3828 modis
2505 3787 2535 3826 a
2577 3785 2706 3826 vero
2764 3767 3050 3825 deﬁciunt.
3109 3766 3365 3823 Nicolaus
3417 3765 3708 3822 Chesneau
3744 3767 3800 3820 in

2183 3863 2541 3920 translatione
2582 3878 2682 3917 sua
2730 3861 2934 3916 Gallica
2983 3861 3090 3915 hoc
3148 3858 3271 3913 loco
3304 3857 3542 3929 margini
3572 3856 3803 3926 adjecit,

2180 3952 2510 4009 Clodoveum
2543 3967 2663 4007 esse
2687 3949 3023 4021 baptizatum
3068 3947 3124 4002 in
3146 3945 3333 4019 vigilia
3377 3945 3622 4010 Paschaa,
3651 3961 3803 4000 anno

2176 4044 2304 4110 497,
2334 4042 2489 4117 regni
2519 4040 2603 4095 sui
2632 4040 2725 4107 25,
2753 4039 3005 4111 quamvis
3056 4036 3203 4091 idem
3246 4034 3302 4089 in
3361 4034 3692 4105 praefatione
3733 4037 3803 4089 ad

2180 4134 2385 4189 clerum
2416 4137 2469 4186 et
2522 4128 2785 4201 p0pulum
2840 4128 3191 4186 Remensem,
3232 4123 3571 4194 baptizatum
3601 4124 3806 4180 dixerit

2180 4236 2325 4277 anno
2348 4221 2664 4286 biﬁutest
2718 4217 2774 4271 in
2828 4215 2938 4283 line
2989 4213 3122 4269 dicti
3156 4212 3508 4283 exemplaris.
3542 4211 3806 4283 Margati-

2180 4332 2284 4371 nus
2310 4315 2376 4369 de
2399 4313 2451 4369 la
2480 4313 2653 4387 Bigne
2681 4311 2735 4366 in
2786 4311 2964 4365 indice
3002 4306 3395 4381 chronologico
3439 4306 3804 4362 Bibliotheca:

2182 4408 2401 4462 Patrum
2431 4403 2691 4459 secundae
2719 4411 2773 4456 et
2810 4401 2981 4455 tertiae
3030 4396 3312 4459 editionis,
3338 4399 3543 4452 saeculo
3575 4397 3801 4469 quinto,

2104 4499 2236 4589 Din
2266 4496 2565 4589 Claudiano
2616 4493 2874 4548 Mamerto
2924 4490 3056 4589 dicit
3086 4489 3421 4587 Clodoveum
3448 4488 3802 4589 baptizatum

2182 4602 2328 4641 anno
2357 4586 2485 4648 452,
2508 4584 2615 4638 hoc
2639 4588 2963 4637 estcentum
3009 4579 3121 4633 fere
3153 4577 3314 4631 annis
3331 4576 3517 4632 citius.
3546 4578 3615 4632 At
3646 4577 3806 4646 juxta

2182 4677 2474 4750 Sigeberti,
2514 4673 2825 4731 Sebastiani
2882 4670 3168 4737 Munsteri,
3231 4668 3463 4723 Joannis
3510 4668 3701 4734 Tielii,
3748 4676 3800 4722 et

2184 4768 2399 4824 Baronii
2426 4766 2875 4839 chronologicam
2931 4762 3242 4833 baptizatus
3266 4767 3348 4814 est
3374 4775 3525 4814 anno
3565 4760 3695 4815 499.
3728 4761 3804 4814 Ab

2182 4858 2270 4914 his
2296 4872 2408 4912 non
2440 4856 2605 4931 longe
2635 4854 2844 4910 recedit
2874 4851 3158 4907 Aimonius
3203 4849 3260 4902 in
3312 4846 3426 4902 fine
3483 4848 3611 4903 libri
3641 4849 3805 4920 primi

2184 4952 2259 5006 De
2285 4946 2455 5021 gestis
2480 4946 2837 5011 Francorum,
2889 4942 3141 4998 scribens
3171 4939 3508 4996 Clodoveum
3537 4956 3807 5013 regnasse

2183 5043 2344 5098 annis
2368 5042 2437 5099 30
2457 5040 2736 5098 etobiisse
2757 5052 2903 5091 anno
2936 5034 3234 5090 Dominicae
3255 5032 3660 5087 incarnationis
3674 5032 3807 5087 514.

2186 5132 2553 5188 Consentiunt
2581 5129 2727 5184 enim
2748 5125 3000 5198 plerique
3023 5137 3148 5177 eum
3165 5136 3285 5175 esse
3304 5119 3648 5190 baptizatum
3662 5135 3808 5175 anno

2188 5226 2344 5303 regni
2408 5225 2493 5281 sui
2535 5224 2624 5290 15,
2671 5228 2732 5277 ιιι
2786 5221 3031 5276 Joannes
3070 5214 3431 5283 Trithemius,
3480 5213 3807 5271 Franciscus

2187 5319 2521 5376 Belforestus
2549 5316 2608 5371 in
2634 5312 2935 5369 Annalibus
2974 5310 3327 5373 Francorum,
3365 5313 3421 5361 et
3458 5306 3575 5363 alii.
3606 5307 3686 5362 Ab
3712 5306 3810 5361 iis-

2188 5409 2314 5464 dem
2347 5421 2570 5479 quoque
2599 5418 2793 5476 parum
2811 5407 2905 5456 aut
2936 5398 3079 5454 nihil
3105 5394 3575 5466 dissentiunt,qui
3606 5396 3807 5451 docent

469 5494 1017 5568 tembaptismalem,
1068 5508 1180 5549 non
1230 5497 1437 5558 autem,
1498 5496 1558 5544 ut
1598 5503 1750 5544 nunc
1802 5485 1884 5553 fit,
1924 5501 2069 5555 capu

2188 5512 2316 5551 eum
2368 5494 2520 5550 fonte
2572 5488 2918 5562 baptismatis
2959 5487 3132 5542 lotum
3180 5482 3350 5538 fuisse
3390 5498 3541 5538 anno
3601 5482 3806 5549 500,ut

469 5594 687 5642 tantum
714 5600 856 5657 aqua
881 5583 1158 5655 perfundi
1193 5581 1431 5636 Probat“
1476 5579 1533 5634 id
1585 5577 1829 5649 antiquae
1858 5575 2087 5647 Ρίοῑυτεὲ
2187 5588 2464 5653 Masszeus,
2496 5584 2852 5649 Belforestus,
2877 5576 3267 5636 Genebrardus
3312 5583 3368 5629 et
3396 5574 3494 5630 alii
3529 5575 3803 5631 recentio—

471 5672 806 5730 ethistoriae.
831 5672 985 5728 Unde
1015 5671 1086 5725 de
1137 5668 1411 5725 Rabbodo
1457 5667 1742 5721 Frisonum
1773 5666 1914 5720 duce
1946 5662 2085 5734 legi-
2186 5694 2291 5733 τρε,
2325 5677 2455 5732 cum
2486 5675 2635 5732 enim
2679 5680 2896 5731 constet
2951 5686 3074 5725 cum
3132 5667 3470 5739 baptizatum
3522 5666 3694 5722 fuisse
3750 5666 3800 5719 in

470 5758 637 5814 ῑιπίη
667 5757 785 5813 Vim
811 5760 866 5814 δυ
893 5757 1140 5812 νυιῖηηί
1182 5754 1453 5826 θΡί⁵⁰⁰Ρί›
1505 5753 1710 5824 scripta
1756 5769 1854 5824 Ρθι·
1883 5752 2078 5808 “nam
2180 5768 2367 5841 vigilia
2397 5769 2640 5835 Paschae,
2675 5775 2732 5823 et
2783 5764 2922 5835 stylo
2961 5760 3268 5825 Gallicana,
3302 5755 3372 5812 ad
3405 5766 3600 5814 nostra
3625 5774 3797 5829 usque
