3972 6206
238 363 340 420 345

1557 363 1618 417 ΙΝ
1665 361 1912 416 LIBRUM
1953 361 2233 417 PRIMUM.

3455 364 3558 421 316

236 503 480 564 tempora
509 493 672 547 etiam
705 493 758 546 in
792 493 978 566 Belgio
1025 493 1248 560 usitato,
1290 509 1466 548 annus
1495 494 1711 548 Domini
1756 494 1837 546 in-

1948 502 2206 564 scopatus
2232 494 2308 547 ibi
2351 510 2468 548 esse
2500 493 2803 561 constituit,
2838 502 2890 549 et
2937 495 3190 550 eumdem
3227 497 3281 550 in
3312 498 3558 552 fornica-

235 586 418 642 choari
441 585 676 641 soleata
713 585 850 639 festo
882 585 1124 650 Paschaa,
1158 585 1464 639 secundum
1511 585 1635 639 Illos
1664 584 1845 655 bapti-

233 683 381 728 zatus
413 673 512 727 fuit
544 673 738 727 ultimo
773 673 863 726 die
895 673 1023 726 anni
1048 672 1172 738 199,
1199 673 1502 726 secundum
1534 674 1636 726 hos
1667 673 1844 742 primo

231 765 318 818 die
348 764 477 818 anni
502 763 627 818 500.
663 764 870 827 Quibus
902 780 964 816 ex
992 762 1320 833 antiquitate
1341 763 1551 817 accedit
1593 763 1846 816 llincma-

231 872 319 910 rus
364 855 421 908 in
471 855 754 925 epitaphio
798 855 851 908 B.
905 854 1160 926 Remigii,
1217 855 1364 924 quod
1418 853 1650 909 refertur
1705 853 1845 908 infra

228 961 348 1015 cap.
373 945 461 1010 21,
491 945 544 998 111
579 961 688 1015 quo
720 944 1065 998 exactissime
1108 954 1322 1013 tempus
1352 944 1547 1005 aetatis,
1609 943 1840 997 ordina-

229 1033 412 1100 tionis,
439 1033 589 1086 sedis
631 1032 803 1102 ipsius
832 1040 885 1086 et
924 1032 1183 1102 baptismi
1217 1032 1543 1086 Francorum
1577 1032 1842 1101 exprimi-

227 1131 330 1180 tur.
367 1125 497 1181 Nam
519 1133 734 1179 constat
766 1141 831 1178 ex
853 1125 946 1179 illo
974 1124 1258 1194 epitaphio
1280 1125 1498 1178 beatum
1533 1125 1841 1198 Remigium

224 1222 468 1269 creatum
495 1213 666 1268 fuisse
689 1213 982 1267 Remorum
1015 1212 1335 1282 cpisc0pum
1360 1227 1504 1266 anno
1534 1211 1707 1265 aetatis
1729 1226 1842 1264 suae

219 1305 310 1369 22,
338 1302 623 1375 praefuisse
669 1301 829 1355 annis
871 1302 958 1366 74,
1009 1301 1212 1355 obiisse
1253 1315 1396 1354 anno
1455 1300 1668 1354 Domini
1709 1301 1836 1366 5H,

217 1395 396 1450 aetatis
443 1411 554 1448 suae
600 1394 688 1460 96,
747 1401 801 1448 et
845 1400 1067 1466 gentem
1114 1393 1444 1446 Francorum
1509 1391 1837 1462 baptizatam

218 1502 366 1541 anno
391 1485 516 1540 500.
574 1487 750 1550 Quare
790 1485 1034 1555 oportuit
1064 1500 1188 1538 eum
1231 1493 1474 1538 creatum
1508 1484 1678 1539 fuisse
1718 1483 1840 1554 epi-

217 1590 451 1644 scopum
483 1589 628 1628 anno
656 1573 778 1629 470.
811 1573 921 1628 Nec
941 1573 1009 1627 ab
1032 1573 1119 1626 his
1139 1573 1320 1643 quoad
1347 1573 1560 1627 obitum
1585 1575 1839 1630 dissentit

216 1665 564 1740 Sigebertns,
595 1665 688 1736 qui
728 1680 850 1718 eum
901 1665 1056 1734 ponit
1085 1675 1271 1719 natum
1325 1663 1490 1720 fuisse
1521 1682 1666 1720 anno
1711 1667 1837 1734 H9,

221 1765 470 1812 creatum
495 1756 816 1826 episcOpum
848 1757 974 1822 471,
1015 1763 1069 1810 01
1096 1757 1303 1811 obiisse
1343 1757 1467 1823 515,
1496 1757 1636 1811 sicut
1666 1767 1720 1812 et
1743 1757 1842 1811 Ja-

1951 586 2158 639 tionem
2203 603 2323 639 cum
2357 603 2454 640 sua
2511 587 2788 656 quondam
2833 603 3000 641 uxore
3059 590 3402 658 prolapsum,
3461 591 3557 643 sed

1946 679 2256 749 septennali
2317 677 2640 749 poenitentia
2673 687 2983 750 purgatum,
3029 688 3080 733 et
3135 681 3202 733 de
3250 681 3558 735 reclusione

1945 771 2132 825 divino
2184 770 2337 838 jussu
2397 771 2654 825 eductum
2698 771 2813 824 sedi
2869 787 2982 823 suae
3042 771 3294 825 restituit.
3353 796 3377 819 ιι
3436 772 3559 826 llaec

1943 859 2264 931 Sigebertus
2291 859 2539 928 sequitur
2581 860 2632 912 in
2665 859 2992 912 Flodoardo.

2012 953 2197 1020 Ibique
2223 952 2616 1014 Gcnelnuutum,
2643 967 2802 1004 carne
2829 953 3054 1004 nobilem
3080 954 3270 1004 rirmn.
3305 952 3558 1007 Nicolaus

1944 1039 2228 1093 Chesneau
2261 1039 2316 1091 in
2345 1042 2590 1110 margine
2623 1039 2836 1092 Gallicae
2865 1057 2976 1094 sure
2999 1041 3369 1095 translationis
3400 1049 3558 1096 vocat

1942 1142 2065 1181 cum
2125 1127 2402 1181 comitem.
2455 1127 2620 1179 Porro
2679 1135 2860 1180 nostra
2890 1128 3225 1196 exemplaria
3287 1138 3556 1199 perpetuo

1942 1216 2130 1287 legunt
2157 1215 2572 1267 Genebaudnm.
2612 1215 2665 1267 In
2702 1215 2991 1269 llincmaro
3022 1217 3167 1284 apud
3203 1218 3418 1270 Surium
3452 1234 3556 1273 vo-

1941 1313 2096 1357 catur
2122 1302 2490 1367 Genebaldus,
2538 1302 2612 1356 uti
2648 1310 2700 1356 et
2734 1303 2788 1356 in
2831 1303 3032 1357 tabulis
3065 1304 3434 1367 Democharis,
3465 1307 3556 1376 qui

1942 1396 2091 1449 addit
2121 1413 2150 1449 a
2182 1396 2512 1465 quibusdam
2551 1395 2868 1462 Geraldum,
2903 1395 2968 1448 ab
3005 1396 3128 1449 aliis
3161 1395 3555 1450 Genebaudum

1942 1485 2070 1548 dici,
2106 1485 2384 1555 quomodo
2433 1485 2594 1538 etiam
2627 1484 2761 1557 legit
2799 1484 3118 1538 llincmarus
3152 1485 3562 1554 manuscriptus

1943 1582 1994 1634 in
2027 1581 2206 1634 Monte
2261 1580 2314 1635 8.
2351 1581 2530 1652 Eligii.
2585 1581 2877 1634 Diversitas
2924 1597 2987 1633 ex
3029 1597 3095 1635 eo
3135 1590 3262 1634 nata
3319 1580 3555 1635 videtur.

1941 1673 2070 1743 quia
2129 1689 2193 1726 ex
2223 1688 2358 1726 voce
2411 1672 2614 1727 Gallica
2658 1673 2988 1737 Gcnebauld,
3049 1672 3141 1726 alii
3184 1689 3220 1726 u
3269 1672 3558 1740 adjiciunt,

1943 1761 2031 1815 alii
2061 1763 2097 1816 ι.

215 1847 396 1903 cobus
428 1847 674 1918 Meycrus
729 1848 783 1900 in
826 1847 1127 1901 Annalibus
1185 1848 1470 1902 Flaudrim.
1524 1848 1653 1901 Nam
1715 1864 1837 1901 cum
1871 1833 1921 1899 Β
2016 1855 2336 1922 Tacitnsque
2368 1858 2477 1908 tam
2507 1856 2616 1906 viri
2646 1870 2814 1923 quam
2853 1855 3094 1908 milliens
3126 1853 3294 1906 ardor
3316 1855 3373 1906 in
3403 1854 3559 1907 corde

216 1943 423 1999 obierit
453 1943 520 1996 13
548 1941 816 2005 Januarii,
850 1958 994 1995 unus
1022 1941 1280 2013 idemque
1311 1958 1490 2001 annus
1519 1942 1842 2012 incipiendo

213 2051 244 2090 a
297 2033 563 2088 Januario
595 2040 677 2087 est
726 2032 848 2095 515,
895 2049 924 2086 a
961 2033 1222 2087 Paschato
1256 2032 1338 2102 (ut
1388 2032 1521 2086 Galli
1576 2033 1843 2088 hactenus

218 2139 396 2194 usque
429 2123 496 2176 ad
521 2132 768 2193 tempora
798 2121 972 2176 Caroli
1008 2123 1073 2175 IX
1095 2124 1576 2193 computaverunt)
1607 2124 1838 2177 081544.

218 2215 311 2269 His
346 2221 530 2268 tamen
563 2229 674 2268 non
705 2214 998 2279 consentit,
1023 2214 1170 2284 quod
1189 2214 1424 2280 Flavius,
1457 2215 1550 2285 qui
1581 2221 1703 2284 post
1732 2215 1842 2267 Ro-

215 2320 443 2358 manum
481 2303 537 2357 B.
583 2303 833 2376 Remigio
864 2302 1149 2366 successit,
1182 2301 1395 2373 legatur
1437 2303 1839 2373 subscripsisse

213 2395 460 2450 concilio
480 2394 826 2455 Arvernensi,
865 2394 1144 2448 celebrato
1175 2409 1320 2448 anno
1350 2395 1443 2449 511
1463 2435 1475 2460 ,
1495 2395 1646 2462 juxta
1675 2396 1841 2449 Baro-

215 2488 373 2542 nium
416 2487 509 2549 (uti
541 2502 760 2540 mecum
790 2486 957 2540 sentit
990 2485 1256 2557 praefatus
1287 2486 1612 2540 Guillelmus
1657 2487 1708 2540 le
1739 2488 1838 2541 Be—

212 2578 372 2649 gue),
404 2574 548 2645 quod
586 2581 753 2643 ponat
787 2574 922 2628 illud
979 2575 1274 2629 concilium
1315 2575 1656 2629 Arvernense
1689 2575 1836 2629 dicto

211 2681 370 2720 anno
397 2664 758 2733 celebratum,
790 2681 913 2719 cum
939 2666 1121 2736 potius
1146 2667 1214 2720 15
1244 2673 1334 2719 aut
1362 2667 1428 2719 ’16
1452 2667 1614 2719 annis
1649 2674 1837 2736 postea

213 2757 474 2812 habitum
499 2757 588 2811 sit.

284 2848 429 2902 Cum
481 2846 722 2915 quodam
772 2849 1085 2913 Baga-nario
1121 2848 1369 2915 principe
1400 2852 1550 2900 trans
1593 2848 1842 2902 Somna-m

209 2944 313 3010 [tuo
331 2943 466 2994 ium.
503 2940 560 2994 Id
591 2948 673 2995 est
703 2941 1006 3006 Dameraci,
1040 2949 1098 2995 ut
1129 2941 1353 3011 exponit
1383 2941 1501 2995 haec
1529 2940 1695 2994 verba
1728 2942 1842 2994 Bal-

210 3031 461 3095 dericus,
482 3037 638 3084 antor
684 3028 936 3084 Chronici
991 3028 1401 3083 Cameracensis
1443 3029 1539 3082 lib.
1569 3047 1606 3096 1,
1635 3047 1752 3100 cap.
1785 3033 1836 3096 4,

209 3120 300 3173 11111
348 3118 503 3188 plura
533 3118 602 3172 de
625 3117 730 3172 isto
755 3117 1084 3190 Raganario,
1118 3118 1234 3172 sive
1268 3125 1326 3171 ut
1348 3118 1464 3188 ipse
1496 3119 1706 3181 scribit,
1739 3121 1842 3174 Ra-

207 3206 540 3282 gnachario.
576 3206 660 3260 MS
694 3207 948 3260 Somnam
979 3213 1033 3260 et
1064 3207 1242 3260 codex
1286 3209 1607 3261 monasterii
1647 3209 1700 3261 8.
1730 3210 1839 3263 Re-
1863 3199 1910 3266 C

209 3295 400 3371 migii,
443 3303 503 3350 ut
567 3301 718 3350 notat
779 3296 1032 3350 Nicolaus
1084 3295 1390 3363 Chesneau,
1432 3298 1525 3368 qui
1568 3309 1750 3353 tamen
1787 3300 1842 3353 in

213 3396 369 3444 textu
403 3388 571 3443 habet
623 3390 921 3453 Somenam,
968 3396 1021 3444 et
1079 3389 1259 3444 Galice
1292 3390 1454 3445 vertit
1508 3392 1715 3446 Somne.
1758 3393 1842 3445 Si-

214 3481 431 3536 militer
458 3482 738 3536 Somenam
767 3481 999 3535 habetJ.
1035 3488 1090 3536 et
1113 3481 1438 3555 Sigebertus
1470 3498 1614 3537 anno
1646 3485 1767 3537 4-ιῦ.

284 3575 530 3640 Prwfato
559 3589 682 3640 rege
713 3575 1001 3628 Ludovico.
1040 3575 1117 3628 Ita
1149 3574 1195 3627 M
1237 3573 1291 3628 C.
1326 3591 1449 3628 cum
1484 3575 1529 3628 Μ
1561 3575 1700 3629 infra
1732 3575 1843 3631 fere

213 3681 446 3735 semper
469 3664 713 3718 scribere
736 3665 911 3719 soleat
937 3667 1246 3733 Ludowico,
1280 3666 1580 3737 quomodo,
1612 3675 1670 3722 ut
1693 3677 1845 3722 nota-

214 3759 292 3813 vit
324 3759 476 3814 idem
538 3757 790 3813 Nicolaus
821 3759 1127 3826 Chesneau;
1187 3761 1278 3816 hic
1309 3762 1472 3816 etiam
1507 3763 1640 3835 legit
1665 3763 1845 3819 dictus

212 3854 395 3908 codex
448 3851 622 3907 sancti
671 3853 922 3926 Remigii.
987 3854 1139 3918 Quod
1201 3871 1400 3908 nomen
1448 3856 1641 3910 multis
1680 3856 1841 3910 etiam

214 3942 337 3995 aliis
370 3941 554 3996 modis
583 3942 848 4012 scriptum
882 3943 1177 4014 reperitur,
1213 3950 1273 4004 ut.
1304 3944 1483 3998 notavi
1516 3945 1580 3998 ad
1614 3944 1842 4000 Chroni-

213 4045 320 4084 con
351 4028 772 4097 Cameracense,
815 4030 954 4085 libro
988 4032 1186 4101 primo,
1226 4033 1406 4102 capite
1441 4033 1718 4088 tricesimo
1751 4051 1843 4088 sc-

213 4123 418 4192 ptimo.
475 4120 776 4176 Observant
819 4130 999 4177 autem
1061 4124 1285 4194 quidam
1327 4123 1654 4180 Clodoveum
1716 4133 1840 4196 post

212 4210 554 4280 baptismum
606 4210 788 4264 vocari
818 4210 1174 4279 Ludovicum,
1217 4212 1366 4284 quod
1411 4214 1729 4268 eonomine
1779 4215 1836 4270 in

213 4297 502 4367 baptismo
532 4296 716 4351 dictus
760 4298 849 4362 sit,
909 4308 968 4353 ut
1010 4300 1219 4354 notavit
1275 4300 1596 4355 Laurentius
1650 4302 1838 4356 Surius

211 4390 553 4445 die-decimo
584 4391 746 4447 tertio
771 4392 1033 4447 Januarii.
1069 4394 1266 4463 Quare,
1292 4396 1670 4450 obnitentibus
1699 4412 1839 4467 prie-

210 4483 414 4536 sertim
455 4482 712 4537 omnibus
762 4485 1191 4555 exemplaribus,
1225 4502 1335 4540 non
1368 4496 1450 4541 est
1495 4488 1581 4541 1110
1629 4499 1839 4542 mutan-

1941 1948 2203 2000 liln’rlinis.
2231 1947 2326 2001 ll‘ls.
2359 1965 2455 2018 pro
2480 1953 2778 2018 tacitasque
2818 1951 2960 2002 male
2995 1949 3126 2020 legit
3180 1951 3464 2017 totiusque.
3498 1949 3557 2002 In

1941 2038 2230 2094 Hincmaro
2287 2040 2499 2114 integra
2560 2042 2837 2095 sententia
2897 2042 2964 2094 ita
3018 2042 3227 2094 habet:
3277 2065 3301 2085 ‹‹
3361 2041 3560 2111 Sicque

1942 2135 2141 2185 tactum
2167 2140 2352 2198 estut,
2387 2141 2527 2187 tecta
2553 2133 2874 2187 hominibus
2896 2133 3076 2202 culpa,
3105 2142 3156 2186 et
3190 2133 3242 2185 in
3275 2133 3557 2198 cordibus,

1943 2228 2047 2274 tam
2077 2221 2324 2291 episcopi
2383 2239 2544 2293 quam
2589 2221 2826 2287 femirne,
2871 2229 3044 2276 tectus
3100 2221 3324 2274 luxuriae
3375 2223 3558 2288 ardor,

1941 2315 2226 2384 quoniam,
2260 2324 2318 2370 ut
2372 2325 2556 2370 notum
2591 2323 2691 2380 est,
2727 2332 2836 2384 quo
2891 2317 3063 2386 magis
3102 2315 3324 2386 legitur,
3385 2322 3560 2368 tectus

1940 2408 2116 2481 magis
2147 2417 2340 2464 aestuat
2375 2410 2551 2481 ignis:
2586 2418 2774 2464 contra
2808 2409 3024 2479 culpam
3057 2416 3420 2479 compunctus
3442 2409 3563 2478 epi-

1940 2513 2161 2566 sc0pus,
2207 2519 2228 2544 »
2265 2505 2370 2551 etc.
2431 2501 2675 2551 Tacitum
2713 2514 2844 2570 ergo
2888 2498 3023 2550 dixit
3069 2503 3259 2551 tectum
3307 2507 3360 2550 et
3390 2514 3562 2550 secre-

1942 2591 2070 2639 tum.
2123 2585 2272 2639 Patet
2324 2594 2502 2638 autem
2565 2601 2629 2638 ex
2693 2587 2791 2639 hac
2850 2585 2904 2638 S.
2959 2585 3273 2638 Genclmutli
3335 2585 3560 2639 historia

1939 2695 2102 2750 quam
2133 2678 2260 2731 sita
2312 2679 2542 2732 veritate
2584 2678 2764 2732 aliena
2797 2678 3157 2732 sectariorum
3213 2678 3381 2730 nostri
3419 2685 3561 2730 tem-

1946 2765 2370 2837 porisjdoctrina,
2393 2766 2484 2837 qui
2506 2765 2638 2819 illud
2663 2766 2903 2836 Apostoli
2928 2785 2938 2818 :
2975 2769 3140 2820 Unius
3159 2769 3344 2818 umoris
3361 2768 3554 2820 cirum.

1943 2861 2171 2932 lntelligi
2205 2861 2400 2914 volunt
2431 2862 2499 2914 de
2532 2877 2702 2914 uxore
2750 2878 2912 2931 quam
2942 2860 3202 2923 habebat,
3237 2876 3358 2913 cum
3412 2866 3560 2914 tanta

1943 2952 2288 3022 pmnitudine
2340 2952 2450 3006 elui
2480 2953 2787 3022 Oporluerit
2830 2967 3181 3022 congressum
3215 2968 3337 3004 eum
3390 2967 3560 3004 uxore

1942 3062 2048 3115 qua
2099 3060 2129 3096 a
2168 3061 2226 3098 se
2290 3046 2446 3099 thoro
2504 3054 2896 3115 separaverat;
2936 3052 2987 3099 et
3035 3044 3380 3098 verissimum
3438 3059 3559 3096 esse

1943 3135 2088 3205 quod
2122 3136 2199 3188 ait
2230 3135 2593 3205 Hieronymus
2626 3137 2764 3191 libro
2798 3137 2974 3207 primo
3008 3137 3272 3189 adversus
3303 3134 3556 3189 .lovinia-

1942 3239 2104 3277 num:
2158 3245 2182 3269 «
2218 3223 2373 3276 Certe
2404 3223 2684 3278 confiteris
2718 3240 2825 3279 non
2861 3239 3024 3295 posse
3057 3240 3176 3276 esse
3211 3223 3557 3293 episcopum,

1943 3314 2034 3384 qui
2069 3313 2121 3366 in
2144 3314 2466 3384 episcopatu
2493 3314 2633 3367 filios
2660 3314 2836 3380 faciat,
2870 3315 3082 3386 Alioqui
3115 3316 3159 3368 si
3179 3314 3561 3383 (.leprehensus

1943 3404 2128 3467 fuerit,
2171 3419 2280 3457 non
2321 3405 2475 3475 quasi
2525 3405 2604 3458 vir
2659 3407 2956 3474 tenebitur,
3015 3407 3109 3461 sed
3143 3405 3298 3477 quasi
3346 3404 3563 3458 adulter

1943 3494 2310 3550 damnabitur.
2357 3519 2379 3540 ιι

2014 3586 2067 3640 8.
2100 3587 2403 3650 Remigium
2431 3587 2562 3651 petit
2594 3588 2671 3638 ire
2710 3588 3051 3641 Lauda-num.
3090 3587 3201 3641 lloc
3233 3593 3314 3639 est
3348 3595 3405 3638 ut
3436 3585 3560 3651 iret,

1942 3695 2037 3734 seu
2058 3679 2288 3734 veniret.
2312 3679 2521 3732 Clarius
2538 3678 2858 3733 llincmarus
2881 3699 2893 3733 :
2917 3706 2940 3726 «ι
2965 3682 3043 3734 Ad
3068 3690 3340 3748 sanctum,
3361 3679 3560 3749 inquit,

1944 3771 2252 3845 Remigium
2280 3771 2453 3832 misit,
2488 3778 2681 3841 petens
2710 3778 2768 3824 ut
2797 3772 3120 3826 Laudunum
3149 3772 3378 3826 veniret.
3425 3791 3454 3820 τ)

2016 3863 2160 3917 Obiit
2175 3863 2348 3929 igitur
2367 3861 2717 3917 Genebaudus
2749 3863 2804 3914 in
2819 3878 2969 3929 pace,
3001 3865 3202 3916 sanctis
3228 3863 3322 3915 Dei
3351 3877 3561 3914 connu-

1943 3959 2204 4009 meratus.
2244 3955 2421 4026 Agunt
2444 3954 2511 4007 de
2537 3969 2603 4008 eo
2644 3953 2853 4007 additio
2888 3953 3232 4007 Coloniensis
3263 3953 3330 4006 ad
3363 3953 3562 4006 Usuar-

1942 4045 2092 4103 dum.
2129 4050 2183 4096 et
2212 4043 2457 4096 Molanus
2490 4042 2684 4113 quinto
2713 4040 3074 4110 Septembris,
3111 4042 3179 4093 de
3220 4056 3347 4110 quo,
3381 4041 3563 4110 inquit

1940 4135 2150 4188 additio
2195 4133 2559 4195 Coloniensis,
2611 4133 2663 4186 in
2721 4132 2890 4206 gestis
2929 4132 2983 4184 8.
3042 4131 3276 4202 Remigii
3342 4133 3560 4202 legitur.

1944 4227 2292 4296 Quzecunque
2315 4225 2461 4279 enim
2483 4225 2571 4278 hic
2593 4225 2662 4278 de
2687 4240 2752 4277 00
2779 4231 2904 4278 sunt.
2925 4230 3352 4278 commemorata
3388 4224 3564 4278 fusius

1940 4315 2174 4384 explicat
2203 4314 2521 4367 llincmarus
2553 4313 2605 4365 in
2637 4312 2753 4366 vita
2808 4314 2860 4366 S.
2895 4311 3146 4382 Remigii.
3212 4310 3402 4364 Petrus
3432 4329 3561 4367 vero

1943 4403 2228 4474 Equilinus
2267 4403 2334 4456 de
2393 4402 2611 4467 eodem,
2661 4410 2714 4456 et
2756 4401 2868 4456 filio
2901 4403 3021 4471 ejus
3079 4401 3130 4453 8.
3173 4400 3403 4454 Latrone
3453 4402 3563 4473 agit

1946 4491 2041 4545 lib.
2082 4509 2117 4552 l,
2151 4507 2180 4544 0
2235 4492 2323 4543 14.

213 4574 354 4629 dum
409 4589 612 4629 nomen
645 4575 903 4632 Ludovici
938 4578 995 4631 in
1036 4577 1314 4646 Clodovei,
1365 4587 1424 4634 ut
1477 4580 1532 4634 in
1571 4581 1604 4632 S
1639 4581 1836 4635 factum
1864 4563 1918 4631 D
2009 4581 2247 4646 Quarum
2277 4595 2455 4633 rerum
2485 4584 2608 4633 sunt
2637 4580 2879 4632 Juliacus
2918 4586 2965 4634 et
3011 4579 3325 4634 Ccnliriacns
3355 4582 3557 4646 capita.

210 4673 378 4722 estet
416 4666 462 4731 J,
490 4666 593 4721 etsi
625 4667 770 4722 idem
801 4684 1002 4723 nomen
1032 4686 1155 4724 esse
1188 4687 1300 4726 non
1330 4672 1401 4726 sit
1431 4673 1763 4746 negandum.

832 4757 1040 4812 CAPUT
1103 4759 1236 4821 XIV,

283 4845 414 4902 Non
433 4844 723 4911 modicum,
742 4861 948 4901 necnon
973 4850 1292 4903 earumdem
1304 4853 1511 4917 partem
1525 4865 1731 4914 rerum,
1759 4866 1842 4905 cc-

211 4933 396 4987 clesiae
424 4939 623 4987 sancta:
644 4936 834 4990 Maria:
848 4937 1106 4991 Lauduni
1133 4939 1361 5002 Clavati,
1382 4941 1653 4994 Remensis
1675 4955 1842 5007 paro-

211 5027 356 5080 Chiae
372 5028 564 5089 castri,
589 5027 685 5081 ubi
705 5031 948 5082 nutritus
972 5033 1176 5096 fuerat,
1197 5031 1449 5084 tradidit.
1476 5030 1695 5084 Scilicet
1715 5047 1843 5085 san-

210 5124 342 5171 ctus
357 5116 666 5190 Remigius.
687 5118 816 5173 Cum
835 5120 981 5174 enim
1003 5128 1238 5176 castrum
1261 5121 1504 5176 Lauduni
1530 5121 1755 5190 Clavati,
1786 5132 1843 5177 et

210 5206 516 5262 comitatus
540 5208 918 5265 Laudunensis
941 5213 1363 5282 pertinerentad
1394 5213 1709 5283 parochiam
1743 5231 1841 5269 seu

211 5303 505 5357 dioecesim
541 5303 892 5370 Remensem,
923 5305 1042 5376 ipse
1071 5307 1127 5360 Β.
1163 5307 1446 5381 Remigius
1481 5321 1685 5361 novum
1718 5310 1840 5379 epi-

210 5401 511 5463 sc0patum
538 5394 785 5470 Lugdum
815 5398 1097 5460 erexit,,ut
1127 5405 1236 5451 tum
1268 5414 1334 5452 ex
1366 5400 1471 5454 hoc
1499 5398 1699 5468 capite,
1726 5410 1837 5454 tum

211 5501 280 5540 ex
344 5483 635 5555 Sigeberto
677 5492 827 5555 patet
866 5487 921 5541 in
961 5486 1248 5543 Chronico.
1308 5489 1395 5543 Sic
1449 5488 1596 5542 enim
1655 5491 1732 5545 ait
1770 5493 1838 5545 ad

209 5588 430 5628 annum
489 5573 703 5626 Domini
759 5571 911 5627 500:
972 5591 997 5624 α
1058 5574 1277 5629 Collatis
1315 5592 1347 5628 a
1385 5574 1660 5630 Clodoveo
1708 5593 1838 5650 rege

208 5663 412 5718 multis
455 5664 678 5732 praediis
706 5663 956 5718 ecclesia:
999 5665 1277 5730 Rcmensi,
1313 5663 1616 5736 Remigius,
1667 5669 1838 5724 multa

205 5767 412 5809 eorum
445 5760 600 5824 parte
627 5753 756 5810 data
789 5751 1040 5807 Ecclesiae
1081 5752 1452 5820 Lauduncnsi,
1495 5753 1684 5807 sedem
1716 5757 1837 5825 cpi-

1944 4673 2020 4726 lta
2049 4680 2367 4730 constanter
2395 4676 2579 4730 omnia
2613 4682 2794 4729 nostra
2827 4676 3017 4747 legunt
3052 4671 3411 4740 exemplaria,
3448 4681 3559 4724 tum

1942 4766 2048 4821 hoc
2101 4767 2242 4833 loco,
2304 4774 2414 4821 tum
2468 4767 2653 4822 multis
2696 4766 2855 4832 infra,
2928 4773 2982 4820 et
3034 4765 3355 4818 llincmarus
3395 4779 3559 4816 manu

1943 4859 2198 4928 scriptus.
2225 4860 2570 4930 Quapropter
2592 4859 2736 4931 quod
2762 4858 2906 4928 apud
2941 4855 3161 4911 Surium
3189 4854 3240 4907 iu
3269 4855 3560 4908 llincmaro

1941 4949 2086 5018 typis
2113 4964 2313 5003 excuso
2362 4949 2583 5023 legitur,
2632 4950 2892 5004 Judaicus
2929 4952 2978 5002 et
3012 4947 3300 5012 Ociliacns,
3341 4959 3405 4997 ex
3457 4943 3561 4996 hoc

1945 5045 2168 5092 auctore
2200 5046 2387 5093 nostro
2418 5039 2804 5109 corrigendum
2837 5046 2938 5091 est.

2585 5130 2790 5184 CAPUT
2813 5129 2916 5182 XV.

2015 5220 2442 5276 Gondebaudum
2491 5226 2540 5274 et
2571 5222 2958 5288 Godegisclum.
2991 5222 3067 5274 Ita
3111 5217 3284 5272 codex
3345 5219 3554 5290 Remig.

1941 5314 2298 5371 conformiter
2327 5314 2588 5387 Gregorio
2638 5315 2964 5381 Turonensi,
3003 5314 3098 5368 lib.
3149 5331 3183 5366 u
3220 5313 3353 5369 lIist.
3388 5314 3559 5368 Frau-

1941 5420 2150 5469 corum,
2184 5419 2229 5458 c.
2276 5403 2344 5457 3‘2
2375 5412 2430 5457 et
2483 5405 2860 5474 sequentibus.
2897 5414 2951 5459 et
3003 5404 3253 5458 Aimoino
3289 5402 3387 5457 lib.
3425 5421 3439 5456 1
3485 5404 3555 5457 De

1940 5494 2108 5567 gestis
2147 5493 2497 5558 Francorum,
2530 5508 2577 5546 c.
2614 5493 2680 5545 19
2711 5510 2722 5545 :
2757 5493 2958 5563 quibus
2986 5493 3125 5546 locis
3155 5492 3346 5545 eadem
3381 5492 3554 5547 histo-

1943 5582 2023 5636 ria"
2049 5581 2401 5647 describitur,
2435 5590 2489 5635 et
2518 5581 2717 5653 legitur
2762 5581 3119 5648 Godegisilns,
3152 5582 3430 5652 quomodo
3463 5581 3555 5635 hic

1941 5675 2072 5749 legit
2098 5676 2145 5729 J.
2183 5675 2274 5730 Cui
2307 5675 2517 5729 accedit
2546 5674 2689 5746 quod
2734 5673 2785 5727 in
2819 5675 3106 5728 llincmaro
3133 5675 3276 5744 apud
3329 5676 3551 5730 Surium

1940 5763 2140 5836 legitur
2169 5765 2556 5832 Godeglissum.
2584 5765 2699 5821 Alia
2732 5774 2917 5822 nostra
2947 5762 3281 5833 exemplaria
3312 5763 3549 5830 Godige-
