3972 6206
413 245 513 298 347

1253 243 1638 295 tLt)l.\'F.\'ERll
1681 241 1954 294 SCHULIA
1994 240 2057 294 IN
2104 240 2264 292 HIST.
2310 239 2590 293 REMENS.
2637 237 2889 292 ECCLES.

3642 237 3750 289 348

409 375 572 425 selum
627 372 899 444 legebant.
937 371 1059 423 Erat
1100 377 1280 423 autem
1313 369 1724 423 Gondebaudus
1755 370 1878 433 iste,
1910 369 2012 431 vel,
2048 372 2096 438 Α
2123 368 2319 419 Verum
2355 367 2438 420 his
2469 368 2790 420 adversatur
2820 365 2967 436 quod
3001 364 3157 419 initio
3180 363 3342 431 hujus
3371 363 3578 434 capitis
3609 362 3752 416 dici-

408 474 465 520 ut
495 467 547 520 in
583 466 867 518 llincmaro
900 474 951 518 et
985 465 1254 526 Aimoino,
1295 464 1702 528 Gnndebaldus,
1738 465 1788 517 in
1822 465 2020 534 Grego-

411 557 487 610 rio
547 555 958 618 Gundobaldus,
1020 571 1110 606 rex
1183 554 1652 623 Rurguudionum,
1723 555 1814 624 qui
1883 564 2019 607 teste

410 648 603 700 eodem
635 646 894 716 Gregorio
919 646 1110 698 haeresi
1136 646 1328 698 Ariana
1354 645 1538 699 infecti
1564 654 1736 699 erant.
1769 646 2022 698 Massicus

412 741 566 794 initio
599 743 693 794 lib.
729 759 800 794 xii
832 743 1006 794 tlhron
1062 742 1251 794 scribit
1278 743 1694 796 Gllll'lt’btllt‘tlnl
1719 748 1765 795 et
1807 742 2022 797 Gunde-

408 833 650 898 gisilum.

489 923 755 974 Venerunt
793 936 952 988 super
996 923 1251 976 Oscvtrum
1277 924 1519 988 ﬂut‘ium,
1574 938 1718 974 serus
1749 923 2020 974 Dirionem

409 1014 663 1077 caslrum,
697 1021 826 1076 etc.,
869 1018 917 1065 et
949 1016 1004 1066 in
1037 1015 1302 1067 Arinione
1332 1020 1506 1067 castro
1536 1031 1587 1067 se
1628 1015 2020 1070 (bullit/turdus

408 1107 742 1159 concludens.
791 1107 848 1159 In
893 1107 1177 1160 llincmaro
1210 1108 1519 1170 ()selutrmn,
1569 1107 1843 1176 quomodo
1885 1105 2021 1158 scri-

413 1199 491 1253 bit
524 1201 576 1252 S.
611 1199 803 1252 Omnia
833 1207 1010 1251 autem
1047 1199 1399 1267 exen‘iplaria,
1436 1207 1630 1267 prieter
1667 1198 1714 1250 J.
1762 1199 2021 1251 Arionem

413 1289 710 1357 habebant,
742 1290 835 1342 sed
885 1290 1204 1344 Avinionem
1247 1291 1566 1360 scripsimus
1613 1306 1676 1343 ex
1734 1289 2020 1343 llincmaro

412 1389 465 1435 et
509 1381 788 1453 Gregorio.
823 1383 915 1452 qui
963 1398 1087 1435 eum
1135 1383 1436 1435 Aveninem
1471 1382 1660 1435 urbem
1713 1381 2019 1453 ingressum

411 1490 534 1526 esse
559 1475 705 1528 dicit.
743 1474 1008 1528 Similiter
1036 1484 1088 1528 et
1121 1475 1372 1528 Massmiis
1403 1478 1719 1529 .‘1i‘inionmn
1754 1474 2019 1528 nominat.

412 1563 665 1617 Nicolaus
697 1563 981 1616 Chesneau
1012 1564 1174 1617 vertit
1205 1567 1474 1628 Arignon.

480 1655 549 1705 Et
571 1653 793 1718 synodo,
817 1669 911 1720 per
938 1655 1110 1704 sancti
1130 1655 1444 1720 putrenisui
1467 1653 1694 1718 Rvmigii
1715 1652 2020 1714 consilium,

411 1747 468 1798 in
498 1745 633 1797 urbe
661 1746 1268 1799 Aurelianensihabitu.
1322 1746 1440 1797 lliec
1471 1752 1551 1798 est
1582 1744 1755 1814 prima
1780 1744 2022 1814 synodus

409 1832 853 1885 Aurelianensis:
887 1841 1063 1886 exstat
1093 1842 1221 1886 tom.
1268 1833 1309 1884 ll
1341 1833 1542 1886 Concil.
1598 1833 1721 1884 Eam
1757 1834 1870 1885 vult
1917 1833 2021 1884 Ba-

413 1941 530 1980 ron.
568 1926 810 1980 habitam
843 1943 986 1980 anno
1017 1927 1159 1989 3507;
1204 1926 1541 1997 Sigeberlus,
1573 1925 1850 1987 Masszeus,
1884 1925 2027 1977 Ouu-

415 2014 606 2084 phrius
655 2024 708 2068 et
744 2016 855 2077 alii,
910 2032 1053 2069 anno
1083 2017 1205 2067 :‘itﬂ.
1267 2017 1411 2068 inter
1435 2022 1664 2068 czeteros
1723 2013 2021 2083 subscripti

413 2105 667 2177 leguntur
694 2108 747 2160 S.
785 2108 1066 2160 Gildaldus
1110 2105 1570 2177 Rothomagmisis
1621 2105 1936 2174 episcOpus,
1973 2113 2026 2157 et

415 2202 469 2253 S.
506 2200 688 2270 Lupus
720 2203 1152 2256 Snessionensis.

487 2294 793 2361 Tunica/[ue
825 2294 1042 2346 blutteu.
1078 2292 1165 2345 Sic
1201 2292 1239 2344 Μ
1271 2293 1294 2346 J
1335 2301 1392 2347 et
1424 2291 1747 2344 llincmarus
1777 2306 2022 2344 manusc.

414 2404 645 2440 excusus
667 2387 810 2455 apud
844 2387 1083 2452 Surium,
1106 2387 1198 2455 qui
1237 2386 1289 2440 in
1321 2387 1567 2458 margine
1597 2402 1817 2457 quoque
1849 2385 2024 2439 adno-

417 2475 582 2529 tavit:
633 2497 655 2525 α
689 2477 911 2528 Blattam
955 2492 1052 2545 pro
1083 2493 1324 2545 purpura
1359 2476 1512 2543 ponit
1552 2476 1832 2529 Sidonius.
1883 2499 1904 2521 υ
1941 2475 2030 2528 Sic

415 2578 467 2621 et
494 2569 831 2640 Sigebertus,
867 2587 930 2620 ex
967 2587 1092 2621 mss.
1120 2569 1452 2622 codicibusa
1484 2569 1600 2622 viro
1628 2569 1852 2621 doetiss.
1895 2570 2029 2621 Aut-

420 2658 574 2709 laerto
607 2657 784 2709 Miraro
833 2658 1032 2722 editus,
1067 2658 1164 2711 etsi
1223 2657 1421 2709 Gallica
1464 2658 1799 2726 exesiiplz‘iria
1846 2657 2031 2728 legant

419 2747 694 2811 tilucteum,
715 2745 1033 2798 Germanica
1065 2749 1362 2809 Brurteum,
1391 2746 1438 2796 (ἶ.
1472 2747 1665 2814 baltea,
1691 2748 1744 2798 S.
1777 2747 2026 2798 (λιθίαν-(ια.

418 2838 612 2890 Verum
643 2854 671 2890 a
728 2838 900 2907 prima
933 2839 1169 2893 lectione
1218 2855 1325 2893 non
1359 2846 1441 2892 est
1476 2839 1864 2891 recedendum.
1900 2839 2031 2890 Nam

417 2935 470 2978 et
503 2925 766 2979 blatteum
810 2942 906 2994 pro
941 2943 1216 2996 purpureo
1248 2938 1517 2998 usurpant
1551 2928 1862 2998 Eutropius,
1909 2928 2033 2981 (las-
2063 2956 2110 3019 (ἶ

417 3015 672 3068 sioderus
697 3025 749 3068 et
779 3015 892 3068 alii.
956 3017 1105 3070 Adde
1147 3018 1292 3088 quod
1335 3021 1573 3071 tunicam
1616 3018 1867 3070 blutteam
1902 3017 2032 3088 legit

419 3109 638 3178 (Lregor.
660 3108 1015 3173 Turonensis,
1049 3109 1142 3162 lib.
1167 3127 1219 3162 ll.
1258 3111 1389 3164 llist.
1420 3109 1768 3172 Francorum,
1792 3126 1908 3178 cap.
1943 3110 2028 3165 38.

419 3198 571 3262 Quod
603 3209 782 3252 autem
813 3200 900 3253 hic
928 3200 1128 3252 dicitur
1156 3199 1349 3252 iisdem
1376 3216 1521 3269 pene
1549 3200 1727 3252 verbis
1761 3200 1923 3254 habet
1947 3200 2034 3253 Si-

417 3291 678 3362 gebertus
721 3292 787 3344 ad
821 3308 1022 3347 annum
1060 3293 1184 3355 510,
1221 3293 1292 3346 ita
1335 3294 1612 3346 scribens:
1660 3318 1682 3338 α
1729 3293 2032 3348 (Ilodoveus

419 3401 510 3439 rex
533 3385 600 3438 ab
623 3386 907 3440 Anastasio
937 3386 1288 3456 imperatore,
1313 3388 1596 3442 codicillos
1625 3389 1690 3439 de
1715 3387 2024 3453 consnlatu,

417 3481 469 3527 et
501 3489 758 3529 coronam
800 3491 1021 3528 auream
1054 3491 1176 3529 cum
1219 3477 1472 3548 gemmis,
1504 3484 1557 3530 et
1590 3477 1826 3529 tunicam
1883 3476 2028 3529 blat-

415 3577 555 3620 team
592 3567 824 3637 ae.cepit,
881 3575 934 3622 et
965 3583 1028 3622 ex
1079 3584 1141 3621 ea
1169 3569 1258 3622 die
1309 3569 1500 3622 consul
1534 3576 1587 3620 et
1619 3570 1892 3640 Augustus
1947 3577 2029 3622 est

417 3661 742 3730 appellatus.
775 3663 892 3731 lpse
945 3677 1075 3716 vero
1105 3679 1194 3714 rex
1229 3661 1374 3714 misit
1431 3661 1654 3714 Romam
1680 3662 1732 3713 S.
1762 3661 1917 3713 l’etro
1944 3677 2024 3714 co-

421 3765 610 3802 ronam
641 3766 863 3803 auream
896 3767 1017 3803 cum
1051 3749 1303 3822 gemmis,
1347 3765 1469 3818 qua!
1503 3765 1730 3818 regnum
1765 3749 2030 3818 appellari

420 3840 578 3894 solet.
634 3861 658 3889 »
718 3840 958 3894 Pertinet
987 3841 1054 3893 ad
1097 3840 1345 3906 ejusdem
1389 3839 1464 3892 rei
1507 3840 1792 3893 clariorem
1829 3841 2033 3894 intelli-

420 3931 662 3998 gentiam
687 3930 831 4000 quod
861 3930 934 3982 ait
966 3929 1213 3999 Papirius
1240 3929 1521 3982 t‘tlassonus
1547 3929 1687 3983 libro
1721 3929 1894 3998 primo
1926 3932 2034 3982 An-

424 4023 529 4076 nal.
570 4023 922 4086 Francorum,
987 4021 1070 4074 his
1109 4020 1333 4075 verbis:
1400 4042 1421 4069 α
1490 4023 1805 4076 Anastasius
1863 4024 2035 4077 Caesar

425 4116 677 4170 (llodovei
713 4131 919 4168 nomen
973 4129 1167 4185 resque
1211 4123 1391 4185 gestas
1422 4115 1668 4180 miratus,
1717 4115 1928 4184 legatos
1969 4115 2035 4169 ad

423 4225 548 4262 cum
601 4209 653 4262 in
689 4208 942 4262 (Ielticam
984 4207 1131 4260 misit
1172 4224 1234 4260 ex
1276 4207 1502 4272 Graecia,
1548 4207 1908 4260 honoraturos
1942 4224 2034 4260 re-

422 4318 545 4372 gem
579 4301 911 4354 Francorum
937 4299 1150 4370 patricii
1185 4299 1452 4372 dignitate
1494 4316 1522 4352 a
1555 4299 1837 4353 consulatu
1874 4299 2038 4372 longe

423 4393 660 4459 diversa,
693 4393 783 4446 illa
811 4393 955 4446 enim
991 4402 1278 4462 perpetua,
1315 4393 1431 4446 htec
1461 4393 1716 4446 annualis
1749 4413 1766 4439 ο
1809 4392 1898 4446 Sic
1923 4392 2033 4446 ille.

495 4488 711 4540 Litteris
739 4488 852 4539 suis
909 4487 978 4538 ad
1019 4487 1170 4539 illum
1201 4486 1436 4539 directis.
1491 4485 1703 4539 Litterae
1739 4485 2035 4539 llormisdaz

424 4591 597 4644 papa),
632 4573 833 4644 quibus
864 4573 1011 4627 vices
1039 4590 1164 4627 suas
1198 4575 1256 4628 Β.
1292 4574 1540 4645 Remigio
1574 4574 1628 4626 in
1652 4591 1820 4646 regno
1854 4574 2036 4628 Ludo-

424 4662 526 4716 vici
585 4661 878 4725 commisit,
939 4671 1154 4716 exstant
1207 4670 1354 4716 tomo
1404 4662 1648 4716 secundo
1701 4663 1928 4726 (loncil,,
1982 4670 2036 4716 et

424 4755 567 4825 apud
609 4754 852 4821 Surium,
886 4754 1250 4824 t0m0primo,
1284 4755 1339 4808 in
1371 4755 1490 4808 Vita
1521 4753 1693 4823 ipsius
1716 4756 1769 4808 Β.
1800 4753 2032 4825 Remigii

426 4865 524 4919 per
564 4849 914 4902 llincmarum
947 4849 1287 4918 conscripta.

1039 4936 1244 4991 CAPUT
1284 4937 1413 4992 XVI.

495 5028 704 5082 Nomen
750 5026 945 5097 synodi
979 5027 1034 5080 in
1076 5044 1182 5098 qua
1234 5028 1288 5080 S.
1326 5026 1602 5100 Remigius
1627 5027 1896 5081 convertit.
1921 5027 2034 5079 ha:-

428 5116 679 5181 relicum,
704 5132 974 5185 nusquam
995 5115 1236 5172 invenio.
1265 5117 1458 5170 Baron.
1485 5125 1613 5169 tom.
1636 5117 1716 5168 Vl.
1741 5131 1886 5169 anno
1909 5115 2033 5181 514,

428 5203 501 5258 ait
554 5202 721 5258 fuisse
753 5204 1022 5273 synodum
1057 5205 1242 5258 Remis
1297 5213 1538 5259 coactam
1573 5205 1640 5258 ab
1672 5205 1790 5274 ipso
1839 5205 1892 5257 S.
1929 5204 2036 5257 Rc-

428 5299 596 5371 migio
619 5305 742 5368 post
760 5307 1012 5367 acceptas
1031 5299 1240 5353 litteras
1263 5299 1330 5352 ab
1350 5299 1634 5354 llormisda
1653 5315 1812 5368 papa,
1834 5297 2038 5368 quibus

430 5387 625 5440 eisuas
650 5386 799 5439 vices
827 5387 1120 5453 commisit,
1155 5404 1317 5458 quem
1348 5397 1406 5443 ut
1429 5389 1483 5441 in
1516 5386 1728 5442 caeteris
1759 5387 2037 5452 omnibus,

427 5477 678 5545 sequitur
708 5476 1002 5531 Severinus
1032 5479 1219 5532 Binius
1261 5488 1391 5533 tom.
1453 5479 1518 5543 Il,
1568 5478 1796 5542 Concil,
1831 5494 2044 5548 ponens

433 5565 567 5619 illud
594 5565 931 5620 celebratum
958 5586 1102 5625 anno
1149 5570 1260 5638 jam
1295 5572 1462 5635 dicto,
1496 5571 1598 5624 sub
1634 5570 1936 5634 llormisda,
1988 5571 2042 5624 in

430 5673 594 5711 causa
625 5657 1009 5712 ecclesiastica:
1039 5644 1341 5729 disciplinae
1377 5662 1430 5713 in
1458 5661 1627 5714 Gallia
1664 5660 2044 5714 reformandae.

2128 465 2247 510 tur:
2298 458 2560 510 Praesules
2591 455 2771 509 Gallize
2798 454 3044 525 petiisse,
3080 462 3138 507 ut
3171 453 3205 505 Β
3266 450 3556 526 Remigius
3588 451 3661 505 ad
3695 451 3751 505 il-

2124 548 2213 600 lud
2245 547 2537 602 concilium
2571 547 2800 600 veniret.
2833 546 2981 611 Quod
3013 545 3156 598 idem
3190 543 3357 596 habet
3390 543 3749 604 Hincmarus,

2123 645 2176 691 et
2206 645 2431 708 uterque
2461 637 2592 690 dicit
2625 636 2683 689 in
2714 652 2879 688 causa
2911 635 3037 687 ﬁdei
3074 633 3412 687 celebratum
3451 647 3599 696 esse,
3637 646 3750 684 non

2125 738 2331 783 tantum
2365 729 2432 782 ab
2465 727 2741 798 epist‘Opis
2785 727 2990 787 Gallia}.
3026 725 3121 778 sed
3154 734 3207 778 et
3238 723 3474 796 Belgicae
3523 724 3752 793 provin-

2122 823 2352 888 ciarum,
2396 828 2451 874 ut
2485 821 2688 872 diserte
2732 819 2924 872 asserit
2976 818 3315 870 llincmarus.
3376 815 3570 885 Neque
3606 815 3751 868 hanc

2123 911 2414 980 synodum,
2445 918 2501 963 ut
2527 910 2592 961 ad
2625 924 2709 962 me
2741 908 2965 978 scripsit
2995 924 3161 977 supra
3189 907 3386 960 citatus
3417 905 3753 958 Guillelmus

2125 1004 2171 1056 le
2207 1003 2408 1074 lii-gite,
2465 1001 2766 1053 Remenses
2797 1007 3122 1071 agnoscunt.
3156 998 3332 1062 Quare
3375 997 3666 1049 existimat
3699 995 3749 1047 id

2123 1091 2320 1144 factum
2368 1090 2420 1142 in
2455 1089 2718 1159 pra‘dicta
2751 1088 2963 1158 synodo
3007 1085 3406 1139 Aurelianensi.
3443 1084 3651 1137 Verum
3699 1083 3752 1136 id

2125 1177 2408 1230 manifeste
2457 1178 2780 1230 adversatur
2833 1176 3118 1229 llincmaro
3147 1182 3198 1227 et
3257 1171 3590 1236 Flodoardo,
3657 1171 3751 1241 qui

2123 1267 2258 1320 duas
2290 1267 2530 1336 synodos
2562 1273 2613 1320 et
2649 1267 2787 1319 hanc
2819 1282 2847 1318 a
2884 1265 3063 1335 priore
3106 1263 3376 1317 diversam
3434 1270 3751 1315 recensent.

2195 1472 2429 1538 Swnprr.
2457 1473 2730 1539 inquiens,
2764 1475 2838 1521 est
2873 1470 3036 1521 bonus
3058 1471 3232 1534 focus,
3259 1470 3308 1520 si
3338 1484 3443 1520 non
3471 1482 3641 1535 super
3667 1480 3758 1534 po-

2125 1569 2241 1615 ῑιπδί.
2298 1565 2372 1615 lta
2417 1562 2603 1616 omnia
2649 1561 2985 1629 exemplaria
3039 1570 3091 1612 et
3144 1560 3488 1611 llincmarus.
3547 1559 3758 1611 Sensus

2053 1673 2244 1756 Besso
2303 1658 2554 1710 videtur:
2601 1657 2653 1709 Si
2689 1656 2827 1709 nihil
2872 1655 3108 1724 amplius
3158 1653 3348 1707 haberi
3396 1659 3600 1723 potest.
3635 1652 3755 1715 Quo

2125 1752 2250 1803 facit
2287 1750 2432 1820 quod
2467 1749 2520 1801 in
2555 1749 2842 1802 Hincmaro
2868 1746 3147 1817 przecedit,
3184 1747 3240 1798 B.
3287 1743 3606 1815 Remigium
3639 1744 3755 1797 haec

2126 1839 2422 1909 tranquillo
2454 1837 2618 1891 corde
2649 1845 2702 1890 et
2733 1853 2828 1890 ore
2861 1836 3082 1888 dixisse.
3132 1835 3189 1886 ln
3231 1833 3437 1886 Gallico
3470 1832 3708 1886 vertitur
3740 1847 3752 1883 :

2126 1928 2180 1980 Si
2211 1944 2317 1981 non
2343 1927 2580 1991 excedit,
2609 1933 2661 1978 et
2690 1940 2798 1977 non
2834 1924 2997 1977 nimis
3027 1933 3222 1993 potens
3253 1929 3350 1974 est.

2204 2022 2324 2072 Viri
2351 2019 2639 2088 ponderosi
2663 2020 2816 2084 ﬁant,
2849 2022 2897 2069 et
2923 2018 3140 2082 femine
3171 2015 3412 2080 gutturis
3436 2012 3758 2064 calamitate

2121 2116 2447 2182 plectuntur.
2501 2111 2592 2165 Hic
2645 2111 3031 2180 ponderositas
3061 2108 3358 2163 vitiumest
3396 2106 3755 2178 genitalium,

2126 2205 2272 2275 quod
2305 2203 2465 2274 quale
2484 2205 2552 2256 sit
2582 2202 2817 2272 explicat
2852 2202 2906 2256 S.
2938 2202 3125 2272 Greg.,
3157 2218 3169 2252 ι
3206 2209 3348 2269 part.
3385 2197 3537 2251 Cura:
3567 2205 3756 2266 pasto-

2129 2300 2275 2364 ralis,
2306 2315 2426 2368 cap.
2473 2299 2572 2350 ult.

2200 2389 2467 2452 Quoniam
2491 2387 2875 2438 vicedominum
2904 2383 3152 2436 Ecclesiao
3177 2382 3452 2435 Remensis
3485 2384 3541 2434 in
3575 2381 3756 2433 eadem

2130 2481 2264 2532 villa
2317 2482 2593 2531 necarunt.
2631 2475 2913 2540 Quodnam
2957 2473 3124 2527 fuerit
3171 2472 3301 2526 olim
3349 2473 3452 2526 hoc
3485 2471 3755 2536 officium,

2131 2568 2419 2621 videantur
2463 2582 2703 2620 canones
2758 2563 2905 2633 apud
2935 2563 3076 2616 Grat.
3111 2561 3239 2614 dist.
3283 2561 3373 2624 89,
3431 2577 3555 2630 cap.
3597 2562 3758 2613 Volu-

2135 2677 2254 2713 mus
2303 2667 2355 2712 et
2396 2657 2776 2728 sequentibus.
2829 2657 2898 2708 Ex
2929 2670 3037 2725 quo
3074 2654 3215 2718 loco,
3259 2662 3312 2706 et
3345 2652 3486 2705 infra
3539 2668 3605 2705 ex
3641 2653 3758 2706 Flo-

2134 2752 2364 2815 doardo,
2399 2750 2540 2804 libro
2571 2748 2839 2811 secundo,
2871 2747 3095 2816 cap.13,
3119 2744 3546 2798 constateadem
3565 2743 3758 2808 fuisse,

2133 2839 2529 2894 viaulominum
2562 2847 2616 2892 et
2658 2852 3003 2891 (economum
3046 2834 3311 2888 ecclesiae.
3342 2832 3546 2885 Eodem
3590 2833 3755 2886 modo

2134 2932 2358 3001 exponit
2404 2931 2720 3000 Onuphrius
2768 2929 2822 2982 in
2883 2926 3336 2996 interpretatione
3395 2940 3595 2978 vocum
3657 2939 3753 2976 ec-

2133 3021 2582 3075 clesiasticarum.
2641 3018 2842 3072 Gallice
2891 3016 3122 3070 vertitur
3163 3015 3378 3068 vidame
3445 3013 3510 3066 de
3557 3015 3753 3067 Reims.

2132 3116 2260 3168 Nam
2320 3114 2520 3168 Gallice
2559 3113 2714 3165 dame
2767 3111 2896 3164 olim
2953 3108 3327 3177 usurpabatur
3366 3121 3572 3179 genere
3641 3121 3758 3157 ma-

2132 3204 2347 3258 sculino
2372 3218 2468 3272 pro
2491 3201 2736 3264 domino,
2764 3207 2820 3253 ut
2853 3198 3047 3268 probat
3075 3195 3442 3249 Sebastianus
3475 3193 3756 3248 Roulliard

2134 3294 2187 3346 in
2231 3309 2328 3345 sua
2373 3289 2680 3344 Parthemia
2713 3287 3049 3349 Carnotensi,
3103 3301 3222 3355 cap.
3259 3287 3345 3349 17,
3379 3283 3475 3337 ubi
3504 3283 3613 3336 late
3647 3283 3758 3356 agit

2132 3379 2572 3436 devieedominis
2602 3376 2856 3429 Ecclesia».
2885 3373 3250 3439 Carnotensis,
3272 3372 3564 3426 declarans
3583 3372 3761 3442 quod-

2131 3491 2251 3527 nam
2276 3470 2510 3542 etquale
2543 3468 2706 3523 fuerit
2733 3483 2922 3520 eorum
2955 3464 3219 3519 officium.

2202 3567 2330 3619 Cum
2351 3563 2558 3615 dederit
2587 3561 2792 3612 dilectis
2815 3560 2926 3610 suis
2950 3572 3220 3620 somnum,
3248 3557 3355 3610 haec
3369 3560 3446 3608 est
3469 3555 3760 3608 hereditas

2131 3657 2362 3710 Domini.
2411 3656 2486 3707 lta
2545 3651 2865 3704 Psalterium
2928 3649 3231 3702 Romanum
3286 3647 3436 3719 legit.
3501 3646 3757 3699 Nostrum

2132 3748 2363 3821 vulgata:
2409 3744 2690 3807 editionis,
2743 3743 2891 3813 quod
2947 3739 3228 3794 consensit
3281 3754 3404 3793 cum
3458 3737 3760 3802 Gallicano,

2134 3841 2297 3910 paulo
2322 3838 2501 3891 aliter.

2204 3929 2274 3981 Et
2305 3927 2505 3979 nullius
2535 3925 2818 3993 propalati
2843 3937 3037 3990 corpus
3059 3920 3377 3974 servabatur
3396 3921 3452 3970 in
3482 3933 3544 3970 ea
3564 3921 3761 3981 sancti,

2134 4025 2640 4092 circunzjacentibus
2692 4027 2869 4074 tamen
2907 4022 3088 4085 atriis,
3127 4019 3356 4071 ecclesia
3404 4019 3765 4070 cauneterium

2137 4121 2415 4187 ferebatur
2461 4134 2526 4170 ea:
2580 4118 2804 4184 antiquo
2861 4115 3152 4169 Remensis.
3216 4112 3304 4178 SJ,
3359 4114 3614 4166 Rcmense
3649 4152 3662 4174 ,
3713 4117 3766 4163 et

2141 4218 2249 4266 tota
2305 4208 2583 4264 sententia
2635 4207 2834 4260 clarior
2877 4212 2962 4259 est
3018 4205 3072 4258 in
3139 4203 3448 4264 llincmaro,
3492 4202 3562 4255 ad
3624 4203 3768 4255 hunc

2141 4300 2361 4353 modum
2396 4318 2407 4350 :
2443 4319 2467 4348 α
2499 4297 2605 4350 Sed
2641 4295 2852 4349 nullum
2885 4309 3084 4363 corpus
3116 4291 3379 4346 nominati
3411 4292 3591 4344 sancti
3623 4291 3677 4344 in
3704 4307 3767 4343 ea

2135 4388 2376 4458 jacrbat,
2406 4394 2460 4441 et
2509 4387 2564 4439 in
2594 4401 2702 4455 qua
2733 4383 2898 4454 eique
2941 4380 3464 4448 circumiacentibus
3496 4379 3672 4445 atriis,
3704 4397 3768 4433 ex

2139 4479 2366 4550 antiquo
2397 4485 2511 4532 erat
2556 4474 2933 4530 coemeterium
2991 4471 3281 4526 Remensis
3311 4471 3579 4525 ecclesia‘.
3619 4493 3638 4519 ο
3706 4471 3766 4524 Ut

2135 4571 2282 4624 enim
2302 4570 2368 4624 ad
2388 4568 2690 4638 marginem
2709 4564 2992 4621 adnotavit
3026 4565 3079 4617 in
3104 4562 3306 4616 Gallica
3323 4562 3582 4616 versione
3607 4562 3768 4616 Nico-

2135 4663 2252 4716 laus
2271 4661 2575 4722 Chesneau,
2596 4659 2883 4730 antiquum
2907 4654 3284 4711 cmmeterium
3307 4654 3587 4708 Remense
3615 4661 3762 4708 extra

2135 4752 2329 4807 urbem
2366 4751 2487 4804 fuit.

2205 4839 2462 4894 Adeloldi
2500 4851 2708 4907 quoque
2739 4837 2822 4889 tui
2858 4837 3108 4888 miserere
3159 4833 3376 4900 famuli.
3415 4831 3514 4884 llic
3552 4832 3770 4887 videtur

2134 4927 2214 4982 vel
2247 4934 2437 4981 auctor
2480 4922 2803 4978 monimenti
2838 4921 2913 4974 ibi
2969 4920 3156 4990 positi,
3187 4919 3271 4972 vel
3333 4919 3522 4988 potius
3570 4921 3765 4974 horum

2136 5024 2492 5093 rythmorum,
2528 5035 2666 5090 quos
2700 5034 2797 5088 per
2829 5018 3051 5071 modum
3075 5013 3576 5084 versuumtexcudi
3609 5030 3768 5068 cura-

2134 5113 2334 5177 vimus,
2365 5112 2494 5182 quia
2526 5109 2649 5163 facti
2679 5117 2806 5162 sunt
2854 5107 3025 5160 instar
3057 5120 3340 5175 prosarum
3369 5102 3485 5157 sive
3519 5118 3767 5172 sequen-

2140 5205 2358 5269 tiarum,
2385 5219 2504 5273 quae
2535 5201 2662 5255 olim
2693 5199 3014 5270 frequenter
3046 5195 3428 5251 recitabantur
3449 5195 3518 5249 ad
3551 5211 3768 5249 sacrum

2140 5299 2322 5351 missa:
2355 5292 2618 5349 ofﬁcium.

2745 5382 2950 5437 CAPUT
2973 5382 3154 5436 XVlll.

2216 5478 2364 5532 Beati
2416 5475 2650 5549 Remigii
2693 5479 3080 5528 testamentum
3114 5467 3393 5522 Barnabas
3431 5468 3762 5532 Brissonius,

2146 5569 2245 5624 lib.
2277 5587 2348 5622 vn
2405 5570 2472 5621 de.
2507 5565 2755 5622 formulis
2800 5573 2852 5617 et
2899 5560 3242 5617 solemnibus
3294 5559 3482 5630 populi
3529 5559 3760 5614 Romani

2150 5661 2336 5715 verbis
2357 5661 2571 5733 integre
2600 5657 2941 5728 transcripsit
2967 5673 3030 5710 ex
3076 5657 3180 5710 hoc
3203 5662 3390 5710 nostro
3426 5664 3676 5717 auctore,
3709 5659 3762 5706 et
