3972 6206
263 313 370 366 349

1599 310 1663 363 IN
1708 309 1955 364 LIBRUM
1997 309 2276 364 PRIMUM.
3490 309 3595 365 350

261 439 510 505 aliunde,
542 441 612 494 de
642 454 750 511 quo
803 438 884 493 sic
939 439 1232 508 praefatur:
1271 459 1294 489 (ι
1330 439 1510 493 Exstat
1549 439 1607 491 D.
1642 438 1874 511 Remigii
1900 442 1952 509 Α
1979 436 2196 504 domus,
2221 454 2344 508 qua:
2377 438 2616 493 oratoria
2657 445 2709 492 et
2759 437 2958 491 sacella
3008 437 3265 505 adjuncta
3297 438 3593 505 habebant,

262 529 553 584 Remensis
583 528 1007 598 archiepiscopi,
1035 528 1127 598 qui
1160 528 1380 582 laudum
1409 541 1629 582 suarum
1671 544 1878 598 prtBCO-

263 633 393 672 nem
434 617 717 690 egregium
787 616 1075 671 Sidonium
1157 617 1563 687 Appollinarem
1610 618 1876 687 aequalem

263 728 423 766 suum
439 711 669 782 epistola
695 713 726 763 7
758 710 854 764 lib.
893 711 1136 775 Ix,habet
1157 709 1386 784 elegans
1414 719 1822 775 testamentum,
1848 728 1879 766 a

267 822 354 860 me
383 805 595 875 pridem
655 820 721 858 ex
766 803 1039 858 Hinemari
1090 813 1145 858 et
1198 804 1486 858 Flodoardi
1555 805 1793 869 scriniis,
1827 811 1880 858 et

265 897 443 966 ipsius
469 896 758 951 Remensis
777 895 1030 950 Ecclesiae
1043 897 1246 950 archiis
1258 897 1593 966 descriptum
1605 897 1880 961 ,versione

265 991 320 1038 et
349 1001 527 1054 nuper
585 1001 615 1038 a
647 984 870 1038 Nicolao
929 985 1199 1048 Querculo
1234 985 1289 1038 iu
1330 985 1531 1038 Gallica
1563 985 1872 1051 Flodoardi,

264 1073 496 1138 editum,
536 1097 557 1117 ιι
587 1081 692 1127 etc.
739 1074 908 1127 Ilabet
973 1074 1168 1128 eodem
1225 1073 1344 1128 loco
1375 1072 1876 1128 Brissoniustesta-

264 1168 512 1216 mentum
565 1161 834 1215 lladoindi
892 1162 1321 1216 Cenomanensis
1371 1162 1638 1232 episcOpi.
1709 1163 1878 1229 Ilujus

264 1256 518 1310 meminit
563 1254 902 1309 Flodoardus
941 1254 1082 1308 libro
1135 1255 1400 1315 secundo,
1450 1255 1631 1324 capite
1662 1255 1876 1325 quinto,

266 1344 515 1412 ejusdem
540 1343 652 1398 fere
674 1345 861 1398 saeculi
893 1351 945 1398 et
975 1344 1120 1414 styli,
1177 1345 1325 1415 quod
1379 1344 1458 1398 sic
1489 1344 1679 1414 incipit
1710 1362 1722 1397 :
1755 1364 1782 1393 α
1818 1343 1877 1398 In

269 1437 496 1490 nomine
524 1435 738 1490 Domini
772 1436 940 1490 nostri
962 1437 1090 1490 Iesu
1112 1436 1391 1504 Christi,et
1417 1438 1649 1507 Spiritus
1678 1437 1878 1502 sancti,

267 1541 365 1580 vut
402 1526 478 1580 Id.
512 1524 790 1579 Februarii
824 1525 878 1578 in
908 1541 1054 1579 anno
1102 1542 1133 1577 ν
1187 1534 1452 1599 regnante
1480 1526 1880 1597 gloriosissimo

270 1613 543 1668 Clodoveo
568 1628 717 1683 rege.
742 1613 850 1684 Ego
866 1612 1203 1673 Iladoindus,
1229 1629 1292 1665 ac
1305 1613 1350 1665 si
1384 1613 1644 1686 indignus
1668 1611 1879 1667 tametsi

268 1709 853 1778 peccator,episc0pus
886 1712 1086 1760 sanctae
1112 1705 1206 1759 Dei
1229 1705 1488 1760 Ecclesiae
1518 1706 1884 1761 Cenomannis

265 1800 528 1863 civitatis,
563 1816 750 1864 sanus,
810 1800 918 1853 Deo
973 1797 1238 1868 prepitio,
1303 1805 1485 1852 mente
1537 1807 1590 1852 et
1623 1814 1877 1870 corpore,

263 1904 512 1959 saneque
540 1888 1052 1948 consilio,metuens
1068 1903 1253 1941 casum
1266 1887 1518 1940 humana:
1542 1886 1877 1960 fragilitatis,

264 1984 652 2032 testamentum
684 1977 929 2042 condidi,
989 1977 1154 2046 idque
1188 1976 1415 2031 Cadulto
1472 1977 1709 2031 diacono
1742 1977 1880 2030 scri-

266 2067 510 2120 bendum
541 2067 760 2120 dictavi.
805 2066 958 2130 Quod
1009 2073 1395 2120 testamentum
1455 2082 1660 2133 meum,
1692 2069 1737 2121 si
1770 2082 1879 2138 quo

266 2171 398 2210 casu
420 2155 547 2223 jure
574 2155 742 2218 civili,
771 2163 863 2209 aut
892 2155 1260 2225 przetorio,vel
1303 2156 1536 2224 alicujus
1567 2173 1720 2211 nova:
1743 2157 1880 2229 legis

270 2247 591 2302 interventu
624 2248 805 2301 valere
837 2248 1169 2318 nequiverit,
1210 2265 1273 2304 ac
1310 2249 1356 2303 si
1409 2250 1477 2303 ab
1507 2250 1781 2315 intestato,
1817 2250 1882 2304 ad

267 2337 446 2392 vicem
480 2339 858 2393 codicillorum
885 2339 1068 2393 valere
1110 2339 1164 2392 id
1205 2340 1350 2406 volo,
1386 2348 1440 2394 et
1471 2341 1667 2394 valeat.
1696 2342 1884 2411 Itaque

266 2429 554 2500 siquando
586 2447 688 2504 ego
750 2431 1066 2485 I‘Iadoindus
1123 2431 1532 2502 suprascriptus
1563 2432 1810 2502 episc0p.
1855 2447 1884 2486 e

269 2522 707 2576 rebushumanis
722 2539 1028 2584 excessero,
1050 2531 1102 2578 et
1117 2524 1362 2578 debitum
1382 2525 1595 2578 venturi
1625 2525 1887 2594 temporis

263 2613 641 2684 complevere,
669 2621 796 2670 tunc
826 2621 881 2668 tu
910 2616 1002 2668 SS.
1066 2615 1306 2670 Ecclesia
1338 2615 1673 2670 venerabilis
1700 2608 1886 2669 "haeres

264 2720 389 2758 mea
414 2713 551 2766 esto,
586 2705 972 2776 haeredemque
1002 2722 1180 2760 meam
1215 2715 1266 2761 te
1293 2722 1412 2760 esse
1443 2706 1720 2761 constituo
1757 2723 1769 2758 :
1807 2705 1878 2759 ita

1981 531 2031 582 in
2061 531 2262 600 quibus
2291 547 2320 584 a
2342 538 2496 600 patre
2526 529 3165 584 diaconimsivediaeono
3185 531 3376 604 egenis
3410 547 3598 585 noces-

1979 618 2123 671 saria
2149 618 2727 672 subministrabantur.
2753 618 2885 671 Vide
2913 617 3255 687 Onuphrium
3288 619 3382 672 ubi
3406 635 3590 689 supra.

1979 706 2226 760 Meminit
2257 708 2452 762 horum
2486 707 2770 761 Zacharias
2804 723 2946 777 papa
2989 707 3150 775 epist.
3185 708 3235 759 7.

2061 803 2221 856 Vicus
2240 818 2306 855 ea:
2332 803 2556 870 pro-prio
2583 804 2640 854 in
2671 801 2932 862 Portensi,
2957 802 3023 851 et.
3059 838 3070 850 .
3104 799 3340 851 Villa-nis
3365 813 3591 866 quoque,

1983 899 2084 946 etc.
2113 892 2196 945 MS
2228 893 2329 947 hoc
2359 893 2479 946 loco
2510 899 2564 946 et
2588 909 2710 946 mox
2745 890 2884 944 infra
2941 891 3210 952 Porcensi,
3269 888 3396 942 item
3428 889 3594 941 villa-

1981 987 2062 1037 ris
2095 984 2302 1057 legunt,
2339 991 2391 1037 et
2451 985 2502 1036 in
2537 984 2583 1036 Μ
2614 989 2768 1036 vacat
2819 981 3078 1051 spatium,
3139 987 3200 1033 ut
3251 976 3595 1052 signiﬁcetur

1979 1075 2174 1129 deesse
2205 1076 2388 1145 aliqua
2420 1075 2610 1139 dictio,
2667 1074 2745 1128 uti
2779 1082 2831 1128 et
2863 1075 3037 1137 intra;
3063 1073 3208 1142 quod
3237 1087 3267 1124 a
3321 1071 3594 1126 Brissonio

1979 1173 2033 1220 et
2063 1167 2186 1220 aliis
2203 1183 2312 1220 non
2342 1174 2424 1220 est
2453 1167 2920 1230 animadversum,
2956 1167 3189 1237 ideoque
3212 1167 3396 1221 omnia
3414 1166 3596 1220 conti-

1981 1263 2180 1309 nenter
2208 1255 2472 1309 scribunt.
2533 1255 2736 1308 Similis
2794 1264 2876 1308 est
2905 1254 3139 1308 varietas
3173 1255 3268 1308 lib.
3305 1273 3362 1318 ιι,
3426 1273 3475 1318 e,
3504 1256 3594 1320 II,

1980 1341 2076 1397 ubi
2103 1342 2258 1398 initio
2289 1343 2485 1412 capitis
2519 1343 2601 1395 MS
2631 1343 2655 1396 ,ι
2685 1343 2879 1395 iterum
2944 1344 3190 1396 Porcensi
3229 1341 3440 1415 legunt,
3499 1341 3596 1394 sed

1982 1431 2018 1484 C
2057 1432 2221 1486 vertit;
2273 1435 2474 1496 Postez,
2534 1440 2588 1486 et
2644 1434 2696 1486 in
2745 1449 2768 1485 s
2799 1433 3032 1486 litterat
3081 1431 3498 1502 superponitur.
3537 1432 3594 1484 In

1984 1523 2092 1578 line
2114 1539 2244 1579 vero
2274 1525 2399 1579 Met
2423 1526 2457 1579 C
2481 1528 2746 1592 Portensi,
2783 1525 2879 1580 lib.
2914 1542 2991 1588 ιιι,
3025 1541 3072 1579 c.
3106 1526 3160 1590 7,
3193 1524 3378 1578 omnia
3410 1523 3600 1595 legunt

1984 1619 2252 1676 Porcensi.
2287 1626 2341 1672 et
2409 1619 2612 1672 ibidem
2664 1619 2846 1681 vertit,
2895 1620 3072 1676 Potez.
3129 1617 3227 1670 sed
3263 1617 3317 1669 in
3348 1615 3597 1688 margine

1987 1704 2140 1773 ponit
2162 1721 2228 1757 ou
2258 1707 2323 1759 de
2346 1707 2604 1760 Portium.
2640 1708 2771 1759 Item
2799 1706 2894 1759 lib.
2927 1722 2999 1768 tv,
3033 1721 3078 1758 c.
3113 1703 3204 1768 29,
3242 1719 3441 1776 pagum
3465 1702 3596 1755 Por-

1984 1799 2219 1859 tensem,
2251 1793 2315 1848 CI
2346 1793 2704 1859 Porcensem,
2736 1803 2790 1848 et
2820 1793 3023 1847 Gallice
3056 1793 3217 1847 vertit
3248 1793 3302 1845 la
3361 1796 3502 1845 terre
3531 1789 3595 1843 de

1980 1888 2237 1941 Portium.

2053 1979 2414 2033 Duodeciucus
2439 1993 2560 2031 vero
2617 1979 2755 2031 sicut
2807 1994 2841 2030 a
2877 1977 3198 2032 Clodmeallo
3243 1981 3342 2030 etc.
3383 1974 3451 2038 Μ,
3485 1975 3596 2026 Lu-

1982 2072 2230 2137 do-wallo,
2290 2079 2345 2124 et
2389 2070 2642 2124 similiter
2691 2069 2833 2122 intra
2886 2069 3272 2123 Ludowuldus.
3331 2066 3597 2130 Brisson.,

1987 2161 2360 2227 lllodowaldo,
2421 2168 2475 2214 et
2522 2160 2773 2214 similiter
2822 2160 2960 2213 infra
3016 2160 3112 2212 lib.
3157 2177 3236 2223 III,
3267 2175 3386 2227 cap.
3417 2158 3504 2211 20.
3540 2159 3597 2211 In

1983 2252 2239 2306 omnibus
2259 2250 2666 2320 exemplaribus
2679 2249 2766 2303 bis
2787 2251 2988 2322 legitur
3012 2255 3229 2303 sanctus
3253 2248 3596 2303 Clodoalrlus.

1987 2346 2182 2398 Beatus
2241 2343 2522 2415 Remigius
2577 2343 2739 2413 paulo
2795 2342 2936 2396 infra
2991 2349 3149 2395 vocat
3207 2357 3332 2394 eum
3367 2357 3598 2410 puerum

1985 2433 2394 2488 sanctissimum
2413 2451 2426 2497 ;
2442 2433 2658 2502 sibique
2679 2432 3018 2485 unanimem.
3037 2428 3296 2502 Aguntdc
3317 2443 3382 2482 eo
3402 2428 3603 2480 Usuar-

1987 2522 2108 2585 dns,
2162 2522 2469 2575 Romanum
2533 2521 2828 2590 Martyrol,
2899 2518 3176 2589 lllartyrol.
3231 2515 3596 2570 monasticum

1989 2613 2212 2666 Arnoldi
2263 2613 2466 2674 Wion.,
2499 2621 2553 2665 et
2577 2613 2682 2665 alia
2711 2612 2800 2664 die
2849 2611 2876 2664 7
2933 2609 3291 2680 Septembris.
3357 2607 3604 2670 Quiescit

1971 2707 2124 2774 juxta
2158 2704 2412 2767 Parisios,
2451 2704 2652 2758 Gallice
2692 2704 3076 2760 Suint-Cloud.
3112 2702 3232 2775 Agit
3263 2701 3332 2754 de
3365 2715 3430 2754 eo
3462 2699 3598 2752 Gre-

263 2791 668 2864 utubicunque
699 2793 910 2864 aliquid
942 2811 1044 2864 per
1093 2796 1197 2849 hoc
1258 2801 1644 2849 testamentum
1693 2810 1877 2848 meum
1977 2809 2093 2866 ger.
2125 2793 2429 2847 Turonens.
2467 2792 2564 2845 lib.
2628 2810 2682 2845 ιιι
2737 2793 2931 2846 llistor.
2988 2791 3341 2853 Francorum,
3401 2805 3522 2858 cap.
3567 2788 3600 2841 6

263 2881 496 2946 dedero,
528 2882 781 2954 legavero
835 2883 1036 2938 dareve
1088 2885 1328 2952 jussero,
1390 2885 1443 2939 id
1474 2883 1533 2939 ut
1555 2885 1732 2949 detur,
1764 2883 1877 2950 fiat,

265 2978 575 3042 praestetur,
609 2970 738 3025 fidei
799 2980 902 3026 tuze
966 2974 1143 3028 hteres
1204 2990 1331 3028 mea
1359 2975 1664 3041 committo,
1717 2999 1739 3021 η
1773 2984 1878 3030 etc.

1979 2893 2032 2940 et
2059 2886 2109 2947 8,
2134 2885 2226 2938 ubi
2254 2885 2514 2938 scribitur
2537 2886 2935 2938 Cltlodovuldus
2970 2902 2983 2944 ;
3017 2891 3070 2937 et
3099 2883 3422 2957 Sigehcrtus
3454 2896 3601 2936 anno

1981 2973 2104 3027 531.
2140 2973 2308 3026 Filius
2361 2972 2459 3026 fuit
2515 2972 2853 3027 Clodomeris
2911 2973 3076 3046 regis,
3112 2987 3285 3042 nepos
3336 2969 3596 3025 Clodovei

262 3059 394 3124 Quae
449 3059 652 3115 idcirco
704 3061 810 3115 huc
846 3061 1026 3128 attuli,
1070 3063 1200 3132 quia
1229 3062 1435 3118 faciunt
1483 3065 1551 3118 ad
1611 3081 1881 3134 majorem
1916 3066 2170 3166 Cprimi.

261 3152 575 3207 testamenti
611 3153 666 3206 Β.
705 3152 934 3226 Remigii
979 3153 1422 3227 intelligentiam,
1453 3157 1599 3226 quod
1634 3157 1879 3227 quidem,

263 3244 369 3299 etsi
400 3242 719 3298 ﬁdelissime
777 3260 808 3296 a
867 3244 1147 3300 Brissonio
1191 3247 1262 3300 sit
1324 3247 1554 3312 editum,
1583 3257 1665 3301 est
1699 3255 1880 3302 tamen

257 3333 358 3387 ubi
390 3332 655 3401 majorem
691 3332 981 3388 admittere
1019 3341 1198 3404 potest
1218 3335 1562 3409 diligentiam
1608 3343 1662 3390 et
1690 3351 1883 3390 enica-

260 3423 576 3477 dationem.

338 3513 401 3568 Si
417 3513 468 3564 ei
484 3511 633 3579 juris
663 3512 881 3580 aliquid
908 3512 1192 3567 videbitur
1219 3514 1476 3580 defuisse.
1512 3513 1742 3568 Restitui
1761 3517 1811 3568 si
1840 3517 1890 3568 ei

263 3615 370 3671 pro
383 3602 526 3669 ﬁeri.
564 3599 648 3654 MS
675 3600 815 3654 male
853 3601 1079 3669 affuisse
1109 3617 1208 3672 pro
1269 3603 1531 3668 defuisse,
1594 3602 1701 3655 nisi
1749 3602 1887 3657 forte

267 3690 536 3760 scriptum
571 3688 737 3744 fuerit
757 3690 1017 3756 abfuisse.

340 3785 639 3845 Donavere,
696 3783 936 3849 legavero
997 3783 1188 3837 duritie
1249 3783 1486 3851 jussero.
1544 3785 1620 3837 Ita
1675 3783 1759 3837 MS
1783 3785 1809 3838 «Ι
1843 3794 1897 3839 et

274 3873 520 3928 Brisson.
554 3873 613 3940 C,
645 3875 896 3928 donando
925 3875 1188 3942 legavero.
1222 3875 1391 3930 Paulo
1425 3883 1546 3946 post
1576 3876 1718 3930 male
1749 3877 1896 3930 Bris-

274 3982 399 4020 son.
433 3969 685 4020 Pontensi
732 3981 833 4036 pro
889 3969 1136 4021 Portensi
1184 3967 1333 4038 quod
1384 3967 1523 4022 forte
1563 3969 1892 4042 typOgraphi

275 4054 540 4108 mendum
573 4061 674 4119 est,
716 4055 922 4109 sicutet
941 4056 1109 4109 multo
1134 4063 1278 4126 post,
1303 4057 1513 4109 colonos
1539 4071 1640 4124 pro
1659 4057 1892 4123 colonus,

271 4154 330 4201 et
356 4153 480 4216 post
518 4156 628 4201 tres
658 4146 931 4202 dictiones
963 4148 1166 4202 omittit
1224 4148 1316 4201 illa
1349 4147 1538 4214 verba,
1570 4165 1689 4203 cum
1714 4152 1895 4204 omni-

272 4238 372 4290 bus
392 4251 523 4304 quos
552 4237 835 4290 intestatus
891 4237 1180 4306 reliquero,
1221 4253 1342 4307 quae
1400 4237 1602 4292 desunt
1633 4239 1798 4292 etiam
1840 4239 1896 4292 in

273 4329 333 4393 C,
367 4335 424 4383 et
447 4329 552 4382 alia
593 4328 857 4384 nonnulla
901 4345 1023 4400 qua:
1057 4345 1124 4384 ex
1154 4329 1277 4384 aliis
1327 4331 1736 4402 exemplaribus
1762 4349 1894 4403 sup-

277 4417 448 4489 plevi.

353 4509 463 4560 Tuo
493 4507 728 4562 dominio
766 4508 1090 4562 vi-ndicabis.
1125 4509 1211 4563 Sic
1243 4509 1408 4563 etiam
1438 4510 1540 4564 hoc
1572 4509 1692 4564 loco
1725 4527 1889 4582 quam

272 4595 364 4649 bis
392 4595 446 4649 in
477 4594 661 4650 medio
720 4597 1032 4650 testamenti
1093 4595 1301 4651 habent
1331 4598 1515 4652 omnia
1537 4597 1887 4667 exemplaria,

273 4697 331 4744 et
363 4688 602 4754 Brisson,
636 4702 758 4743 cum
783 4690 1081 4764 legendum
1114 4691 1392 4745 videretur
1414 4693 1747 4746 vendicabis.
1783 4690 1888 4747 Sed

273 4778 442 4833 etiam
495 4778 656 4832 hodie
688 4779 832 4834 docti
888 4780 968 4834 sic
1019 4779 1370 4834 scribendum
1415 4780 1689 4850 judicant,
1730 4789 1784 4836 et
1817 4782 1890 4837 ita

271 4869 405 4925 olim
437 4869 699 4939 scriptum
730 4869 926 4926 fuisset
969 4872 1131 4927 docet
1162 4872 1327 4926 Aldus
1382 4871 1657 4926 Manutius
1695 4874 1750 4926 in
1790 4890 1887 4928 sua

273 4961 692 5032 Orthographia.
727 4962 881 5016 Unde
912 4963 1134 5028 vindex,
1162 4978 1271 5017 non
1310 4965 1534 5029 vendet,
1567 4966 1883 5020 etei-adicer.

273 5052 432 5107 Certe
458 5053 739 5106 vindicare
794 5053 942 5108 inter
970 5062 1164 5108 caetera
1203 5054 1479 5128 significat
1507 5071 1760 5112 asserere.
1797 5059 1888 5112 Vi-

271 5140 472 5194 deatur
498 5138 802 5194 Ludovicus
857 5141 1221 5216 Rhodiginus,
1273 5142 1366 5199 lib.
1398 5161 1507 5198 xvu
1541 5145 1887 5216 antiquarum

271 5229 622 5293 Lectionum,
655 5243 704 5282 c.
734 5229 825 5283 29.

339 5321 405 5372 In
419 5316 676 5386 ptochiis,
729 5319 998 5384 camobiis,
1031 5324 1339 5388 martyriis,
1395 5323 1687 5376 diaeoniis.
1757 5323 1889 5380 Pto-

266 5405 480 5470 chium,
515 5403 701 5458 Greece
737 5409 1006 5475 πτωχεῖον
1038 5407 1263 5464 domum
1295 5412 1674 5466 mendicorum
1713 5413 1890 5485 signi-

264 5497 414 5551 ficat.
445 5495 700 5564 Martyria
731 5497 1056 5554 dicebantur
1097 5501 1346 5556 ecclesiae
1405 5503 1491 5556 vel
1539 5504 1777 5557 oratoria
1833 5507 1885 5562 in

261 5586 473 5658 quibus
506 5590 779 5653 martyres
803 5587 1145 5642 colebantur.
1164 5590 1436 5645 Diaconite
1454 5607 1485 5644 a
1512 5591 1762 5645 diaconus
1795 5594 1886 5648 di-

261 5687 362 5733 ctae
391 5683 547 5732 sunt.
611 5674 778 5732 Erunt
815 5678 900 5732 liae
966 5679 1200 5749 publica:
1255 5697 1557 5750 pauperum
1590 5681 1888 5750 hospitales

2056 3161 2122 3212 In
2145 3158 2394 3218 Austria,
2429 3161 2540 3211 sive
2574 3161 2827 3226 Toringa.
2885 3159 2972 3212 Sic
3003 3159 3187 3212 omnia
3242 3156 3599 3228 exemplaria,

1984 3247 2082 3300 sed
2109 3247 2159 3298 S.
2200 3248 2494 3312 Thoringa,
2528 3247 2768 3300 Brisson.
2803 3256 2855 3301 et
2885 3247 2936 3310 J,
2973 3250 3251 3313 Toringia.

2055 3336 2256 3388 Futuro
2277 3337 2518 3402 episcopo
2533 3338 2826 3388 successori
2846 3351 2955 3389 meo
2994 3337 3368 3403 amphibrtlum
3411 3335 3602 3387 album

1980 3423 2292 3492 paschalem
2322 3424 2587 3491 relinquo.
2612 3423 2909 3476 Sicczetera
2939 3423 3123 3477 omnia
3153 3432 3350 3493 praeter
3379 3421 3602 3476 tertium

1989 3511 2292 3580 exemplar,
2353 3527 2462 3582 quo
2504 3528 2635 3566 usus
2687 3519 2767 3566 est
2823 3513 3074 3566 Nicolaus
3115 3512 3423 3576 Chesneau,
3456 3511 3607 3580 quod

1989 3599 2121 3673 legit
2141 3603 2470 3669 pastoralem
2501 3617 2599 3670 pro
2647 3602 2972 3670 paschalem.
3010 3602 3388 3671 Amphlihalus
3420 3608 3604 3655 autem

1993 3691 2378 3745 indumentum
2407 3691 2633 3761 aliquod
2683 3690 2957 3764 designat,
3003 3706 3033 3744 a
3074 3691 3258 3745 Graeco
3289 3692 3604 3757 ὰμφιϐὰλλω,

1997 3786 2358 3852 circumpono,
2392 3785 2588 3850 aperio,
2615 3783 2799 3837 induo.

2066 3877 2210 3928 Inter
2236 3878 2305 3938 te,
2338 3875 2502 3928 haeres
2548 3891 2684 3938 mea,
2727 3880 2775 3928 et
2830 3874 3100 3927 diwcesim
3130 3876 3282 3926 ticam
3311 3873 3606 3926 Ecclesium

1996 3964 2428 4029 Luudunensem,
2451 3971 2503 4017 et
2534 3964 2696 4018 infra.
2717 3965 2985 4018 Laudum’.
3013 3963 3088 4017 Ita
3101 3961 3192 4015 hic
3218 3968 3272 4014 et
3293 3960 3434 4014 infra
3461 3968 3607 4015 recte

1997 4052 2234 4106 correxit
2279 4053 2331 4107 S.
2395 4052 2657 4107 Similiter
2710 4053 2948 4107 Brisson.
3011 4052 3114 4106 etJ
3153 4056 3418 4120 perpetuo
3453 4049 3604 4120 legit,

1998 4160 2120 4198 cum
2152 4144 2198 4197 lli
2220 4151 2274 4198 et
2301 4145 2342 4197 R
2404 4144 2611 4215 ubique
2643 4146 3049 4211 Lugdunensem
3079 4153 3131 4197 et
3163 4144 3478 4210 Lugdunum
3511 4143 3606 4196 ha-

1997 4238 2317 4302 berent,scd
2347 4253 2652 4307 perperam.
2689 4238 2824 4302 Quid
2859 4240 3002 4292 cnim
3025 4238 3281 4291 Ecclesia)
3313 4236 3606 4290 Rhemensi

1994 4343 2117 4382 cum
2149 4327 2509 4399 Lugdunensi
2546 4326 2572 4378 ?
2619 4326 2998 4381 Lauduncnsis
3027 4342 3156 4382 vero
3189 4343 3310 4381 eum
3335 4344 3434 4397 par
3463 4335 3608 4380 esset

1911 4440 1968 4508 D
1994 4415 2250 4470 diwcesis
2274 4415 2616 4481 Rliemensis,
2685 4414 2753 4468 ab
2786 4415 2902 4484 ipso
2929 4415 3178 4489 Remigio
3209 4422 3391 4468 erecta
3425 4421 3510 4467 est
3555 4413 3606 4467 in

1992 4503 2364 4559 cathedralem
2416 4503 2713 4557 Rhemensi
2745 4503 3070 4570 subjectam,
3115 4513 3173 4558 ut
3223 4503 3608 4558 adnotavimus

1989 4613 2154 4667 supra
2177 4597 2246 4650 ad
2277 4613 2396 4666 cap.
2432 4597 2499 4651 14
2533 4614 2544 4650 :
2581 4597 2819 4666 ideoque
2851 4595 3147 4650 Ecclesiam
3186 4597 3604 4650 Laudunensem

1993 4690 2079 4743 hic
2101 4696 2256 4744 vocat
2282 4689 2564 4744 dicecesim
2598 4690 2984 4744 Rhemensem.
3024 4689 3292 4743 Praeterea
3322 4690 3609 4759 siclegen-

1990 4782 2117 4836 dum
2155 4790 2303 4852 patet
2334 4799 2402 4838 ex
2447 4799 2565 4853 cap.
2627 4783 2697 4835 20
2755 4781 2914 4847 infra,
2950 4781 3043 4835 ubi
3075 4781 3277 4835 diserte
3318 4782 3606 4836 Anisiacus

1989 4875 2341 4930 Laudunensi
2401 4877 2658 4931 Ecclesiae
2719 4875 3056 4942 attribuitur,
3126 4883 3179 4929 et
3231 4892 3292 4929 ex
3326 4876 3506 4946 capite
3547 4875 3607 4927 14

1988 4985 2174 5038 supra,
2203 4969 2298 5022 ubi
2326 4969 2525 5022 dicitur
2549 4969 2601 5024 S.
2634 4968 2916 5042 Remigius
2949 4983 3058 5022 non
3087 4968 3356 5022 modicam
3391 4974 3603 5037 partem

1989 5057 2399 5125 possessionum
2426 5058 2531 5112 sibi
2564 5074 2594 5111 a
2661 5058 2960 5122 Clodoveo,
2992 5066 3045 5112 et
3071 5057 3193 5110 aliis
3221 5057 3466 5111 datarum
3495 5064 3608 5110 tra-

1990 5144 2195 5197 didisse
2222 5144 2465 5200 ecclesia:
2492 5147 2544 5201 S.
2581 5147 2761 5202 Mariae
2797 5147 3041 5201 Lauduni
3074 5146 3295 5213 Clavati,
3327 5146 3606 5218 quomodo

1990 5233 2283 5305 legendum
2343 5241 2428 5288 est
2480 5234 2534 5288 in
2584 5235 2745 5309 Greg.
2777 5237 2977 5291 Turon.
3012 5235 3106 5288 lib.
3168 5253 3240 5300 γι,
3274 5252 3391 5307 cap.
3423 5238 3477 5300 4,
3512 5235 3606 5289 ubi

1991 5323 2242 5390 Lugduni
2262 5323 2475 5377 Olavati
2501 5323 2725 5395 legitur.

2059 5415 2203 5469 Illud
2232 5429 2440 5484 quoque
2464 5431 2560 5470 vas
2599 5431 2824 5470 aureum
2881 5416 3055 5470 decem
3085 5417 3366 5470 librarum.
3404 5415 3491 5471 Sic
3518 5415 3604 5469 MS

1988 5504 2100 5558 Jet
2157 5504 2192 5559 C
2253 5505 2304 5558 in
2363 5505 2628 5578 margine.
2679 5507 2758 5578 In
2816 5513 2961 5560 textu
3016 5521 3148 5559 vero
3196 5506 3276 5559 sic
3316 5505 3599 5560 habetur:

1995 5595 2194 5649 «Aliud
2226 5603 2546 5667 argenteum
2563 5610 2656 5649 vas
2677 5576 3174 5650 .decemlibrarum.
3216 5617 3237 5643 ››
3271 5594 3423 5658 Quod
3439 5611 3602 5648 secu-

1994 5696 2077 5742 tus
2103 5699 2186 5743 est
2217 5689 2584 5744 Brisson.Sed
2610 5689 2906 5764 legendum
2939 5704 3158 5742 aureum
3191 5696 3341 5758 patet
3361 5705 3424 5742 ex
3457 5687 3601 5742 anti-
