3972 6206
424 312 521 368 351

1263 316 1650 370 COLVENEIHI
1693 316 1965 369 SCHOLIA
2007 316 2071 369 IN
2113 317 2276 371 HIST.
2323 315 2608 370 REMENS.
2649 315 2910 368 ECCLES.

3649 318 3755 375 352

427 441 588 502 thesi,
621 457 741 494 cum
772 446 962 510 postea
993 442 1154 506 dicat,
1193 463 1214 492 (ι
1248 460 1366 513 quae
1402 444 1645 498 Lauduni
1675 444 1729 496 in
1766 453 2029 517 argenteo
2055 448 2102 514 Α
2130 444 2358 498 versitas
2388 457 2452 496 ex
2509 457 2574 496 eo
2597 440 2919 510 provenisse
2974 440 3214 505 videtur,
3268 441 3417 510 quod
3445 457 3558 495 non
3588 443 3754 512 plena

424 529 540 598 ipse
574 531 788 585 dictavi.
828 553 847 579 ι)

489 619 650 670 Jubco
677 620 1001 671 (urriculum
1032 626 1079 671 ct
1112 623 1468 685 [rimi/inritum
1501 623 1711 674 culicem
1744 623 2028 687 fabricari.

422 706 510 758 Sic
544 705 584 756 M
621 713 673 758 ct
701 706 756 769 J,
790 724 852 760 ex
885 725 992 777 quo
1024 709 1162 760 alius
1206 710 1329 762 l'ccit
1363 713 1717 775 thurilaalum,
1751 712 2029 780 quomodo

425 794 481 847 C.
516 794 644 863 legit
669 796 720 848 in
757 804 926 861 textu,
957 807 1011 850 et
1055 799 1384 866 Brissonius,
1433 803 1528 854 sed
1561 802 1612 854 in
1648 801 1893 870 margine
1924 817 2028 855 no-

423 889 496 936 tat
524 883 559 934 Ω
591 884 723 936 alias
750 885 856 956 legi
887 889 1210 939 turriculum
1243 905 1254 940 :
1294 911 1316 936 ‹‹
1354 889 1450 942 Pro
1484 906 1613 960 quo,
1644 891 1839 960 inquit,
1864 893 2033 942 turri-

419 973 597 1026 culam
627 989 828 1028 censeo
853 979 1254 1043 reponendum.
1286 980 1569 1032 l'lstaulcm
1597 980 1852 1033 turricula
1882 982 2028 1050 quod

420 1063 583 1134 vulgo
615 1063 879 1116 ciborium
937 1074 1152 1120 vocant.
1216 1091 1238 1112 «
1276 1067 1362 1121 Sic
1396 1069 1506 1132 ille,
1559 1075 1612 1121 et
1676 1079 1965 1138 pr0ptcrea
1995 1069 2028 1122 S

419 1153 741 1206 turricutum
771 1155 1006 1224 scripsit.
1043 1157 1159 1210 Non
1191 1174 1312 1210 esse
1364 1159 1657 1231 legendum
1692 1160 2028 1212 thuribulum

417 1245 653 1313 primum
684 1263 749 1299 ex
781 1263 846 1301 eo
877 1250 1135 1318 probatur
1157 1251 1303 1319 quod
1359 1250 1587 1304 omnino
1637 1251 1708 1303 sit
1740 1250 2025 1303 verisimi-

420 1338 527 1392 lius
556 1355 620 1392 ex
665 1358 788 1394 vase
823 1359 988 1397 aureo
1029 1344 1322 1412 (quomodo
1372 1344 1666 1415 legendum
1721 1344 2029 1410 docuimus)

420 1447 545 1485 cum
573 1434 754 1502 potius
798 1436 1026 1502 jussissc
1085 1437 1204 1490 ticri
1264 1453 1360 1491 \‘tlS
1399 1438 1466 1491 ad
1509 1455 1664 1491 usum
1697 1437 2028 1491 venerabilis

418 1527 746 1580 sacramenti
778 1529 1147 1593 eucharistia',
1181 1547 1341 1600 quam
1376 1531 1740 1584 thuribulum.
1776 1529 2030 1583 Secundo

420 1617 546 1686 quia
578 1617 727 1672 addit
763 1636 775 1671 :
815 1643 831 1665 ι
873 1621 932 1672 Et
961 1621 1355 1692 epigrammata
1398 1639 1519 1692 qum
1577 1622 1822 1674 Lauduni
1859 1622 1910 1673 in
1945 1637 2033 1674 ar-

418 1711 616 1776 gentco
647 1708 761 1776 ipse
785 1709 1006 1773 dictavi,
1042 1711 1093 1762 in
1128 1713 1229 1765 hoc
1265 1729 1488 1782 quoque
1518 1712 1790 1765 conscribi
1822 1710 1962 1764 volo.
2002 1730 2026 1760 »

2133 535 2394 593 dictione,
2430 540 2482 585 et
2514 547 2611 600 per
2653 541 2808 584 notas
2854 544 3206 584 numerorum
3241 531 3507 600 scriptum
3545 533 3615 584 sit
3647 533 3750 586 sol.

2131 624 2185 684 2,
2216 622 2492 689 quomodo
2527 620 2807 689 plerisque
2878 619 3013 672 locis
3069 619 3249 671 adhuc
3296 619 3540 673 habetur
3591 620 3645 672 iu
3678 620 3750 686 M,

2135 711 2283 779 quod
2307 709 2448 762 alius
2484 709 2678 761 litteris
2702 707 2972 760 extendit.

2205 809 2388 874 Supra
2454 811 2700 874 cryptam
2764 809 3044 859 Remorum
3089 805 3369 873 aediﬁcari.
3423 806 3515 859 Sic
3566 806 3756 860 omnia

2135 899 2485 968 exemplaria.
2517 904 2694 961 Quare
2725 897 2866 950 male
2925 897 3192 962 Brisson.,
3227 913 3397 966 supra
3463 901 3752 965 scriptum,

2132 992 2233 1044 nisi
2265 992 2527 1044 mondum
2551 991 2618 1043 sit
2649 990 2996 1063 typographi.

2200 1084 2372 1137 Rebus
2396 1082 2668 1152 prioribus
2721 1082 3096 1150 superaddidi.
3155 1082 3242 1136 Sic
3286 1081 3372 1135 MS
3408 1081 3455 1135 J.
3527 1081 3754 1134 Brisson

2131 1189 2257 1227 vero
2285 1180 2337 1226 et
2366 1174 2420 1236 (Ζ,
2444 1175 2600 1226 rebus
2629 1173 2997 1240 superioribus
3051 1172 3276 1236 addidi,
3310 1187 3413 1224 nec
3438 1171 3758 1225 Brissonius

2131 1265 2182 1317 id
2233 1263 2375 1316 bene
2410 1262 2594 1335 jungit
2637 1262 2999 1330 sequentibus
3051 1268 3242 1315 contra
3309 1261 3498 1314 omnia
3563 1276 3758 1314 exem-

2130 1357 2319 1426 plaria.

2198 1449 2436 1502 Plebeius
2467 1463 2634 1515 supra
2672 1450 2980 1500 Matronam
3039 1446 3292 1514 adjunxi.
3327 1448 3404 1500 Ita
3435 1446 3760 1500 Brissonius

2133 1549 2186 1594 et
2217 1541 2402 1594 omnia
2434 1541 2788 1610 exemplaria,
2851 1539 3127 1608 quomodo
3160 1548 3215 1593 et
3248 1540 3390 1592 infra
3438 1540 3526 1592 bis
3552 1539 3760 1613 legitur

2134 1633 2187 1685 in
2223 1634 2321 1686 hoc
2353 1639 2704 1696 testamento,
2762 1631 2866 1684 nisi
2924 1631 3072 1701 quod
3130 1631 3165 1682 (Ξ
3233 1633 3286 1685 in
3338 1631 3618 1700 impresso
3655 1632 3759 1685 hoc

2135 1725 2252 1777 loco
2284 1723 2484 1777 habeat
2517 1724 2841 1785 Maternum,
2876 1721 3022 1791 quod
3057 1722 3304 1788 ejusdem
3355 1720 3507 1775 ﬂuvii
3551 1735 3759 1774 recen-

419 1793 548 1857 (ξυεθ
571 1812 793 1865 Prorsus
823 1813 885 1850 ea
943 1799 1198 1853 "idem-1‘"
1255 1817 1373 1854 9590
1406 1817 1526 1870 (tum
1555 1817 1720 1869 supra
1753 1800 2029 1853 habent“?
2055 1776 2104 1842 Β
2129 1814 2232 1865 tius
2263 1828 2464 1866 nomen
2492 1821 2594 1876 est,
2643 1812 2843 1865 Gallice
2909 1814 3097 1865 Murue
3131 1852 3142 1864 .
3176 1813 3364 1881 Itaque
3428 1811 3758 1878 promiscue

420 1901 541 1954 cap.
583 1885 662 1936 10.
721 1886 1082 1957 lmaginatum
1148 1890 1372 1941 calicem
1415 1889 1548 1942 dicit
1609 1888 1942 1956 imaginibus
1973 1894 2028 1940 ct

421 1973 611 2046 figuris
640 1978 929 2046 sculptum.
971 1978 1110 2032 Infra
1142 1996 1363 2049 quoque
1388 1980 1526 2033 libro
1554 1980 1820 2042 secundo,
1850 1980 2026 2046 capite.

421 2073 592 2128 sexto,
627 2069 832 2122 mentio
867 2077 947 2121 est
992 2071 1155 2123 turris
1214 2088 1391 2123 aurem
1423 2087 1590 2139 super
1629 2071 1798 2123 altare
1850 2071 2024 2123 beate

419 2157 596 2210 Maria:
627 2159 834 2227 positae,
865 2178 1026 2231 quam
1060 2172 1114 2217 et
1147 2164 1347 2215 ibidem
1382 2164 1652 2216 ciborium
1697 2164 2026 2232 interpreta-

422 2253 510 2298 tur
537 2247 680 2300 idcm
711 2249 964 2303 Nicolaus
1011 2251 1318 2314 Cbcsneau,
1379 2253 1483 2305 hoc
1531 2262 1612 2306 est
1645 2253 2028 2321 repositorium

420 2337 753 2391 venerabilis
784 2342 1111 2394 sacramenti
1145 2344 1507 2400 eucharistiam
1539 2360 1567 2394 a
1602 2341 1773 2414 ﬁgura
1813 2342 1890 2394 sic
1924 2356 2028 2393 no-

421 2427 708 2484 minatum.
745 2429 806 2481 Et
839 2429 977 2482 infra
1011 2431 1147 2483 libro
1179 2449 1251 2493 iv,
1285 2434 1464 2502 capite
1484 2435 1699 2487 (lccimo
1722 2448 1892 2495 nono,
1922 2447 2033 2484 me-

420 2519 577 2572 minit
609 2520 946 2574 Flodoardus
979 2522 1170 2574 ciborii
1200 2541 1365 2592 super
1395 2526 1562 2577 altare
1587 2532 1788 2577 sancta)
1829 2524 2028 2578 Maria'.

421 2609 552 2663 ltcm
598 2611 761 2662 turris
790 2627 967 2663 aurea'
997 2611 1063 2662 ad
1096 2611 1350 2664 eumdem
1387 2630 1539 2665 usum
1575 2613 1912 2666 mentionem
1951 2613 2031 2665 fa-

421 2704 493 2756 cit
525 2703 821 2756 Venantius
869 2704 1191 2757 Fortunatus
1241 2706 1380 2758 libro
1438 2706 1618 2764 tertio,
1671 2706 1848 2773 capite
1882 2707 2032 2774 rige-

420 2795 560 2847 simo
592 2794 774 2855 tertio,
837 2795 890 2847 in
923 2796 1320 2866 epigrammate
1353 2797 1419 2848 ad
1448 2797 1681 2849 Felicem
1727 2797 2032 2850 Bituricen-

421 2900 557 2947 sem,
592 2884 685 2953 qui
713 2884 1038 2952 subscripsit
1078 2885 1288 2953 synodo
1307 2887 1550 2939 secundo
1573 2886 1900 2948 Turonensi,
1937 2888 2031 2939 ha-

423 2973 551 3024 bita:
577 2987 720 3024 anno
752 2972 873 3024 570.
905 2972 1158 3025 Absolute
1216 2983 1418 3025 turrem
1464 2974 1707 3027 nominat
1741 2975 2033 3046 Gregorius

420 3063 774 3126 TurOnensis,
818 3063 957 3117 libro
991 3064 1167 3132 primo
1199 3065 1266 3117 de
1301 3065 1479 3118 Gloria
1500 3073 1820 3134 martyrum,
1855 3066 2034 3135 capite

418 3157 506 3220 86,
537 3156 757 3210 dicens:
810 3175 834 3205 α
893 3158 1238 3227 Acceptaque
1296 3164 1443 3212 turre
1491 3158 1778 3222 diaconus,
1816 3158 1868 3211 in
1926 3176 2032 3227 qua
2066 3143 2114 3210 Ο

423 3248 737 3317 mysterium
773 3248 1040 3301 Dominici
1067 3249 1314 3318 corporis
1341 3249 1666 3314 habebatur,
1697 3248 1841 3302 ferre
1873 3252 2039 3319 C(Bpit

423 3337 493 3390 ad
521 3337 720 3391 ostium
758 3355 771 3402 ;
807 3338 1197 3412 ingressusque
1241 3337 1526 3406 templum,
1587 3346 1644 3392 ut
1701 3353 1822 3391 eam
1880 3339 2036 3392 altari

420 3435 848 3495 superponeret,
909 3426 1095 3495 elapsa
1143 3426 1211 3480 de
1254 3443 1418 3480 manu
1471 3427 1590 3494 ejus
1644 3426 1922 3479 ferebatur
1981 3427 2034 3480 in

419 3533 566 3583 aera,
594 3538 617 3566 »
645 3527 750 3572 etc.
788 3518 1051 3572 Uttamen
1099 3535 1128 3571 a
1177 3519 1456 3572 veteribus
1483 3519 1890 3588 exemplaribus
1924 3535 2034 3574 non

418 3608 762 3672 recedamus,
819 3609 911 3678 qui
970 3611 1295 3662 turriculum
1351 3617 1670 3662 constanter
1718 3609 1928 3680 legant,
1960 3612 2037 3678 (et

420 3701 743 3772 plerumque
771 3716 835 3753 ea
865 3700 1026 3754 lectio
1059 3701 1241 3754 verior
1272 3708 1372 3765 est,
1407 3718 1529 3771 quze
1557 3709 1640 3754 est
1679 3701 1861 3754 minus
1891 3703 2038 3755 veri-

421 3793 636 3863 similis)
661 3801 838 3863 potest
872 3794 1005 3846 illud
1060 3794 1250 3862 recipi,
1283 3802 1344 3847 ut
1402 3794 1474 3847 sit
1531 3794 1885 3861 adjectivum,
1939 3812 2036 3866 pro

425 3884 685 3935 turritum
716 3882 801 3935 vel
859 3884 1264 3935 turriculutum.
1311 3881 1442 3934 Nam
1495 3885 1752 3944 turricus,
1802 3898 1852 3944 (ι,
1926 3898 2035 3948 um,

426 3974 627 4047 legitur
651 3989 716 4026 ea
733 3973 1202 4046 significationem
1222 3975 1441 4026 Summa
1469 3972 1694 4026 Joannis
1723 3973 2036 4036 Jauuensis,

429 4077 552 4130 quae
585 4061 904 4115 Catholicon
938 4061 1155 4116 dicitur.
1175 4062 1337 4115 Porro
1363 4077 1424 4113 ex
1485 4077 1549 4114 eo
1571 4060 2032 4130 quodliuiccalici

426 4151 554 4204 velit
589 4151 812 4204 inscribi
861 4167 1052 4205 versus
1100 4151 1243 4213 illos,
1283 4165 1419 4220 quos
1454 4149 1624 4201 habes
1662 4165 1824 4217 supra
1856 4151 2034 4218 capite

424 4244 661 4310 decimo,
697 4244 1216 4315 intelligimuslutuc
1245 4243 1413 4296 fuisse
1440 4242 1666 4295 calicem
1698 4241 2036 4296 ministeria-

424 4339 554 4403 lem,
589 4345 648 4390 ut
678 4335 839 4389 docet
887 4334 1199 4403 Unupbrius
1255 4333 1347 4386 ubi
1379 4347 1563 4401 snpra.
1612 4331 1818 4384 Idcirco
1850 4341 2032 4385 autem

424 4430 624 4484 calices
641 4426 1030 4482 ministeriales
1069 4426 1414 4488 dicebantur,
1447 4425 1595 4495 quod
1615 4426 1680 4478 ad
1713 4425 2033 4478 ministran-

426 4523 555 4576 dum
574 4521 896 4593 sanguinem
932 4518 1129 4572 Christi
1164 4519 1366 4587 p0pulo
1399 4517 1758 4572 deservirent.

496 4614 894 4678 Balatoforum.
919 4610 1005 4663 Sic
1026 4609 1211 4663 omnia
1243 4609 1596 4678 exemplaria,
1625 4609 1733 4661 nisi
1788 4608 1937 4678 quod
1983 4609 2037 4661 in

427 4703 800 4773 manuscripto
833 4702 867 4756 C
894 4702 964 4755 sit
993 4702 1402 4767 Badatoforum,
1454 4707 1509 4754 et
1567 4700 1784 4754 videtur
1838 4715 2038 4754 nomen

426 4791 732 4864 proprium.

495 4886 829 4940 Alimonium
857 4883 1316 4952 praestolantibus.
1373 4879 1462 4934 Sic
1493 4879 1577 4932 MS
1607 4880 1630 4934 J
1666 4885 1720 4933 et
1751 4879 1989 4933 Brisson.
2025 4898 2039 4944 ;

427 4973 530 5040 CR,
551 4973 976 5043 postulantibus.

497 5069 866 5131 Calmisciaco,
927 5068 1187 5120 Tessiuco.
1250 5064 1338 5119 Sic
1395 5064 1455 5118 SJ
1498 5071 1553 5118 et
1605 5064 1849 5118 Brisson.
1901 5064 2044 5118 Alias

426 5169 486 5217 ut
521 5162 575 5215 in
609 5161 676 5226 M,
711 5160 1040 5216 Colmisiuco.
1078 5160 1210 5213 ltem
1252 5155 1389 5211 alias
1421 5159 1648 5211 Tumaco
1688 5166 1742 5210 et
1776 5159 2043 5210 Trissiaco

428 5256 652 5329 legitur.

497 5347 592 5402 Ad
640 5350 856 5416 portam
904 5346 1276 5401 Suessonicum
1323 5345 1521 5399 solidos
1585 5345 1739 5396 duos.
1777 5344 1852 5395 lta
1909 5340 2033 5406 CSJ,

428 5440 759 5505 Brissonius,
817 5447 927 5493 tum
969 5440 1326 5510 sequentibus
1393 5437 1708 5508 quindecim
1769 5435 2033 5498 articulis,

429 5526 686 5580 videlicet
717 5543 891 5597 usque
923 5528 986 5581 ad
1028 5548 1048 5575 ι
1075 5527 1359 5582 ecclesiam
1392 5532 1704 5579 sanctorum
1741 5530 2038 5591 martyrum

433 5611 639 5664 Cosmze
671 5623 724 5667 ct
753 5617 1018 5668 Damiani.
1050 5635 1073 5665 η
1101 5616 1146 5668 Μ
1180 5629 1306 5668 vero
1356 5615 1559 5682 ubique
1613 5612 1665 5663 in
1700 5610 2040 5664 non‘iinativo

433 5711 564 5748 casu
589 5700 750 5752 solidi
777 5703 902 5764 duo,
931 5703 1070 5755 sicut
1101 5710 1155 5754 et
1185 5702 1354 5755 codex
1397 5699 1774 5769 Remigianus.
1803 5698 1929 5759 Quae
1958 5697 2044 5750 di-

2129 1919 2273 1955 nunc
2301 1919 2492 1964 unum,
2564 1917 2711 1955 nunc
2761 1902 2990 1954 alterum
3051 1900 3106 1952 in
3165 1899 3468 1953 Flodoardo
3523 1899 3755 1972 legitur.

2130 1993 2258 2044 Nam
2293 1992 2432 2045 libro
2464 1992 2646 2056 tertio,
2701 1991 2880 2060 capite
2935 1990 3148 2052 ultimo,
3191 1990 3375 2043 omnia
3413 1990 3759 2058 exemplaria

2132 2095 2184 2136 et
2217 2084 2496 2136 Aimonius
2546 2083 2665 2136 loco
2729 2083 2936 2135 ibidem
2979 2083 3032 2134 in
3080 2082 3330 2154 margine
3360 2098 3390 2134 a
3443 2097 3532 2135 me
3562 2089 3757 2135 notato

2133 2178 2435 2229 Matronum
2471 2175 2677 2244 legunt.
2733 2172 2875 2226 Infra
2929 2180 3107 2226 autem
3143 2173 3321 2242 primo
3370 2171 3534 2238 libro,
3572 2172 3758 2240 capite

2132 2269 2397 2322 vicesimo
2451 2275 2666 2337 quarto,
2719 2269 3020 2320 Maternum
3059 2267 3249 2339 legunt
3307 2267 3390 2320 MS
3441 2275 3495 2319 et
3567 2266 3760 2320 omnia

2133 2360 2488 2430 exemplaria,
2541 2361 2678 2413 libro
2732 2360 2997 2423 secundo,
3031 2359 3209 2428 capite
3245 2359 3488 2427 septimo
3513 2366 3568 2411 et
3598 2367 3759 2412 octa-

2134 2475 2218 2511 vo.
2254 2457 2508 2518 Rursum,
2543 2451 2680 2506 libro
2712 2460 2926 2522 quarto,
2974 2451 3152 2519 capite
3201 2466 3350 2504 nono
3391 2450 3614 2503 decimo
3649 2459 3763 2503 ter-

2136 2549 2232 2611 tio,
2261 2545 2524 2599 vicesimo
2555 2549 2728 2608 sexto,
2760 2548 2817 2594 et
2855 2541 3118 2594 vicesimo
3145 2541 3400 2610 septimo,
3449 2541 3639 2595 omnia
3673 2557 3763 2594 no-

2132 2649 2240 2693 stra
2260 2637 2592 2706 exemplaria
2646 2635 2890 2704 practerJ
2938 2637 3242 2688 Maternum
3292 2633 3502 2706 legunt,
3562 2642 3618 2688 et
3649 2635 3757 2699 MS,

2133 2728 2362 2798 08]).33.
2419 2726 2679 2780 Similiter
2727 2728 2977 2779 Materna
3032 2725 3232 2797 legitur
3281 2726 3337 2779 in
3395 2727 3601 2800 litteris
3637 2726 3760 2779 fun-

2134 2817 2373 2871 dationis
2399 2815 2718 2869 monasterii
2748 2832 2844 2868 seu
2875 2815 3151 2883 prioratus
3203 2815 3256 2868 S.
3284 2815 3497 2869 Martini
3535 2833 3566 2869 a
3597 2815 3763 2869 Cam-

2136 2909 2239 2978 pis,
2266 2908 2483 2961 Parisiis
2511 2922 2656 2959 anno
2689 2905 2828 2959 106?)
2861 2921 2957 2974 per
2985 2905 3276 2959 Henricum
3317 2906 3562 2975 primum
3587 2905 3761 2959 Fran-

2137 3016 2324 3054 corum
2357 3015 2541 3071 regem
2576 2995 2812 3050 fundati.
2870 2997 3181 3049 Matronum
3239 2996 3407 3049 habet
3460 2995 3766 3068 Gregorius

2137 3092 2491 3150 Turonensis,
2522 3090 2660 3142 libro
2692 3097 2845 3142 sexto
2880 3088 3260 3152 Historiarum,
3311 3086 3490 3157 capite
3521 3088 3764 3142 decimo.

2211 3207 2278 3257 Et
2308 3201 2686 3256 Paschasidcm
2713 3199 2990 3266 conjugem
3049 3214 3223 3251 suam.
3282 3198 3358 3249 lta
3405 3196 3501 3249 CS.
3537 3204 3594 3251 et
3616 3197 3766 3251 Bris—

2138 3294 2346 3358 sonius,
2374 3292 2471 3344 sed
2502 3291 2569 3356 M,
2622 3290 2993 3353 Pascasidum,
3044 3289 3092 3356 .l,
3135 3287 3500 3349 Puscasidem,
3541 3287 3577 3341 C
3627 3305 3762 3343 vero

2139 3390 2290 3437 notat
2312 3382 2446 3435 alias
2479 3381 2583 3453 legi
2608 3380 2990 3434 Pascusz’olum.

2214 3494 2592 3548 Thcodonimu.
2649 3493 2962 3548 Brissonius
2992 3500 3047 3548 et
3093 3493 3128 3546 C
3178 3493 3231 3545 in
3265 3493 3560 3562 impresso,
3591 3493 3766 3546 Theu-

2138 3583 2378 3647 duuima,
2405 3582 2452 3648 J,
2491 3584 2834 3637 Teodonittiu.

2210 3697 2539 3762 Edoncifrm,
2573 3712 2691 3764 quze
2707 3697 2910 3749 homini
2925 3699 3034 3750 tuo.
3071 3694 3162 3748 Sic
3192 3703 3247 3748 et
3282 3693 3598 3748 Brissonius
3616 3694 3766 3748 Edo-

2138 3805 2347 3842 ccrsam
2404 3795 2584 3841 autem
2639 3787 2830 3860 legunt
2889 3787 2995 3840 MS.
3061 3789 3120 3841 In
3160 3787 3354 3841 codice
3405 3787 3446 3840 It
3513 3785 3624 3860 legi
3661 3802 3768 3857 po—

2141 3887 2246 3934 test
2267 3881 2567 3944 Edoveifan
2605 3879 2902 3948 [quomodo
2924 3878 3105 3948 habet]
3142 3885 3197 3932 et
3217 3879 3596 3933 Edoveresam.

2213 3973 2296 4026 Ad
2323 3974 2583 4025 imitatcm
2640 3974 2903 4024 montium
2965 3973 3163 4040 posito.
3225 3970 3313 4024 Sic
3347 3971 3372 4024 .l
3409 3978 3463 4023 et
3515 3972 3762 4027 Brisson.

2144 4063 2250 4117 Sed
2280 4063 2364 4115 MS
2390 4063 2443 4127 (ἰ,
2477 4063 2551 4115 ad
2580 4065 2866 4116 unitatem.

2209 4156 2275 4207 Et
2307 4168 2424 4220 qua:
2460 4155 2757 4205 Joviasunt
2783 4152 3035 4218 pratellu.
3071 4151 3162 4205 Sic
3185 4151 3371 4205 omnia
3396 4153 3760 4222 exemplaria.

2137 4243 2454 4312 Legendum
2490 4241 2627 4294 forte
2687 4240 2912 4294 adnotat
2959 4240 3212 4295 Nicolaus
3271 4241 3585 4307 Chesneau,
3641 4260 3761 4312 qua:

2127 4336 2297 4403 jumta
2325 4339 2470 4386 sunt.

2209 4428 2278 4477 Et
2317 4439 2534 4475 uxorem
2588 4438 2741 4474 suam
2791 4423 3042 4475 Marium.
3114 4421 3205 4475 Sic
3250 4421 3335 4474 MS
3395 4423 3421 4475 ,Ι
3486 4431 3542 4477 et
3613 4425 3648 4477 (ἶ
3706 4426 3758 4477 in

2060 4497 2116 4564 Ι)
2139 4512 2408 4585 margine,
2440 4513 2536 4565 sed
2562 4511 2614 4563 in
2651 4517 2819 4575 textu,
2847 4527 3073 4564 umorem
3103 4512 3219 4579 ejus
3235 4514 3760 4582 Moram,quomodo

2139 4611 2191 4654 ct
2233 4601 2470 4654 Brisson.

2212 4695 2522 4749 Illcdaridus
2577 4709 2758 4747 eorum
2803 4694 2968 4762 ﬁlius.
3018 4693 3095 4746 [ta
3149 4692 3234 4746 CJ.
3294 4698 3348 4745 et
3392 4692 3756 4757 Brissonius;

2144 4786 2250 4850 MS,
2270 4787 2574 4840 Medurius.
3247 4778 3253 4783 ’

2215 4879 2509 4946 Ilclegoque
2535 4879 2716 4945 nepoti
2742 4891 2855 4930 meo
2884 4877 3212 4929 Praetextato
3241 4873 3606 4930 Moderatum.
3645 4877 3758 4929 llaec

2145 4977 2373 5024 estvera
2405 4969 2566 5022 lectio
2595 4984 2661 5021 ex
2713 4966 2948 5021 diversis
2997 4967 3269 5026 restituta,
3315 4982 3483 5036 quam
3528 4967 3694 5021 habet
3725 4967 3758 5020 C

2145 5071 2198 5117 et
2226 5064 2273 5129 .l,
2307 5071 2364 5115 ut
2396 5061 2751 5114 Praetextatus
2779 5061 2849 5113 sit
2876 5074 3079 5113 nomen
3113 5058 3419 5132 preprium.
3481 5059 3572 5112 Sic
3627 5059 3759 5113 infra

2146 5157 2392 5211 meminit
2417 5156 2702 5225 proneptis
2732 5171 2844 5209 suae
2900 5154 3255 5207 Praetextatze.
3309 5153 3419 5206 Sed
3456 5153 3492 5205 (.1
3523 5154 3579 5206 in
3614 5162 3753 5209 textu

2144 5266 2365 5307 excuso.
2399 5251 2452 5301 S.
2485 5258 2539 5303 et
2570 5249 2878 5304 Brissonius
2925 5249 3118 5320 legunt
3159 5247 3455 5312 Moderata,
3490 5256 3549 5301 ut
3571 5248 3754 5300 colue-

2136 5349 2249 5397 reat
2279 5357 2400 5396 cum
2443 5340 2783 5403 Praetextato,
2834 5337 3003 5392 veluti
3044 5351 3353 5408 cognomen
3389 5353 3403 5400 ;
3450 5334 3520 5400 M,
3548 5340 3753 5403 prmtu—

2137 5438 2268 5486 mata
2298 5431 2653 5493 Moderatum,
2684 5434 2741 5481 ut
2787 5428 2857 5480 sit
2900 5427 3290 5496 appellativum
3351 5440 3450 5494 pro
3477 5424 3749 5494 praedicto.

2141 5537 2303 5590 quam
2347 5519 2635 5573 lectionem
2671 5519 2841 5573 codex
2867 5524 3017 5571 notat
3040 5517 3091 5569 in
3124 5514 3396 5588 margine.

2216 5612 2578 5663 Tottieionem.
2615 5610 2690 5661 lta
2705 5607 2788 5660 MS
2836 5606 3060 5670 Caetera,
3094 5606 3405 5658 Tottioncm.

2215 5699 2527 5751 Lucernam.
2584 5698 2673 5751 Sic
2720 5697 2755 5748 (Σ
2805 5695 2844 5748 li
2894 5704 2948 5748 et
3005 5693 3366 5755 Brissonius;
3414 5692 3551 5746 alias
3595 5691 3749 5743 luter-
