3972 6206
212 307 325 364 353

1544 302 1605 356 ΙΝ
1649 300 1896 356 LIBRUM
1935 300 2219 355 PRIMUM.

3444 305 3550 359 354

213 457 370 506 nam,
401 439 484 493 MS
512 438 560 500 J,
595 438 888 491 lucernam.
925 435 1015 490 Est
1054 441 1234 490 autem
1256 437 1477 491 lacerna
1507 435 1650 490 idem
1685 436 1833 504 quod
1857 439 1914 508 Α
2009 434 2396 488 Lcudoneram.
2439 433 2516 487 Ita
2543 432 2618 487 CS
2676 439 2730 487 et
2781 432 3108 488 Brissonius.
3145 433 3253 488 Sed
3283 433 3381 501 Ml,
3409 436 3548 490 Leu-

215 533 446 604 penula,
474 531 734 586 nimirum
790 531 963 586 vestis
1000 547 1175 605 genus
1201 530 1402 585 tunica:
1442 534 1833 601 superductum

216 622 289 675 ad
308 619 603 675 arcendam
647 619 909 689 pluviam.
967 621 1042 673 De
1073 636 1181 690 qua
1217 620 1273 672 in
1302 621 1439 674 actis
1466 622 1521 674 S.
1557 621 1832 690 Cypriani,

216 719 276 766 et
324 711 380 764 in
439 709 697 780 Sulpitio,
748 707 890 762 libro
926 708 1105 778 primo
1149 708 1381 781 Dialogi,
1414 709 1590 780 capite
1617 711 1834 766 decimo

219 812 440 875 quarto.
487 803 667 858 Utitur
710 801 970 857 Martialis
1023 802 1224 874 aliique
1256 801 1472 873 profani
1519 803 1831 873 scriptores.

216 897 522 952 Videantur
546 897 667 952 loca
713 897 769 950 in
806 897 1004 952 Baron.
1061 907 1211 953 tomo
1239 898 1484 953 secundo
1515 897 1831 962 Annalium,

222 1003 372 1041 anno
391 986 517 1041 261.

299 1077 366 1128 Et
390 1078 698 1141 argenteam
727 1075 978 1129 cabutam
1004 1078 1316 1143 ﬁguratam.
1339 1077 1427 1132 Sic
1457 1078 1640 1130 omnia
1659 1093 1839 1130 exem-

223 1168 419 1238 plaria.
454 1167 754 1230 Brisonius,
796 1170 1122 1233 cambutam,
1153 1170 1244 1240 qui
1279 1185 1388 1222 non
1411 1176 1556 1223 recte
1590 1186 1836 1238 sequen-

225 1258 303 1311 tia
334 1258 750 1312 verbazFiliolo
808 1260 957 1312 illius
1020 1262 1251 1313 Parocio
1306 1260 1489 1330 jungit
1523 1259 1840 1328 pr-aumden-

225 1346 399 1412 tibus,
432 1363 554 1400 cum
580 1346 709 1400 inde
735 1362 874 1401 nova
930 1348 1159 1417 incipiat
1199 1351 1494 1412 sententia,
1529 1356 1586 1401 ut
1609 1357 1843 1418 quatuor

227 1443 421 1490 nostra
447 1435 727 1490 declarant
777 1438 1134 1507 exemplaria.
1189 1439 1250 1492 Et
1297 1439 1381 1492 cui
1435 1437 1642 1508 aliquid
1674 1437 1838 1509 legat,

225 1544 354 1582 cum
380 1529 433 1582 in
459 1528 733 1598 principio
800 1529 1089 1584 nominare
1139 1531 1299 1585 solet.
1352 1530 1424 1584 MJ
1482 1532 1712 1599 parvulo
1762 1532 1844 1584 le-

227 1623 311 1694 git
340 1642 356 1677 :
387 1622 422 1676 C
476 1625 752 1678 Paro-vlo:
812 1623 866 1685 S,
921 1631 1216 1696 utrumque
1275 1626 1578 1698 conjungit,
1617 1630 1844 1696 parvulo

227 1716 477 1769 Paro-uio.
510 1713 648 1766 Vera
705 1715 867 1770 lectio
920 1715 1139 1769 videtur
1197 1719 1440 1771 Paroria.
1481 1717 1616 1780 Quid
1641 1718 1712 1772 sit
1742 1735 1843 1773 ca-

1938 530 2201 583 dauerum
2229 543 2328 596 per
2351 542 2407 579 u.

2008 620 2358 673 Salconarias
2391 633 2558 684 supra
2588 619 2814 671 Moram.
2851 618 2928 671 lta
2983 617 3169 671 omnia
3214 619 3550 689 exemplaria

1935 715 1989 762 et
2031 707 2294 771 Brisson,
2330 705 2433 759 nisi
2464 706 2612 776 quod
2675 706 2720 758 M
2752 705 2898 777 legat
2939 706 3320 762 Salvanarias.
3345 707 3380 761 C
3408 709 3549 762 hanc

1936 799 2346 854 adnotationem
2375 798 2611 869 margini
2641 798 2843 865 adjecit
2871 817 2886 852 :
2918 819 2942 848 (ι
2975 797 3136 852 Forte
3166 800 3546 870 reponendum

1938 892 2246 947 Salinarias
2271 906 2438 958 supra
2469 892 2693 955 Mosam,
2727 889 2811 942 vel
2842 890 3217 955 Sablonarias,
3251 897 3309 947 ut
3329 888 3486 944 infra.
3526 907 3549 943 ι

2009 982 2377 1035 Domiteartilis
2405 981 2645 1033 casulam
2683 981 2946 1033 subtilem.
2981 981 3039 1033 In
3073 980 3332 1034 omnibus
3351 979 3553 1034 nostris

1939 1074 2346 1143 exemplaribus
2367 1080 2493 1125 sunt
2524 1073 2644 1126 dua)
2677 1072 3083 1138 dictiones,st
3117 1089 3238 1126 cum
3275 1072 3552 1127 Brissonio

1943 1165 2227 1232 conjunxi.

2017 1257 2205 1312 Cirteri
2229 1269 2404 1307 omiws
2456 1253 2763 1307 echzeredes
2817 1257 3000 1317 estote,
3032 1257 3258 1306 suntotc.
3313 1253 3402 1308 Sic
3433 1270 3555 1308 om-

1945 1346 2032 1398 nia
2066 1343 2421 1413 exemplaria,
2467 1342 2571 1394 nisi
2617 1343 2764 1412 quod
2800 1342 2843 1394 M
2877 1343 3077 1396 omittit
3129 1345 3422 1413 posterius,
3457 1345 3554 1398 sed

1945 1455 2058 1494 non
2091 1446 2255 1492 recte.
2291 1439 2366 1491 Ita
2415 1438 2483 1490 ad
2531 1438 2793 1505 majorem
2829 1436 3138 1491 firmitatem
3175 1445 3228 1492 et
3258 1455 3556 1513 exaggera-

1946 1533 2150 1586 tionem
2179 1531 2231 1583 in
2263 1530 2513 1583 formulis
2537 1531 2848 1583 testamenti
2869 1529 2975 1583 dici
3012 1531 3173 1584 solet.

2020 1626 2080 1677 lu
2110 1639 2212 1692 quo
2243 1625 2292 1675 si
2322 1639 2433 1691 qua
2459 1623 2628 1675 litura
2657 1623 2738 1674 ecl
2756 1627 3092 1675 caumc‘ttura
3119 1625 3287 1690 fuerit
3318 1626 3554 1690 inventa,

1945 1719 2097 1784 facta.
2127 1721 2211 1769 est
2235 1732 2314 1769 me
2337 1720 2624 1784 prasente,
2653 1715 2782 1767 dum
2823 1730 2856 1767 a
2916 1731 2997 1768 me
3026 1717 3283 1783 relcgitur
3303 1720 3352 1770 et
3383 1733 3560 1772 eme-n-

230 1803 370 1859 buta
398 1804 672 1874 explicent
712 1803 824 1857 alii.
859 1804 970 1859 Hoc
989 1805 1125 1858 mihi
1159 1812 1370 1860 tantum
1418 1807 1674 1861 occurrit.
1713 1808 1841 1862 Cum
1872 1813 1918 1880 Β
1946 1810 2132 1862 datur.
2159 1807 2364 1860 Similis
2405 1814 2488 1860 est
2518 1807 2764 1860 clausula
2794 1806 2846 1859 in
2907 1805 3014 1859 fine
3043 1809 3352 1861 testamenti
3385 1811 3558 1864 sancti

232 1893 566 1947 Brissionius
595 1895 900 1948 cambutam
943 1894 1107 1967 legat,
1151 1895 1197 1948 si
1255 1897 1513 1949 cambuca
1545 1897 1842 1966 legeretur,

233 1983 441 2052 pedum
473 1983 811 2053 episcopale,
852 1984 934 2038 vel
976 1985 1159 2054 potius
1185 1984 1439 2039 baculum
1468 1986 1596 2056 pedi
1626 1985 1846 2056 episco-

235 2072 380 2142 palis
407 2071 830 2144 significaretur.
887 2075 1002 2138 Qua
1027 2090 1162 2129 voce
1221 2076 1393 2128 utitur
1424 2075 1614 2129 Petrus
1655 2077 1849 2131 Come-

232 2169 357 2216 stor
382 2161 438 2214 in
470 2161 702 2216 Historia
731 2163 915 2230 Exodi,
950 2164 1132 2233 capite
1165 2164 1233 2218 5‘2
1263 2181 1275 2216 :
1311 2188 1335 2211 «
1371 2165 1542 2228 Sicut,
1569 2165 1766 2235 inquit,
1795 2166 1846 2219 in

235 2251 436 2306 baculo
463 2252 740 2306 cambucae
774 2252 1105 2322 pontificalis
1164 2253 1410 2309 eburneo
1467 2254 1584 2309 fieri
1625 2258 1782 2311 solet.
1821 2281 1847 2304 »

234 2341 376 2395 llinc
407 2340 460 2393 in
484 2341 786 2396 Pontificali
844 2344 1120 2397 Guillclmi
1172 2345 1417 2411 Duranti,
1471 2346 1617 2415 quod
1673 2347 1852 2403 habeo

229 2431 689 2500 manuscriptum,
734 2439 887 2501 parte
921 2434 1184 2500 secunda,
1218 2433 1313 2486 ubi
1347 2434 1529 2506 agitur
1558 2435 1625 2487 de
1654 2451 1852 2490 conse-

230 2519 483 2573 cratione
512 2519 934 2586 Ecclesiae,cum
985 2523 1196 2576 accedit
1247 2522 1495 2592 pontifex
1548 2524 1616 2577 ad
1645 2526 1847 2580 ostium

233 2606 507 2674 ecclesiae,
540 2608 614 2663 ita
640 2609 841 2681 legitur
873 2628 886 2664 :
921 2635 945 2658 «ε
975 2612 1154 2666 Faciat
1177 2629 1396 2667 crucem
1423 2630 1546 2667 cum
1579 2615 1850 2685 gambuca

232 2700 292 2752 in
329 2699 518 2754 limine
549 2701 842 2770 superiori,
876 2709 932 2755 et
963 2702 1230 2758 inferiori.
1269 2725 1292 2754 η
1339 2704 1440 2759 Pro
1471 2720 1578 2774 quo
1611 2705 1846 2760 Pontili-

232 2793 358 2849 cale
400 2794 723 2860 Romanum,
753 2810 1014 2848 excusum
1074 2812 1219 2851 anno
1279 2798 1438 2863 1503,
1499 2804 1552 2851 et
1610 2797 1852 2854 Venetiis

233 2886 399 2951 1561,
433 2894 488 2940 et
516 2885 621 2939 alia
669 2885 862 2940 dicunt
907 2912 931 2934 «ι
981 2904 1104 2941 cum
1159 2889 1355 2943 baculo
1414 2892 1685 2959 pastorali
1723 2913 1743 2942 ι
1791 2893 1852 2945 Et

233 2988 404 3036 antea
430 2980 629 3033 diserte
657 2980 792 3034 dicit
834 2981 977 3035 idem
1007 2982 1323 3037 Pontiﬁcale
1363 2984 1610 3051 Duranti,
1657 3007 1679 3035 «
1725 3003 1849 3041 cum

234 3073 490 3128 inferiori
549 3082 703 3142 parte
758 3075 1060 3146 gambucze,
1120 3092 1216 3130 seu
1265 3076 1445 3130 baculi
1487 3081 1848 3148 pastoralis.»

236 3167 452 3230 Quibus
487 3166 672 3220 verbis
689 3176 877 3236 aperte
917 3168 1193 3240 significat
1222 3169 1313 3222 illa
1343 3171 1535 3224 eadem
1564 3189 1705 3226 esse.

310 3259 728 3313 Hichi-naculum
768 3276 979 3328 quoque
1034 3262 1172 3316 dono
1229 3263 1330 3316 illi.
1373 3264 1448 3317 [ta
1480 3264 1582 3319 CR.
1609 3269 1678 3334 {et
1708 3265 1855 3318 Bris-

236 3362 365 3403 son.
400 3348 484 3400 MS
513 3348 562 3412 J,
593 3349 996 3403 hicliuaculum.

321 3439 526 3491 Vit-ium
559 3437 905 3506 perlaturum.
1000 3437 1138 3491 Infra
1221 3439 1368 3504 CMS,
1432 3441 1710 3508 peditum,
1758 3442 1853 3495 sed

237 3531 410 3586 male.
447 3531 674 3585 Videtur
703 3539 882 3585 autem
917 3533 1126 3601 accipio
1168 3548 1265 3602 pro
1292 3550 1357 3588 eo
1385 3538 1530 3604 quod
1560 3535 1858 3590 Columella

238 3630 410 3677 vocat
437 3622 825 3691 pedamentum
857 3623 1001 3688 vitis,
1031 3630 1085 3676 et
1129 3631 1424 3690 statumen,
1475 3626 1577 3679 hoc
1630 3635 1712 3680 est
1760 3641 1859 3695 pro

243 3713 472 3785 perticis
493 3720 546 3767 et
577 3713 714 3782 palis
739 3713 830 3784 qui
848 3714 1012 3767 vitem
1033 3722 1361 3768 sustentant.

317 3807 482 3860 Actio
507 3810 684 3876 nepoti
730 3823 860 3872 meo,
921 3807 1009 3861 Sic
1059 3808 1094 3860 C
1135 3808 1189 3860 in
1255 3808 1504 3882 margine
1551 3815 1602 3863 et
1635 3808 1775 3863 infra
1807 3809 1862 3862 in

240 3909 402 3958 textu
431 3918 554 3957 cum
585 3902 860 3958 Brissonio
888 3910 942 3956 et
986 3903 1034 3958 «Ι.
1069 3903 1152 3956 MS
1182 3903 1290 3968 hic,
1346 3906 1526 3969 Actio,
1561 3905 1656 3958 sed
1699 3906 1865 3976 paulo

243 3998 416 4064 infra,
469 4005 523 4052 et
577 4014 624 4052 c.
674 3998 744 4054 23
776 4040 791 4063 ,
848 3998 893 4051 M
944 4013 1201 4069 quoque,
1249 4001 1412 4061 Etio,
1466 4007 1522 4053 et
1571 3999 1634 4054 SJ
1685 4002 1863 4058 Aetio.

244 4091 462 4145 Nomen
538 4088 722 4143 Aetius
778 4089 977 4162 legitur
1032 4089 1268 4158 epistola
1322 4090 1392 4144 56
1445 4090 1644 4145 Leonis
1710 4108 1866 4162 papa:

247 4181 436 4254 primi.

324 4279 412 4331 Ita
435 4281 496 4331 ut
524 4294 557 4330 α
583 4277 837 4346 partibus
876 4278 1010 4330 suis.
1047 4276 1136 4332 Sic
1161 4277 1207 4332 .l.
1235 4276 1436 4332 Caetera
1464 4279 1736 4347 patribus.

325 4367 464 4432 Quos
493 4367 705 4419 libertos
733 4380 840 4418 esse
895 4367 1174 4433 praecipio,
1209 4367 1550 4420 Catusiouem
1591 4370 1640 4420 et
1670 4367 1867 4420 Auliu-

246 4461 450 4512 tenam.
490 4455 567 4508 Ita
617 4454 700 4507 MS
759 4453 840 4508 CJ.
900 4457 963 4506 At
1021 4453 1331 4508 Brissonius
1403 4455 1538 4527 legit
1587 4458 1867 4525 percupio,

1946 1895 2324 1950 Berthicranni
2381 1895 2526 1964 apud
2559 1893 2896 1947 Brissonium
2931 1893 3016 1946 his
3046 1893 3261 1948 verbis:
3292 1915 3312 1942 α
3349 1895 3403 1948 Si
3439 1913 3559 1966 quze

1949 1988 2148 2051 liturae,
2195 1989 2239 2041 si
2273 2003 2393 2058 quin
2453 1993 2806 2051 caraxaturre,
2853 1985 2897 2039 si
2958 2001 3079 2056 quze
3107 1986 3304 2040 litterae
3335 1988 3560 2055 adjectae

1949 2089 2098 2143 sunt,
2128 2080 2214 2133 vel
2248 2080 2525 2142 detractae,
2546 2093 2648 2150 ego
2664 2077 2766 2131 feci
2797 2077 3196 2148 ﬁeriquejussi,
3227 2079 3354 2133 dum
3380 2096 3558 2134 meam

1950 2173 2085 2226 mihi
2107 2172 2309 2241 smpius
2342 2172 2582 2245 praelego
2614 2171 2968 2236 voluntatem,
3003 2178 3058 2225 et
3103 2171 3286 2225 omnia
3319 2189 3418 2242 per
3444 2174 3562 2228 sin-

1952 2261 2080 2330 gula
2111 2276 2464 2334 recognosco,
2498 2260 2583 2313 vel
2615 2261 2872 2324 emendo,
2907 2268 2966 2313 ut
2987 2259 3072 2314 lex
3101 2261 3315 2327 edocet,
3350 2269 3563 2332 septem

1952 2353 2192 2407 virorum
2229 2354 2579 2407 honestorum
2613 2352 3111 2423 subscriptionibus
3144 2361 3198 2406 et
3226 2353 3420 2426 sigillis
3443 2369 3566 2408 cre-

1955 2445 2067 2498 didi
2099 2443 2482 2508 muniendum,
2545 2450 2596 2497 et
2650 2458 2748 2513 pro
2798 2443 2964 2498 totius
2995 2443 3072 2496 rei
3115 2441 3369 2497 firmitate
3401 2451 3566 2514 atque

1951 2536 2306 2607 stipulatione
2339 2535 2554 2589 adnecti
2588 2535 2846 2605 praecepi.
2888 2536 3076 2588 Actum
3112 2534 3479 2590 Cenomannis
3510 2537 3563 2590 in

1951 2628 2190 2692 civitate,
2216 2628 2305 2680 die
2334 2634 2388 2680 et
2446 2642 2591 2680 anno
2646 2628 2901 2696 superius
2948 2628 3368 2696 comprehenso.
3408 2651 3432 2674 α
3463 2627 3566 2680 Ubi

1951 2724 2288 2781 caraxatura,
2321 2732 2421 2769 seu
2463 2717 2645 2785 potius
2692 2717 3047 2770 charaxatura
3075 2717 3351 2791 significat
3380 2718 3564 2772 obdu-

1951 2811 2191 2864 ctionem
2218 2809 2334 2862 sive
2395 2807 2753 2861 deletionem.
2811 2807 2990 2861 Verbo
3045 2824 3300 2862 caraxare
3331 2818 3386 2863 et
3414 2825 3568 2863 cara-

1954 2901 2065 2952 xari
2093 2913 2190 2968 pro
2225 2896 2537 2966 insculpere
2580 2905 2633 2950 et
2662 2896 2892 2967 insculpi
2939 2897 3108 2951 utitur
3135 2899 3425 2972 Gregorius
3453 2899 3567 2953 Tu-

1956 2986 2207 3040 ronensis
2261 2986 2399 3039 libro
2442 2985 2700 3055 septimo,
2748 2986 2928 3056 capite
2977 2986 3253 3041 tricesimo
3299 2995 3474 3053 sexto,
3516 2995 3572 3042 et

1953 3074 2096 3128 libro
2128 3082 2340 3142 octavo,
2373 3075 2550 3144 capite
2587 3075 2853 3129 vicesimo
2884 3090 3050 3130 nono.
3085 3077 3286 3130 Auctor
3311 3077 3570 3131 nosterin

1881 3139 1930 3206 Ο
1957 3167 2183 3238 prologo
2208 3167 2634 3219 chararatorum
2664 3168 2990 3235 imligcntia,
3027 3168 3078 3220 id
3111 3176 3192 3222 est
3222 3169 3574 3239 scriptorum,

1955 3274 2054 3312 seu
2086 3258 2468 3324 scribentium,
2526 3257 2667 3311 libro
2700 3260 2899 3328 primo,
2943 3261 3124 3329 capite
3165 3276 3310 3315 nono
3333 3277 3574 3314 caraxe-

1958 3354 2088 3415 tum,
2125 3349 2178 3400 id
2207 3355 2290 3402 est
2328 3349 2614 3417 scriptum.
2676 3351 2819 3404 Infra
2853 3351 2990 3405 libro
3026 3353 3207 3418 tertio,
3262 3353 3443 3424 capite
3475 3352 3576 3406 de-

1957 3439 2097 3493 cimo
2153 3447 2328 3503 sexto,
2388 3439 2531 3492 idem
2580 3438 2891 3512 signiﬁcare
2942 3441 3162 3497 videtur
3204 3444 3352 3515 quod
3384 3449 3574 3498 notare

1961 3529 2045 3582 vel
2079 3527 2430 3599 redarguere.
2488 3527 2621 3580 Vide
2652 3536 2897 3582 nostrum
2952 3529 3192 3586 indicem
3235 3549 3433 3588 vocum
3469 3531 3576 3586 ob-

1961 3635 2239 3674 scurarum
2269 3619 2324 3672 in
2376 3619 2574 3674 Chron.
2637 3618 3034 3689 Cameracensi,
3064 3624 3158 3676 ubi
3200 3632 3253 3679 et
3301 3625 3483 3680 locum
3511 3640 3576 3679 ex

1965 3712 2264 3768 Prudentio
2296 3712 2609 3767 citavimus.

2038 3809 2323 3861 Peractum
2376 3808 2552 3864 Remis
2611 3806 2698 3860 die
2727 3811 2776 3859 et
2823 3808 3036 3861 consule
3070 3813 3403 3878 supradicto.
3437 3809 3575 3865 Hinc

1969 3907 2201 3966 constat,
2235 3907 2660 3970 quantacunque
2709 3898 2847 3952 facta
2891 3899 2962 3953 sit
3012 3917 3043 3953 a
3094 3901 3253 3955 nobis
3285 3903 3573 3975 diligentia

1967 3998 2028 4044 ut
2050 3991 2266 4045 sincere
2296 3998 2350 4045 et
2395 3991 2607 4064 integre
2658 3991 2762 4045 hoc
2813 3997 3196 4045 testamentum
3258 3992 3573 4061 ederemus,

1967 4091 2149 4138 tamen
2191 4084 2398 4154 aliquid
2456 4084 2636 4138 adhuc
2693 4083 2850 4138 initio
2910 4083 3126 4150 deesse,
3188 4082 3317 4153 quia
3369 4083 3444 4136 ibi
3479 4100 3584 4140 nec

1967 4173 2079 4238 die,
2120 4188 2224 4226 nec
2263 4172 2506 4227 consulis
2536 4171 2648 4226 ulla
2692 4170 2752 4224 ﬁt
2809 4171 3035 4226 mentio.
3099 4171 3250 4234 Quod
3281 4170 3579 4226 dolendum

1969 4268 2072 4327 est,
2106 4261 2235 4332 quia
2253 4259 2325 4315 ob
2358 4262 2462 4315 hoc
2496 4262 2781 4333 ignoratur
2820 4268 3038 4331 tempus
3067 4259 3230 4328 hujus
3273 4262 3586 4317 testamenti

1969 4347 2202 4403 conditi.

2037 4437 2492 4493 Intercedentibus
2522 4440 2776 4493 etmediis
2808 4440 3195 4506 signatoribus.
3224 4437 3300 4491 Ita
3333 4437 3417 4491 CJ.
3439 4439 3587 4494 Bris-

248 4545 620 4602 Catt-usionem
675 4547 724 4596 et
787 4543 1126 4596 Aulietenam
1181 4512 1544 4612 quomodouet
1588 4543 1622 4596 C
1677 4543 1731 4596 in
1766 4544 1851 4597 im-

1972 4528 2163 4584 sonius
2193 4545 2302 4599 quo
2331 4529 2507 4584 tendit
2538 4531 2604 4597 M,
2641 4531 2787 4600 quod
2820 4531 2949 4602 legit
2982 4531 3276 4585 meridicis.
3313 4529 3384 4582 Ex
3419 4531 3583 4599 quoS

253 4649 476 4707 presso.

327 4727 756 4798 Leutibcredum.
816 4726 902 4781 Sic
941 4726 1050 4793 MS,
1107 4727 1171 4780 At
1211 4726 1273 4780 CJ
1307 4733 1361 4780 ct
1427 4726 1616 4794 Briss.,
1675 4729 1876 4781 Lcube—

251 4820 469 4876 redum.

335 4914 647 4977 Vasantcm,
709 4913 916 4967 Cocum.
969 4911 1057 4965 Sic
1096 4911 1181 4964 MS
1225 4910 1259 4963 C
1309 4917 1363 4963 et
1391 4909 1731 4976 Brissonius;
1767 4912 1865 4965 sed

252 5009 291 5063 C
326 5012 480 5061 notat
509 5007 563 5059 in
585 5006 832 5078 margine
864 5006 998 5059 alias
1057 5005 1161 5077 legi
1229 5007 1461 5071 Adeunt,
1489 5007 1538 5074 J,
1575 5008 1870 5060 Vasantem

254 5116 467 5168 cocum,
496 5107 554 5154 ut
581 5101 648 5154 sit
693 5099 1106 5170 appellativum,
1147 5114 1254 5152 non
1287 5106 1468 5154 autem
1501 5100 1610 5154 duo
1647 5099 1872 5168 prepria

259 5189 512 5246 nomina.

333 5285 746 5346 Daga-rasenam
773 5284 821 5333 et
846 5278 1298 5334 Baudorosenam.
1350 5278 1410 5333 Et
1444 5277 1582 5331 infra
1617 5295 1628 5330 :
1663 5279 1869 5332 Flava-

259 5387 540 5428 rasenam.
595 5370 683 5425 Sic
740 5369 800 5423 CJ
852 5376 904 5424 et
955 5369 1283 5423 Brissonius.
1319 5369 1450 5422 Item
1508 5368 1562 5432 S,
1598 5368 1702 5420 nisi
1725 5369 1875 5438 quod

261 5465 411 5536 legat
443 5477 565 5514 cum
600 5460 644 5512 M
698 5464 1080 5526 Dagarascam.
1142 5458 1371 5528 Reliqua
1403 5459 1510 5511 duo
1547 5457 1591 5510 M
1615 5456 1747 5529 legit
1780 5476 1877 5528 per

259 5567 298 5607 ιι
331 5550 387 5605 in
419 5548 614 5603 ultima
642 5547 847 5618 syllaba
885 5547 1340 5610 Baudoroscuam,
1365 5547 1800 5599 Flavaraseuam.

334 5639 764 5693 Modorosenam.
794 5635 883 5690 Sic
913 5633 1348 5690 CetBrissonius
1372 5650 1386 5700 ;
1412 5632 1478 5702 M,
1498 5632 1874 5693 Odoresevam.

261 5731 350 5802 SI,
385 5727 762 5785 Odo-rosenam.

1979 4621 2109 4676 fecit
2133 4623 2400 4676 veridicis.
2424 4621 2551 4685 Quae
2584 4621 2746 4677 lectio
2769 4637 2897 4677 vera
2913 4621 3084 4677 videri
3115 4624 3321 4692 posset,
3351 4621 3456 4675 nisi
3485 4621 3588 4676 ob-

1976 4725 2143 4770 staret
2174 4717 2305 4770 illud
2337 4722 2403 4772 et.

2043 4807 2295 4877 Episc0pi
2320 4808 2412 4878 qui
2443 4815 2772 4864 testamento
2805 4809 3217 4882 subsignarunt,
3254 4809 3358 4864 hoc
3390 4808 3583 4864 ordine

1969 4899 2246 4965 recensiti,
2279 4901 2333 4953 hi
2393 4907 2520 4953 sunt
2552 4901 2819 4953 :Sanctus
2870 4901 3136 4954 Vedastus
3187 4898 3585 4966 Atrebatensis,

1969 5000 2191 5045 sanctus
2219 4992 2586 5047 Genebaudus
2653 4993 3057 5059 Laudunensis,
3114 4999 3337 5046 sanctus
3375 4992 3586 5046 Medar-

1973 5085 2075 5138 dus
2095 5084 2472 5139 Noviomensis
2495 5094 2549 5139 et
2579 5087 2942 5140 Tornacensis
2971 5086 3270 5154 unitarum,
3314 5084 3368 5137 S.
3400 5084 3585 5156 Lupus

1975 5173 2409 5240 Suessionensis,
2443 5174 2770 5227 Benedictus
2802 5183 2855 5227 et
2879 5174 3136 5247 Eulogius

2048 5266 2104 5317 ln
2129 5263 2428 5332 exemplari
2459 5264 2504 5316 Μ
2561 5271 2685 5333 post
2734 5265 3052 5318 Medardum
3085 5263 3194 5318 duo
3226 5263 3465 5317 addendi
3495 5265 3580 5320 vi-

1976 5357 2193 5411 dentur.
2229 5354 2358 5408 Nam
2377 5353 2463 5407 bis
2485 5353 2668 5408 denuo
2700 5362 2981 5423 ponuntur
3017 5353 3111 5407 illa
3146 5354 3331 5420 verba,
3356 5357 3447 5407 cui
3469 5371 3578 5424 pa-

1977 5458 2059 5506 ter
2087 5466 2230 5505 meus
2264 5451 2559 5517 Remigius,
2611 5454 2740 5514 etc,
2793 5449 2981 5502 addita
3011 5464 3194 5515 cruce,
3228 5448 3327 5502 sed
3359 5448 3581 5503 omissis

1981 5546 2316 5612 nominibus,
2349 5552 2402 5600 et
2432 5545 2556 5599 ideo
2610 5545 2676 5598 ab
2710 5544 2829 5598 aliis
2888 5544 3166 5613 prieteriti.
3203 5544 3377 5610 Quare
3403 5559 3585 5615 operae

1979 5635 2211 5704 pretium
2234 5633 2399 5689 fuerit
2463 5635 2739 5706 inquirere
2787 5650 2855 5688 an
2903 5633 2959 5686 in
3015 5633 3252 5687 archivis
3321 5632 3578 5688 Ecclesiae

1979 5724 2265 5779 Remensis
2294 5725 2379 5782 vel
2409 5726 2464 5781 in
2491 5727 2710 5800 scriptis
2757 5725 3027 5782 llincmari
3069 5739 3179 5781 non
3211 5723 3386 5796 possit
3419 5737 3592 5799 repcg
