  <div class='ocr_page' id='page_1' title='image "/cluster/home/n/w/nwhite01/storage/ocr_20150623/134-135/uva.x000829784/759.png"; bbox 0 0 3972 6206; ppageno 0'>
   <div class='ocr_carea' id='block_1_1' title="bbox 372 5870 435 5919">
    <p class='ocr_par' dir='ltr' id='par_1_1' title="bbox 372 5870 435 5919">
     <span class='ocr_line' id='line_1_1' title="bbox 372 5870 435 5919; baseline 0 0"><span class='ocrx_word' id='word_1_1' title='bbox 372 5870 435 5919; x_wconf 49' lang='grc' dir='ltr'>’ξι</span> 
     </span>
    </p>
   </div>
   <div class='ocr_carea' id='block_1_2' title="bbox 484 293 589 349">
    <p class='ocr_par' dir='ltr' id='par_1_2' title="bbox 484 293 589 349">
     <span class='ocr_line' id='line_1_2' title="bbox 484 293 589 349; baseline 0 0"><span class='ocrx_word' id='word_1_2' title='bbox 484 293 589 349; x_wconf 78' lang='lat'>355</span> 
     </span>
    </p>
   </div>
   <div class='ocr_carea' id='block_1_3' title="bbox 1315 284 2973 345">
    <p class='ocr_par' dir='ltr' id='par_1_3' title="bbox 1315 284 2973 345">
     <span class='ocr_line' id='line_1_3' title="bbox 1315 284 2973 345; baseline -0.001 -1"><span class='ocrx_word' id='word_1_3' title='bbox 1315 287 1708 344; x_wconf 77' lang='lat' dir='ltr'>COLVENERII</span> <span class='ocrx_word' id='word_1_4' title='bbox 1752 286 2025 343; x_wconf 81' lang='lat' dir='ltr'>SCHOLIA</span> <span class='ocrx_word' id='word_1_5' title='bbox 2068 288 2133 344; x_wconf 88' lang='lat' dir='ltr'>IN</span> <span class='ocrx_word' id='word_1_6' title='bbox 2174 286 2342 345; x_wconf 82' lang='lat' dir='ltr'>lllST.</span> <span class='ocrx_word' id='word_1_7' title='bbox 2381 286 2669 344; x_wconf 80' lang='lat' dir='ltr'>REMENS.</span> <span class='ocrx_word' id='word_1_8' title='bbox 2712 284 2973 343; x_wconf 84' lang='lat' dir='ltr'>ECCLES.</span> 
     </span>
    </p>
   </div>
   <div class='ocr_carea' id='block_1_4' title="bbox 3664 293 3746 352">
    <p class='ocr_par' dir='ltr' id='par_1_4' title="bbox 3664 293 3746 352">
     <span class='ocr_line' id='line_1_4' title="bbox 3664 293 3746 352; baseline 0 0"><span class='ocrx_word' id='word_1_9' title='bbox 3664 293 3746 352; x_wconf 74' lang='grc'>356</span> 
     </span>
    </p>
   </div>
   <div class='ocr_carea' id='block_1_5' title="bbox 485 411 3750 489">
    <p class='ocr_par' dir='ltr' id='par_1_5' title="bbox 485 411 3750 489">
     <span class='ocr_line' id='line_1_5' title="bbox 485 411 3750 489; baseline 0 -14"><span class='ocrx_word' id='word_1_10' title='bbox 485 421 576 475; x_wconf 92' lang='lat' dir='ltr'>riri</span> <span class='ocrx_word' id='word_1_11' title='bbox 609 419 910 475; x_wconf 90' lang='lat' dir='ltr'>correctius</span> <span class='ocrx_word' id='word_1_12' title='bbox 966 416 1186 487; x_wconf 88' lang='lat' dir='ltr'>aliquod</span> <span class='ocrx_word' id='word_1_13' title='bbox 1241 416 1519 486; x_wconf 84' lang='lat' dir='ltr'>exemplar</span> <span class='ocrx_word' id='word_1_14' title='bbox 1567 415 1880 471; x_wconf 89' lang='lat' dir='ltr'>testamenti</span> <span class='ocrx_word' id='word_1_15' title='bbox 1908 416 2090 485; x_wconf 86' lang='lat' dir='ltr'>hujus.</span> <span class='ocrx_word' id='word_1_16' title='bbox 2120 420 2171 489; x_wconf 81' lang='grc' dir='ltr'>Α</span> <span class='ocrx_word' id='word_1_17' title='bbox 2200 423 2258 471; x_wconf 91' lang='lat' dir='ltr'>nt</span> <span class='ocrx_word' id='word_1_18' title='bbox 2286 415 2355 470; x_wconf 88' lang='lat' dir='ltr'>ad</span> <span class='ocrx_word' id='word_1_19' title='bbox 2383 415 2708 486; x_wconf 88' lang='lat' dir='ltr'>episcopum</span> <span class='ocrx_word' id='word_1_20' title='bbox 2735 413 3067 481; x_wconf 87' lang='lat' dir='ltr'>referantur,</span> <span class='ocrx_word' id='word_1_21' title='bbox 3094 411 3243 485; x_wconf 90' lang='lat' dir='ltr'>quod</span> <span class='ocrx_word' id='word_1_22' title='bbox 3267 414 3459 482; x_wconf 87' lang='lat' dir='ltr'>tenuit,</span> <span class='ocrx_word' id='word_1_23' title='bbox 3485 415 3653 473; x_wconf 83' lang='lat' dir='ltr'>Ebone</span> <span class='ocrx_word' id='word_1_24' title='bbox 3675 420 3750 475; x_wconf 89' lang='lat' dir='ltr'>de-</span> 
     </span>
    </p>
   </div>
   <div class='ocr_carea' id='block_1_6' title="bbox 483 508 2097 580">
    <p class='ocr_par' dir='ltr' id='par_1_6' title="bbox 483 508 2097 580">
     <span class='ocr_line' id='line_1_6' title="bbox 483 508 2097 580; baseline -0.004 -12"><span class='ocrx_word' id='word_1_25' title='bbox 483 514 614 568; x_wconf 86' lang='lat' dir='ltr'>Nam</span> <span class='ocrx_word' id='word_1_26' title='bbox 654 529 786 568; x_wconf 83' lang='lat' dir='ltr'>sane</span> <span class='ocrx_word' id='word_1_27' title='bbox 807 510 1123 567; x_wconf 88' lang='lat' dir='ltr'>verosimile</span> <span class='ocrx_word' id='word_1_28' title='bbox 1150 516 1232 564; x_wconf 91' lang='lat' dir='ltr'>est</span> <span class='ocrx_word' id='word_1_29' title='bbox 1258 526 1451 564; x_wconf 89' lang='lat' dir='ltr'>omnes</span> <span class='ocrx_word' id='word_1_30' title='bbox 1480 509 1628 563; x_wconf 91' lang='lat' dir='ltr'>illius</span> <span class='ocrx_word' id='word_1_31' title='bbox 1659 508 1956 580; x_wconf 61' lang='lat' dir='ltr'>provinciae</span> <span class='ocrx_word' id='word_1_32' title='bbox 1977 509 2097 579; x_wconf 79' lang='lat' dir='ltr'>epi-</span> 
     </span>
    </p>
   </div>
   <div class='ocr_carea' id='block_1_7' title="bbox 483 601 1834 676">
    <p class='ocr_par' dir='ltr' id='par_1_7' title="bbox 483 601 1834 676">
     <span class='ocr_line' id='line_1_7' title="bbox 483 601 1834 676; baseline -0.004 -15"><span class='ocrx_word' id='word_1_33' title='bbox 483 621 702 676; x_wconf 88' lang='lat' dir='ltr'>scopos,</span> <span class='ocrx_word' id='word_1_34' title='bbox 727 605 819 676; x_wconf 88' lang='lat' dir='ltr'>qui</span> <span class='ocrx_word' id='word_1_35' title='bbox 837 612 967 658; x_wconf 88' lang='lat' dir='ltr'>tunc</span> <span class='ocrx_word' id='word_1_36' title='bbox 993 618 1189 658; x_wconf 85' lang='lat' dir='ltr'>novem</span> <span class='ocrx_word' id='word_1_37' title='bbox 1215 608 1390 669; x_wconf 90' lang='lat' dir='ltr'>erant,</span> <span class='ocrx_word' id='word_1_38' title='bbox 1418 601 1834 671; x_wconf 89' lang='lat' dir='ltr'>subscripsisse.</span> 
     </span>
    </p>
   </div>
   <div class='ocr_carea' id='block_1_8' title="bbox 554 692 2095 765">
    <p class='ocr_par' dir='ltr' id='par_1_8' title="bbox 554 692 2095 765">
     <span class='ocr_line' id='line_1_8' title="bbox 554 692 2095 765; baseline -0.003 -15"><span class='ocrx_word' id='word_1_39' title='bbox 554 698 614 750; x_wconf 93' lang='lat' dir='ltr'>ln</span> <span class='ocrx_word' id='word_1_40' title='bbox 646 694 1019 764; x_wconf 90' lang='lat' dir='ltr'>manuscripto</span> <span class='ocrx_word' id='word_1_41' title='bbox 1043 693 1078 747; x_wconf 91' lang='lat' dir='ltr'>C</span> <span class='ocrx_word' id='word_1_42' title='bbox 1119 699 1239 763; x_wconf 89' lang='lat' dir='ltr'>post</span> <span class='ocrx_word' id='word_1_43' title='bbox 1260 693 1567 765; x_wconf 83' lang='lat' dir='ltr'>Agricolam</span> <span class='ocrx_word' id='word_1_44' title='bbox 1598 692 1980 763; x_wconf 78' lang='lat' dir='ltr'>presbyterum</span> <span class='ocrx_word' id='word_1_45' title='bbox 2006 707 2095 745; x_wconf 91' lang='lat' dir='ltr'>se-</span> 
     </span>
    </p>
   </div>
   <div class='ocr_carea' id='block_1_9' title="bbox 484 786 2092 863">
    <p class='ocr_par' dir='ltr' id='par_1_9' title="bbox 484 786 2092 863">
     <span class='ocr_line' id='line_1_9' title="bbox 484 786 2092 863; baseline -0.002 -20"><span class='ocrx_word' id='word_1_46' title='bbox 484 789 673 863; x_wconf 89' lang='lat' dir='ltr'>quitur</span> <span class='ocrx_word' id='word_1_47' title='bbox 699 789 896 842; x_wconf 86' lang='lat' dir='ltr'>iterum</span> <span class='ocrx_word' id='word_1_48' title='bbox 952 786 1214 861; x_wconf 79' lang='lat' dir='ltr'>Eulogius</span> <span class='ocrx_word' id='word_1_49' title='bbox 1268 786 1586 856; x_wconf 90' lang='lat' dir='ltr'>episcopus,</span> <span class='ocrx_word' id='word_1_50' title='bbox 1628 788 1717 840; x_wconf 88' lang='lat' dir='ltr'>cui</span> <span class='ocrx_word' id='word_1_51' title='bbox 1740 790 1898 855; x_wconf 85' lang='lat' dir='ltr'>pater</span> <span class='ocrx_word' id='word_1_52' title='bbox 1925 800 2092 850; x_wconf 88' lang='lat' dir='ltr'>meus,</span> 
     </span>
    </p>
   </div>
   <div class='ocr_carea' id='block_1_10' title="bbox 484 873 2095 943">
    <p class='ocr_par' dir='ltr' id='par_1_10' title="bbox 484 873 2095 943">
     <span class='ocr_line' id='line_1_10' title="bbox 484 873 2095 943; baseline -0.002 -13"><span class='ocrx_word' id='word_1_53' title='bbox 484 884 593 941; x_wconf 91' lang='lat' dir='ltr'>etc,</span> <span class='ocrx_word' id='word_1_54' title='bbox 649 876 854 929; x_wconf 90' lang='lat' dir='ltr'>deinde</span> <span class='ocrx_word' id='word_1_55' title='bbox 882 875 1083 929; x_wconf 90' lang='lat' dir='ltr'>iterum</span> <span class='ocrx_word' id='word_1_56' title='bbox 1111 874 1407 942; x_wconf 84' lang='lat' dir='ltr'>:Agricola</span> <span class='ocrx_word' id='word_1_57' title='bbox 1433 874 1735 943; x_wconf 79' lang='lat' dir='ltr'>presbyter.</span> <span class='ocrx_word' id='word_1_58' title='bbox 1770 873 1969 928; x_wconf 86' lang='lat' dir='ltr'>Verum</span> <span class='ocrx_word' id='word_1_59' title='bbox 1997 873 2095 927; x_wconf 84' lang='lat' dir='ltr'>hoc</span> 
     </span>
    </p>
   </div>
   <div class='ocr_carea' id='block_1_11' title="bbox 483 960 2095 1034">
    <p class='ocr_par' dir='ltr' id='par_1_11' title="bbox 483 960 2095 1034">
     <span class='ocr_line' id='line_1_11' title="bbox 483 960 2095 1034; baseline -0.001 -16"><span class='ocrx_word' id='word_1_60' title='bbox 483 964 770 1034; x_wconf 82' lang='lat' dir='ltr'>scriptoris</span> <span class='ocrx_word' id='word_1_61' title='bbox 801 964 1063 1017; x_wconf 92' lang='lat' dir='ltr'>mendum</span> <span class='ocrx_word' id='word_1_62' title='bbox 1097 968 1196 1015; x_wconf 90' lang='lat' dir='ltr'>est.</span> <span class='ocrx_word' id='word_1_63' title='bbox 1232 962 1362 1015; x_wconf 84' lang='lat' dir='ltr'>Nam</span> <span class='ocrx_word' id='word_1_64' title='bbox 1398 961 1502 1015; x_wconf 91' lang='lat' dir='ltr'>etsi</span> <span class='ocrx_word' id='word_1_65' title='bbox 1535 960 1653 1015; x_wconf 81' lang='lat' dir='ltr'>ﬁeri</span> <span class='ocrx_word' id='word_1_66' title='bbox 1708 962 1877 1031; x_wconf 86' lang='lat' dir='ltr'>possit</span> <span class='ocrx_word' id='word_1_67' title='bbox 1900 968 1958 1015; x_wconf 91' lang='lat' dir='ltr'>ut</span> <span class='ocrx_word' id='word_1_68' title='bbox 1987 962 2095 1016; x_wconf 92' lang='lat' dir='ltr'>duo</span> 
     </span>
    </p>
   </div>
   <div class='ocr_carea' id='block_1_12' title="bbox 482 1053 2097 1129">
    <p class='ocr_par' dir='ltr' id='par_1_12' title="bbox 482 1053 2097 1129">
     <span class='ocr_line' id='line_1_12' title="bbox 482 1053 2097 1129; baseline -0.002 -19"><span class='ocrx_word' id='word_1_69' title='bbox 482 1055 869 1129; x_wconf 81' lang='lat' dir='ltr'>subsignarent</span> <span class='ocrx_word' id='word_1_70' title='bbox 897 1054 1145 1125; x_wconf 84' lang='lat' dir='ltr'>episcOpi</span> <span class='ocrx_word' id='word_1_71' title='bbox 1168 1053 1418 1121; x_wconf 87' lang='lat' dir='ltr'>ejusdem</span> <span class='ocrx_word' id='word_1_72' title='bbox 1445 1053 1709 1118; x_wconf 88' lang='lat' dir='ltr'>nominis,</span> <span class='ocrx_word' id='word_1_73' title='bbox 1734 1061 1917 1107; x_wconf 88' lang='lat' dir='ltr'>tamen</span> <span class='ocrx_word' id='word_1_74' title='bbox 1950 1069 2097 1106; x_wconf 92' lang='lat' dir='ltr'>nun-</span> 
     </span>
    </p>
   </div>
   <div class='ocr_carea' id='block_1_13' title="bbox 483 1140 2096 1216">
    <p class='ocr_par' dir='ltr' id='par_1_13' title="bbox 483 1140 2096 1216">
     <span class='ocr_line' id='line_1_13' title="bbox 483 1140 2096 1216; baseline -0.002 -18"><span class='ocrx_word' id='word_1_75' title='bbox 483 1161 648 1216; x_wconf 87' lang='lat' dir='ltr'>quam</span> <span class='ocrx_word' id='word_1_76' title='bbox 676 1144 973 1213; x_wconf 87' lang='lat' dir='ltr'>episcopus</span> <span class='ocrx_word' id='word_1_77' title='bbox 1005 1150 1127 1213; x_wconf 92' lang='lat' dir='ltr'>post</span> <span class='ocrx_word' id='word_1_78' title='bbox 1159 1142 1543 1213; x_wconf 82' lang='lat' dir='ltr'>presbyterum</span> <span class='ocrx_word' id='word_1_79' title='bbox 1585 1140 1955 1213; x_wconf 83' lang='lat' dir='ltr'>subsignaret.</span> <span class='ocrx_word' id='word_1_80' title='bbox 1987 1143 2096 1195; x_wconf 91' lang='lat' dir='ltr'>lta-</span> 
     </span>
    </p>
   </div>
   <div class='ocr_carea' id='block_1_14' title="bbox 482 1236 2096 1311">
    <p class='ocr_par' dir='ltr' id='par_1_14' title="bbox 482 1236 2096 1311">
     <span class='ocr_line' id='line_1_14' title="bbox 482 1236 2096 1311; baseline -0.001 -18"><span class='ocrx_word' id='word_1_81' title='bbox 482 1256 591 1311; x_wconf 88' lang='lat' dir='ltr'>que</span> <span class='ocrx_word' id='word_1_82' title='bbox 638 1240 756 1293; x_wconf 71' lang='lat' dir='ltr'>haec</span> <span class='ocrx_word' id='word_1_83' title='bbox 811 1253 934 1292; x_wconf 88' lang='lat' dir='ltr'>cum</span> <span class='ocrx_word' id='word_1_84' title='bbox 986 1238 1215 1308; x_wconf 88' lang='lat' dir='ltr'>reliquis</span> <span class='ocrx_word' id='word_1_85' title='bbox 1260 1237 1521 1292; x_wconf 90' lang='lat' dir='ltr'>omnibus</span> <span class='ocrx_word' id='word_1_86' title='bbox 1576 1236 1986 1307; x_wconf 82' lang='lat' dir='ltr'>exemplaribus</span> <span class='ocrx_word' id='word_1_87' title='bbox 2041 1244 2096 1291; x_wconf 92' lang='lat' dir='ltr'>et</span> 
     </span>
    </p>
   </div>
   <div class='ocr_carea' id='block_1_15' title="bbox 484 1326 1134 1397">
    <p class='ocr_par' dir='ltr' id='par_1_15' title="bbox 484 1326 1134 1397">
     <span class='ocr_line' id='line_1_15' title="bbox 484 1326 1134 1397; baseline -0.003 -16"><span class='ocrx_word' id='word_1_88' title='bbox 484 1328 763 1381; x_wconf 80' lang='lat' dir='ltr'>Brissonio</span> <span class='ocrx_word' id='word_1_89' title='bbox 790 1326 1134 1397; x_wconf 66' lang='lat' dir='ltr'>praetermisi.</span> 
     </span>
    </p>
   </div>
   <div class='ocr_carea' id='block_1_16' title="bbox 559 1418 2094 1490">
    <p class='ocr_par' dir='ltr' id='par_1_16' title="bbox 559 1418 2094 1490">
     <span class='ocr_line' id='line_1_16' title="bbox 559 1418 2094 1490; baseline -0.003 -14"><span class='ocrx_word' id='word_1_90' title='bbox 559 1422 891 1478; x_wconf 83' lang='lat' dir='ltr'>Theodo-nius</span> <span class='ocrx_word' id='word_1_91' title='bbox 916 1420 1214 1490; x_wconf 84' lang='lat' dir='ltr'>presbyter.</span> <span class='ocrx_word' id='word_1_92' title='bbox 1251 1418 1341 1474; x_wconf 89' lang='lat' dir='ltr'>Sic</span> <span class='ocrx_word' id='word_1_93' title='bbox 1373 1418 1535 1473; x_wconf 90' lang='lat' dir='ltr'>Briss.</span> <span class='ocrx_word' id='word_1_94' title='bbox 1570 1425 1624 1472; x_wconf 93' lang='lat' dir='ltr'>et</span> <span class='ocrx_word' id='word_1_95' title='bbox 1651 1418 1706 1484; x_wconf 94' lang='lat' dir='ltr'>C,</span> <span class='ocrx_word' id='word_1_96' title='bbox 1736 1425 1932 1474; x_wconf 87' lang='lat' dir='ltr'>notans</span> <span class='ocrx_word' id='word_1_97' title='bbox 1960 1418 2094 1473; x_wconf 87' lang='lat' dir='ltr'>alias</span> 
     </span>
    </p>
   </div>
   <div class='ocr_carea' id='block_1_17' title="bbox 482 1510 2091 1588">
    <p class='ocr_par' dir='ltr' id='par_1_17' title="bbox 482 1510 2091 1588">
     <span class='ocr_line' id='line_1_17' title="bbox 482 1510 2091 1588; baseline -0.001 -21"><span class='ocrx_word' id='word_1_98' title='bbox 482 1514 588 1588; x_wconf 75' lang='lat' dir='ltr'>legi</span> <span class='ocrx_word' id='word_1_99' title='bbox 626 1513 975 1578; x_wconf 80' lang='lat' dir='ltr'>Theodonus;</span> <span class='ocrx_word' id='word_1_100' title='bbox 1006 1511 1093 1565; x_wconf 84' lang='lat' dir='ltr'>MS</span> <span class='ocrx_word' id='word_1_101' title='bbox 1124 1510 1171 1571; x_wconf 85' lang='lat' dir='ltr'>J,</span> <span class='ocrx_word' id='word_1_102' title='bbox 1211 1511 1580 1565; x_wconf 79' lang='lat' dir='ltr'>Theodericus.</span> <span class='ocrx_word' id='word_1_103' title='bbox 1607 1511 1764 1565; x_wconf 89' lang='lat' dir='ltr'>Forte</span> <span class='ocrx_word' id='word_1_104' title='bbox 1795 1511 2091 1585; x_wconf 85' lang='lat' dir='ltr'>legendum</span> 
     </span>
    </p>
   </div>
   <div class='ocr_carea' id='block_1_18' title="bbox 486 1607 816 1661">
    <p class='ocr_par' dir='ltr' id='par_1_18' title="bbox 486 1607 816 1661">
     <span class='ocr_line' id='line_1_18' title="bbox 486 1607 816 1661; baseline -0.006 0"><span class='ocrx_word' id='word_1_105' title='bbox 486 1607 791 1661; x_wconf 80' lang='lat' dir='ltr'>Theodorus</span> <span class='ocrx_word' id='word_1_106' title='bbox 802 1644 816 1659; x_wconf 94' lang='lat'>.</span> 
     </span>
    </p>
   </div>
   <div class='ocr_carea' id='block_1_19' title="bbox 2199 505 3747 581">
    <p class='ocr_par' dir='ltr' id='par_1_19' title="bbox 2199 505 3747 581">
     <span class='ocr_line' id='line_1_19' title="bbox 2199 505 3747 581; baseline 0.002 -18"><span class='ocrx_word' id='word_1_107' title='bbox 2199 508 2403 579; x_wconf 87' lang='lat' dir='ltr'>posito,</span> <span class='ocrx_word' id='word_1_108' title='bbox 2432 516 2491 562; x_wconf 90' lang='lat' dir='ltr'>ut</span> <span class='ocrx_word' id='word_1_109' title='bbox 2521 513 2670 578; x_wconf 89' lang='lat' dir='ltr'>patet</span> <span class='ocrx_word' id='word_1_110' title='bbox 2695 522 2761 561; x_wconf 93' lang='lat' dir='ltr'>ex</span> <span class='ocrx_word' id='word_1_111' title='bbox 2789 505 2984 561; x_wconf 90' lang='lat' dir='ltr'>ultimo</span> <span class='ocrx_word' id='word_1_112' title='bbox 3036 521 3157 576; x_wconf 89' lang='lat' dir='ltr'>cap.</span> <span class='ocrx_word' id='word_1_113' title='bbox 3186 505 3288 562; x_wconf 87' lang='lat' dir='ltr'>lib.</span> <span class='ocrx_word' id='word_1_114' title='bbox 3320 523 3380 573; x_wconf 81' lang='lat' dir='ltr'>u,</span> <span class='ocrx_word' id='word_1_115' title='bbox 3409 516 3462 563; x_wconf 89' lang='lat' dir='ltr'>et</span> <span class='ocrx_word' id='word_1_116' title='bbox 3481 510 3572 565; x_wconf 76' lang='lat' dir='ltr'>c.l</span> <span class='ocrx_word' id='word_1_117' title='bbox 3601 509 3664 563; x_wconf 88' lang='lat' dir='ltr'>lib</span> <span class='ocrx_word' id='word_1_118' title='bbox 3686 528 3747 581; x_wconf 81' lang='grc' dir='ltr'>ιη,</span> 
     </span>
    </p>
   </div>
   <div class='ocr_carea' id='block_1_20' title="bbox 2198 600 3747 673">
    <p class='ocr_par' dir='ltr' id='par_1_20' title="bbox 2198 600 3747 673">
     <span class='ocr_line' id='line_1_20' title="bbox 2198 600 3747 673; baseline 0.003 -18"><span class='ocrx_word' id='word_1_119' title='bbox 2198 601 2420 673; x_wconf 86' lang='lat' dir='ltr'>quando</span> <span class='ocrx_word' id='word_1_120' title='bbox 2451 600 2614 656; x_wconf 87' lang='lat' dir='ltr'>sedes</span> <span class='ocrx_word' id='word_1_121' title='bbox 2646 617 2746 672; x_wconf 88' lang='lat' dir='ltr'>per</span> <span class='ocrx_word' id='word_1_122' title='bbox 2771 600 2963 655; x_wconf 91' lang='lat' dir='ltr'>decem</span> <span class='ocrx_word' id='word_1_123' title='bbox 3021 614 3200 656; x_wconf 90' lang='lat' dir='ltr'>annos</span> <span class='ocrx_word' id='word_1_124' title='bbox 3228 601 3457 656; x_wconf 88' lang='lat' dir='ltr'>vacavit.</span> <span class='ocrx_word' id='word_1_125' title='bbox 3484 602 3640 668; x_wconf 79' lang='lat' dir='ltr'>Quare</span> <span class='ocrx_word' id='word_1_126' title='bbox 3663 619 3747 660; x_wconf 89' lang='lat' dir='ltr'>non</span> 
     </span>
    </p>
   </div>
   <div class='ocr_carea' id='block_1_21' title="bbox 2198 694 3750 765">
    <p class='ocr_par' dir='ltr' id='par_1_21' title="bbox 2198 694 3750 765">
     <span class='ocr_line' id='line_1_21' title="bbox 2198 694 3750 765; baseline 0.003 -16"><span class='ocrx_word' id='word_1_127' title='bbox 2198 696 2385 751; x_wconf 86' lang='lat' dir='ltr'>recteJ</span> <span class='ocrx_word' id='word_1_128' title='bbox 2416 696 2564 765; x_wconf 86' lang='lat' dir='ltr'>quod</span> <span class='ocrx_word' id='word_1_129' title='bbox 2594 695 2823 749; x_wconf 85' lang='lat' dir='ltr'>mutavit</span> <span class='ocrx_word' id='word_1_130' title='bbox 2848 694 2904 749; x_wconf 89' lang='lat' dir='ltr'>in</span> <span class='ocrx_word' id='word_1_131' title='bbox 2928 709 3088 764; x_wconf 88' lang='lat' dir='ltr'>quas,</span> <span class='ocrx_word' id='word_1_132' title='bbox 3118 700 3178 749; x_wconf 92' lang='lat' dir='ltr'>ut</span> <span class='ocrx_word' id='word_1_133' title='bbox 3219 694 3290 749; x_wconf 90' lang='lat' dir='ltr'>ad</span> <span class='ocrx_word' id='word_1_134' title='bbox 3321 694 3475 750; x_wconf 88' lang='lat' dir='ltr'>villas</span> <span class='ocrx_word' id='word_1_135' title='bbox 3533 695 3750 753; x_wconf 78' lang='lat' dir='ltr'>referatur</span> 
     </span>
    </p>
   </div>
   <div class='ocr_carea' id='block_1_22' title="bbox 2198 788 3025 847">
    <p class='ocr_par' dir='ltr' id='par_1_22' title="bbox 2198 788 3025 847">
     <span class='ocr_line' id='line_1_22' title="bbox 2198 788 3025 847; baseline 0 -2"><span class='ocrx_word' id='word_1_136' title='bbox 2198 791 2341 847; x_wconf 89' lang='lat' dir='ltr'>sicut</span> <span class='ocrx_word' id='word_1_137' title='bbox 2366 798 2421 845; x_wconf 81' lang='lat' dir='ltr'>et</span> <span class='ocrx_word' id='word_1_138' title='bbox 2453 791 2487 845; x_wconf 91' lang='lat' dir='ltr'>C</span> <span class='ocrx_word' id='word_1_139' title='bbox 2518 792 2571 845; x_wconf 89' lang='lat' dir='ltr'>in</span> <span class='ocrx_word' id='word_1_140' title='bbox 2599 791 2804 846; x_wconf 88' lang='lat' dir='ltr'>Gallico</span> <span class='ocrx_word' id='word_1_141' title='bbox 2819 788 3025 845; x_wconf 90' lang='lat' dir='ltr'>retulit.</span> 
     </span>
    </p>
   </div>
   <div class='ocr_carea' id='block_1_23' title="bbox 2274 880 3744 952">
    <p class='ocr_par' dir='ltr' id='par_1_23' title="bbox 2274 880 3744 952">
     <span class='ocr_line' id='line_1_23' title="bbox 2274 880 3744 952; baseline 0 -15"><span class='ocrx_word' id='word_1_142' title='bbox 2274 884 2474 937; x_wconf 80' lang='lat' dir='ltr'>Villam</span> <span class='ocrx_word' id='word_1_143' title='bbox 2497 883 2768 937; x_wconf 74' lang='lat' dir='ltr'>Iuliacum</span> <span class='ocrx_word' id='word_1_144' title='bbox 2792 882 3019 952; x_wconf 85' lang='lat' dir='ltr'>quidam</span> <span class='ocrx_word' id='word_1_145' title='bbox 3048 882 3278 937; x_wconf 87' lang='lat' dir='ltr'>Ricuino</span> <span class='ocrx_word' id='word_1_146' title='bbox 3322 880 3484 937; x_wconf 82' lang='lat' dir='ltr'>dedit.</span> <span class='ocrx_word' id='word_1_147' title='bbox 3515 881 3744 946; x_wconf 87' lang='lat' dir='ltr'>Quomodo</span> 
     </span>
    </p>
   </div>
   <div class='ocr_carea' id='block_1_24' title="bbox 2198 971 3745 1043">
    <p class='ocr_par' dir='ltr' id='par_1_24' title="bbox 2198 971 3745 1043">
     <span class='ocr_line' id='line_1_24' title="bbox 2198 971 3745 1043; baseline 0 -16"><span class='ocrx_word' id='word_1_148' title='bbox 2198 974 2339 1028; x_wconf 88' lang='lat' dir='ltr'>hanc</span> <span class='ocrx_word' id='word_1_149' title='bbox 2362 974 2717 1028; x_wconf 87' lang='lat' dir='ltr'>donationem</span> <span class='ocrx_word' id='word_1_150' title='bbox 2742 980 2932 1043; x_wconf 91' lang='lat' dir='ltr'>postea</span> <span class='ocrx_word' id='word_1_151' title='bbox 2986 971 3130 1026; x_wconf 90' lang='lat' dir='ltr'>idem</span> <span class='ocrx_word' id='word_1_152' title='bbox 3171 971 3398 1027; x_wconf 81' lang='lat' dir='ltr'>Carolus</span> <span class='ocrx_word' id='word_1_153' title='bbox 3423 971 3599 1027; x_wconf 77' lang='lat' dir='ltr'>Calvus</span> <span class='ocrx_word' id='word_1_154' title='bbox 3624 988 3745 1027; x_wconf 82' lang='lat' dir='ltr'>revo-</span> 
     </span>
    </p>
   </div>
   <div class='ocr_carea' id='block_1_25' title="bbox 2195 1066 3743 1135">
    <p class='ocr_par' dir='ltr' id='par_1_25' title="bbox 2195 1066 3743 1135">
     <span class='ocr_line' id='line_1_25' title="bbox 2195 1066 3743 1135; baseline -0.003 -12"><span class='ocrx_word' id='word_1_155' title='bbox 2195 1069 2420 1135; x_wconf 78' lang='lat' dir='ltr'>caverit,</span> <span class='ocrx_word' id='word_1_156' title='bbox 2452 1075 2510 1123; x_wconf 88' lang='lat' dir='ltr'>et</span> <span class='ocrx_word' id='word_1_157' title='bbox 2556 1067 2741 1122; x_wconf 92' lang='lat' dir='ltr'>villam</span> <span class='ocrx_word' id='word_1_158' title='bbox 2793 1066 2951 1121; x_wconf 89' lang='lat' dir='ltr'>istam</span> <span class='ocrx_word' id='word_1_159' title='bbox 3003 1081 3129 1121; x_wconf 89' lang='lat' dir='ltr'>cum</span> <span class='ocrx_word' id='word_1_160' title='bbox 3172 1067 3430 1122; x_wconf 91' lang='lat' dir='ltr'>omnibus</span> <span class='ocrx_word' id='word_1_161' title='bbox 3475 1067 3587 1121; x_wconf 88' lang='lat' dir='ltr'>aliis</span> <span class='ocrx_word' id='word_1_162' title='bbox 3621 1067 3743 1121; x_wconf 89' lang='lat' dir='ltr'>bonis</span> 
     </span>
    </p>
   </div>
   <div class='ocr_carea' id='block_1_26' title="bbox 2195 1154 3745 1228">
    <p class='ocr_par' dir='ltr' id='par_1_26' title="bbox 2195 1154 3745 1228">
     <span class='ocr_line' id='line_1_26' title="bbox 2195 1154 3745 1228; baseline -0.003 -17"><span class='ocrx_word' id='word_1_163' title='bbox 2195 1173 2315 1228; x_wconf 61' lang='lat' dir='ltr'>qum</span> <span class='ocrx_word' id='word_1_164' title='bbox 2346 1157 2585 1211; x_wconf 87' lang='lat' dir='ltr'>alienata</span> <span class='ocrx_word' id='word_1_165' title='bbox 2641 1154 2861 1210; x_wconf 82' lang='lat' dir='ltr'>fuerant</span> <span class='ocrx_word' id='word_1_166' title='bbox 2914 1155 3171 1209; x_wconf 68' lang='lat' dir='ltr'>Ecclesiae</span> <span class='ocrx_word' id='word_1_167' title='bbox 3218 1156 3471 1210; x_wconf 80' lang='lat' dir='ltr'>Remensi</span> <span class='ocrx_word' id='word_1_168' title='bbox 3500 1156 3745 1210; x_wconf 85' lang='lat' dir='ltr'>restituerit</span> 
     </span>
    </p>
   </div>
   <div class='ocr_carea' id='block_1_27' title="bbox 2196 1246 3597 1319">
    <p class='ocr_par' dir='ltr' id='par_1_27' title="bbox 2196 1246 3597 1319">
     <span class='ocr_line' id='line_1_27' title="bbox 2196 1246 3597 1319; baseline -0.003 -16"><span class='ocrx_word' id='word_1_169' title='bbox 2196 1264 2290 1319; x_wconf 84' lang='lat' dir='ltr'>per</span> <span class='ocrx_word' id='word_1_170' title='bbox 2326 1248 2604 1315; x_wconf 91' lang='lat' dir='ltr'>publicum</span> <span class='ocrx_word' id='word_1_171' title='bbox 2632 1246 2895 1307; x_wconf 82' lang='lat' dir='ltr'>edictum,</span> <span class='ocrx_word' id='word_1_172' title='bbox 2924 1246 3112 1300; x_wconf 91' lang='lat' dir='ltr'>videre</span> <span class='ocrx_word' id='word_1_173' title='bbox 3144 1252 3229 1300; x_wconf 90' lang='lat' dir='ltr'>est</span> <span class='ocrx_word' id='word_1_174' title='bbox 3260 1246 3356 1299; x_wconf 88' lang='lat' dir='ltr'>lib.</span> <span class='ocrx_word' id='word_1_175' title='bbox 3381 1262 3457 1311; x_wconf 87' lang='grc' dir='ltr'>ιιι,</span> <span class='ocrx_word' id='word_1_176' title='bbox 3485 1260 3528 1299; x_wconf 93' lang='lat' dir='ltr'>c.</span> <span class='ocrx_word' id='word_1_177' title='bbox 3551 1247 3597 1299; x_wconf 76' lang='grc'><strong>4.</strong></span> 
     </span>
    </p>
   </div>
   <div class='ocr_carea' id='block_1_28' title="bbox 2266 1334 3745 1408">
    <p class='ocr_par' dir='ltr' id='par_1_28' title="bbox 2266 1334 3745 1408">
     <span class='ocr_line' id='line_1_28' title="bbox 2266 1334 3745 1408; baseline -0.002 -16"><span class='ocrx_word' id='word_1_178' title='bbox 2266 1338 2519 1392; x_wconf 81' lang='lat' dir='ltr'>Moderno</span> <span class='ocrx_word' id='word_1_179' title='bbox 2549 1342 2780 1405; x_wconf 83' lang='lat' dir='ltr'>tempore</span> <span class='ocrx_word' id='word_1_180' title='bbox 2816 1336 3033 1389; x_wconf 86' lang='lat' dir='ltr'>colonus</span> <span class='ocrx_word' id='word_1_181' title='bbox 3072 1334 3386 1405; x_wconf 80' lang='lat' dir='ltr'>quidade</span> <span class='ocrx_word' id='word_1_182' title='bbox 3423 1334 3628 1408; x_wconf 86' lang='lat' dir='ltr'>contigit</span> <span class='ocrx_word' id='word_1_183' title='bbox 3644 1342 3745 1389; x_wconf 68' lang='lat' dir='ltr'>ata-</span> 
     </span>
    </p>
   </div>
   <div class='ocr_carea' id='block_1_29' title="bbox 2196 1423 3665 1493">
    <p class='ocr_par' dir='ltr' id='par_1_29' title="bbox 2196 1423 3665 1493">
     <span class='ocr_line' id='line_1_29' title="bbox 2196 1423 3665 1493; baseline -0.002 -14"><span class='ocrx_word' id='word_1_184' title='bbox 2196 1434 2248 1479; x_wconf 91' lang='lat' dir='ltr'>te</span> <span class='ocrx_word' id='word_1_185' title='bbox 2278 1424 2574 1493; x_wconf 89' lang='lat' dir='ltr'>llincmari,</span> <span class='ocrx_word' id='word_1_186' title='bbox 2602 1439 2727 1477; x_wconf 91' lang='lat' dir='ltr'>nam</span> <span class='ocrx_word' id='word_1_187' title='bbox 2753 1423 2873 1493; x_wconf 92' lang='lat' dir='ltr'>ipse</span> <span class='ocrx_word' id='word_1_188' title='bbox 2904 1438 3001 1493; x_wconf 92' lang='lat' dir='ltr'>pro</span> <span class='ocrx_word' id='word_1_189' title='bbox 3033 1438 3100 1477; x_wconf 91' lang='lat' dir='ltr'>eo</span> <span class='ocrx_word' id='word_1_190' title='bbox 3139 1423 3498 1491; x_wconf 86' lang='lat' dir='ltr'>dicit,nostra</span> <span class='ocrx_word' id='word_1_191' title='bbox 3516 1426 3665 1477; x_wconf 71' lang='lat' dir='ltr'>atate.</span> 
     </span>
    </p>
   </div>
   <div class='ocr_carea' id='block_1_30' title="bbox 2263 1509 3744 1582">
    <p class='ocr_par' dir='ltr' id='par_1_30' title="bbox 2263 1509 3744 1582">
     <span class='ocr_line' id='line_1_30' title="bbox 2263 1509 3744 1582; baseline -0.004 -14"><span class='ocrx_word' id='word_1_192' title='bbox 2263 1516 2367 1569; x_wconf 89' lang='lat' dir='ltr'>Pro</span> <span class='ocrx_word' id='word_1_193' title='bbox 2395 1529 2505 1582; x_wconf 86' lang='lat' dir='ltr'>qua</span> <span class='ocrx_word' id='word_1_194' title='bbox 2530 1529 2587 1566; x_wconf 86' lang='lat' dir='ltr'>re</span> <span class='ocrx_word' id='word_1_195' title='bbox 2634 1527 2805 1581; x_wconf 84' lang='lat' dir='ltr'>nuper</span> <span class='ocrx_word' id='word_1_196' title='bbox 2852 1526 2995 1566; x_wconf 87' lang='lat' dir='ltr'>anno</span> <span class='ocrx_word' id='word_1_197' title='bbox 3040 1514 3340 1581; x_wconf 79' lang='lat' dir='ltr'>praeterito,</span> <span class='ocrx_word' id='word_1_198' title='bbox 3387 1527 3500 1565; x_wconf 88' lang='lat' dir='ltr'>cum</span> <span class='ocrx_word' id='word_1_199' title='bbox 3540 1525 3643 1577; x_wconf 84' lang='lat' dir='ltr'>rege</span> <span class='ocrx_word' id='word_1_200' title='bbox 3672 1509 3744 1564; x_wconf 84' lang='lat' dir='ltr'>Ot-</span> 
     </span>
    </p>
   </div>
   <div class='ocr_carea' id='block_1_31' title="bbox 2191 1602 3744 1676">
    <p class='ocr_par' dir='ltr' id='par_1_31' title="bbox 2191 1602 3744 1676">
     <span class='ocr_line' id='line_1_31' title="bbox 2191 1602 3744 1676; baseline -0.005 -14"><span class='ocrx_word' id='word_1_201' title='bbox 2191 1611 2309 1663; x_wconf 85' lang='lat' dir='ltr'>tone</span> <span class='ocrx_word' id='word_1_202' title='bbox 2334 1613 2382 1661; x_wconf 87' lang='lat' dir='ltr'>et</span> <span class='ocrx_word' id='word_1_203' title='bbox 2411 1608 2642 1676; x_wconf 73' lang='lat' dir='ltr'>praefato</span> <span class='ocrx_word' id='word_1_204' title='bbox 2670 1606 2805 1660; x_wconf 85' lang='lat' dir='ltr'>duce</span> <span class='ocrx_word' id='word_1_205' title='bbox 2832 1606 2995 1659; x_wconf 87' lang='lat' dir='ltr'>locuti</span> <span class='ocrx_word' id='word_1_206' title='bbox 3047 1620 3253 1671; x_wconf 85' lang='lat' dir='ltr'>sumus,</span> <span class='ocrx_word' id='word_1_207' title='bbox 3286 1605 3495 1675; x_wconf 85' lang='lat' dir='ltr'>quando</span> <span class='ocrx_word' id='word_1_208' title='bbox 3522 1606 3671 1673; x_wconf 80' lang='lat' dir='ltr'>Aquis</span> <span class='ocrx_word' id='word_1_209' title='bbox 3690 1602 3744 1655; x_wconf 86' lang='lat' dir='ltr'>ad</span> 
     </span>
    </p>
   </div>
   <div class='ocr_carea' id='block_1_32' title="bbox 558 1695 3740 1766">
    <p class='ocr_par' dir='ltr' id='par_1_32' title="bbox 558 1695 3740 1766">
     <span class='ocr_line' id='line_1_32' title="bbox 558 1695 3740 1766; baseline -0.002 -13"><span class='ocrx_word' id='word_1_210' title='bbox 558 1700 620 1753; x_wconf 86' lang='lat' dir='ltr'>V.</span> <span class='ocrx_word' id='word_1_211' title='bbox 657 1698 710 1751; x_wconf 74' lang='lat'>(3.</span> <span class='ocrx_word' id='word_1_212' title='bbox 753 1698 1027 1766; x_wconf 85' lang='lat' dir='ltr'>Pappolus</span> <span class='ocrx_word' id='word_1_213' title='bbox 1081 1697 1311 1762; x_wconf 80' lang='lat' dir='ltr'>interfui</span> <span class='ocrx_word' id='word_1_214' title='bbox 1376 1699 1426 1749; x_wconf 85' lang='lat' dir='ltr'>et</span> <span class='ocrx_word' id='word_1_215' title='bbox 1481 1697 1798 1765; x_wconf 79' lang='lat' dir='ltr'>subscripsi.</span> <span class='ocrx_word' id='word_1_216' title='bbox 1835 1697 1940 1751; x_wconf 87' lang='lat' dir='ltr'>Sex</span> <span class='ocrx_word' id='word_1_217' title='bbox 1997 1703 2090 1752; x_wconf 87' lang='lat' dir='ltr'>aut</span> <span class='ocrx_word' id='word_1_218' title='bbox 2117 1743 2162 1766; x_wconf 66' lang='grc' dir='ltr'>η</span> <span class='ocrx_word' id='word_1_219' title='bbox 2190 1700 2429 1753; x_wconf 86' lang='lat' dir='ltr'>eumdem</span> <span class='ocrx_word' id='word_1_220' title='bbox 2458 1714 2638 1765; x_wconf 85' lang='lat' dir='ltr'>regem</span> <span class='ocrx_word' id='word_1_221' title='bbox 2684 1699 2843 1752; x_wconf 80' lang='lat' dir='ltr'>missi</span> <span class='ocrx_word' id='word_1_222' title='bbox 2894 1697 3121 1764; x_wconf 85' lang='lat' dir='ltr'>fuimus.</span> <span class='ocrx_word' id='word_1_223' title='bbox 3180 1697 3371 1753; x_wconf 90' lang='lat' dir='ltr'>Sermo</span> <span class='ocrx_word' id='word_1_224' title='bbox 3400 1697 3559 1751; x_wconf 84' lang='lat' dir='ltr'>estde</span> <span class='ocrx_word' id='word_1_225' title='bbox 3589 1695 3740 1750; x_wconf 84' lang='lat' dir='ltr'>Ottoue</span> 
     </span>
    </p>
   </div>
   <div class='ocr_carea' id='block_1_33' title="bbox 479 1788 2091 1861">
    <p class='ocr_par' dir='ltr' id='par_1_33' title="bbox 479 1788 2091 1861">
     <span class='ocr_line' id='line_1_33' title="bbox 479 1788 2091 1861; baseline -0.001 -17"><span class='ocrx_word' id='word_1_226' title='bbox 479 1797 689 1861; x_wconf 85' lang='lat' dir='ltr'>septem</span> <span class='ocrx_word' id='word_1_227' title='bbox 721 1788 1248 1860; x_wconf 89' lang='lat' dir='ltr'>sequentibuslaicis</span> <span class='ocrx_word' id='word_1_228' title='bbox 1277 1788 1333 1841; x_wconf 93' lang='lat' dir='ltr'>in</span> <span class='ocrx_word' id='word_1_229' title='bbox 1363 1790 1665 1859; x_wconf 74' lang='lat' dir='ltr'>exemplari</span> <span class='ocrx_word' id='word_1_230' title='bbox 1697 1789 2091 1859; x_wconf 68' lang='lat' dir='ltr'>Mpraeponun-</span> 
     </span>
    </p>
   </div>
   <div class='ocr_carea' id='block_1_34' title="bbox 482 1877 2089 1949">
    <p class='ocr_par' dir='ltr' id='par_1_34' title="bbox 482 1877 2089 1949">
     <span class='ocr_line' id='line_1_34' title="bbox 482 1877 2089 1949; baseline -0.002 -14"><span class='ocrx_word' id='word_1_231' title='bbox 482 1889 570 1935; x_wconf 92' lang='lat' dir='ltr'>tur</span> <span class='ocrx_word' id='word_1_232' title='bbox 596 1880 718 1933; x_wconf 61' lang='lat' dir='ltr'>dure</span> <span class='ocrx_word' id='word_1_233' title='bbox 751 1879 866 1933; x_wconf 67' lang='lat' dir='ltr'>istae</span> <span class='ocrx_word' id='word_1_234' title='bbox 889 1878 1107 1945; x_wconf 76' lang='lat' dir='ltr'>litterae,</span> <span class='ocrx_word' id='word_1_235' title='bbox 1132 1894 1270 1949; x_wconf 91' lang='lat' dir='ltr'>quas</span> <span class='ocrx_word' id='word_1_236' title='bbox 1295 1892 1361 1931; x_wconf 91' lang='lat' dir='ltr'>ex</span> <span class='ocrx_word' id='word_1_237' title='bbox 1394 1892 1461 1932; x_wconf 94' lang='lat' dir='ltr'>eo</span> <span class='ocrx_word' id='word_1_238' title='bbox 1501 1877 1702 1945; x_wconf 87' lang='lat' dir='ltr'>adjeci,</span> <span class='ocrx_word' id='word_1_239' title='bbox 1754 1878 2089 1949; x_wconf 89' lang='lat' dir='ltr'>easdemque</span> 
     </span>
    </p>
   </div>
   <div class='ocr_carea' id='block_1_35' title="bbox 480 1964 2090 2038">
    <p class='ocr_par' dir='ltr' id='par_1_35' title="bbox 480 1964 2090 2038">
     <span class='ocr_line' id='line_1_35' title="bbox 480 1964 2090 2038; baseline -0.001 -16"><span class='ocrx_word' id='word_1_240' title='bbox 480 1966 824 2038; x_wconf 83' lang='lat' dir='ltr'>expressitJ.</span> <span class='ocrx_word' id='word_1_241' title='bbox 855 1966 982 2030; x_wconf 65' lang='lat' dir='ltr'>Quae</span> <span class='ocrx_word' id='word_1_242' title='bbox 1031 1965 1100 2020; x_wconf 89' lang='lat' dir='ltr'>ab</span> <span class='ocrx_word' id='word_1_243' title='bbox 1150 1965 1271 2020; x_wconf 90' lang='lat' dir='ltr'>aliis</span> <span class='ocrx_word' id='word_1_244' title='bbox 1322 1964 1461 2020; x_wconf 80' lang='lat' dir='ltr'>forte</span> <span class='ocrx_word' id='word_1_245' title='bbox 1500 1981 1609 2020; x_wconf 92' lang='lat' dir='ltr'>non</span> <span class='ocrx_word' id='word_1_246' title='bbox 1660 1965 1972 2029; x_wconf 72' lang='lat' dir='ltr'>intellectae,</span> <span class='ocrx_word' id='word_1_247' title='bbox 2004 1966 2090 2020; x_wconf 89' lang='lat' dir='ltr'>vel</span> 
     </span>
    </p>
   </div>
   <div class='ocr_carea' id='block_1_36' title="bbox 483 2056 2092 2127">
    <p class='ocr_par' dir='ltr' id='par_1_36' title="bbox 483 2056 2092 2127">
     <span class='ocr_line' id='line_1_36' title="bbox 483 2056 2092 2127; baseline -0.001 -13"><span class='ocrx_word' id='word_1_248' title='bbox 483 2075 594 2114; x_wconf 91' lang='lat' dir='ltr'>non</span> <span class='ocrx_word' id='word_1_249' title='bbox 625 2059 1044 2123; x_wconf 62' lang='lat' dir='ltr'>animadversas,</span> <span class='ocrx_word' id='word_1_250' title='bbox 1105 2056 1487 2127; x_wconf 63' lang='lat' dir='ltr'>praetermissae</span> <span class='ocrx_word' id='word_1_251' title='bbox 1518 2064 1670 2123; x_wconf 89' lang='lat' dir='ltr'>sunt,</span> <span class='ocrx_word' id='word_1_252' title='bbox 1713 2057 1789 2111; x_wconf 86' lang='lat' dir='ltr'>uti</span> <span class='ocrx_word' id='word_1_253' title='bbox 1829 2057 1897 2111; x_wconf 89' lang='lat' dir='ltr'>ab</span> <span class='ocrx_word' id='word_1_254' title='bbox 1932 2057 2005 2111; x_wconf 88' lang='lat' dir='ltr'>CS</span> <span class='ocrx_word' id='word_1_255' title='bbox 2036 2064 2092 2112; x_wconf 90' lang='lat' dir='ltr'>et</span> 
     </span>
    </p>
   </div>
   <div class='ocr_carea' id='block_1_37' title="bbox 479 2150 2092 2223">
    <p class='ocr_par' dir='ltr' id='par_1_37' title="bbox 479 2150 2092 2223">
     <span class='ocr_line' id='line_1_37' title="bbox 479 2150 2092 2223; baseline 0 -18"><span class='ocrx_word' id='word_1_256' title='bbox 479 2152 780 2207; x_wconf 88' lang='lat' dir='ltr'>Brissonio.</span> <span class='ocrx_word' id='word_1_257' title='bbox 830 2151 1145 2223; x_wconf 85' lang='lat' dir='ltr'>Legendum</span> <span class='ocrx_word' id='word_1_258' title='bbox 1178 2165 1340 2221; x_wconf 93' lang='lat' dir='ltr'>porro</span> <span class='ocrx_word' id='word_1_259' title='bbox 1371 2150 1477 2204; x_wconf 90' lang='lat' dir='ltr'>hoc</span> <span class='ocrx_word' id='word_1_260' title='bbox 1504 2158 1608 2215; x_wconf 90' lang='lat' dir='ltr'>est,</span> <span class='ocrx_word' id='word_1_261' title='bbox 1652 2152 1741 2203; x_wconf 82' lang='lat' dir='ltr'>vir</span> <span class='ocrx_word' id='word_1_262' title='bbox 1768 2152 1947 2204; x_wconf 81' lang='lat' dir='ltr'>clarus</span> <span class='ocrx_word' id='word_1_263' title='bbox 1976 2151 2092 2205; x_wconf 90' lang='lat' dir='ltr'>sive</span> 
     </span>
    </p>
   </div>
   <div class='ocr_carea' id='block_1_38' title="bbox 480 2242 2090 2317">
    <p class='ocr_par' dir='ltr' id='par_1_38' title="bbox 480 2242 2090 2317">
     <span class='ocr_line' id='line_1_38' title="bbox 480 2242 2090 2317; baseline -0.002 -18"><span class='ocrx_word' id='word_1_264' title='bbox 480 2246 840 2308; x_wconf 83' lang='lat' dir='ltr'>clarissimus,</span> <span class='ocrx_word' id='word_1_265' title='bbox 871 2252 962 2297; x_wconf 90' lang='lat' dir='ltr'>aut</span> <span class='ocrx_word' id='word_1_266' title='bbox 980 2246 1069 2297; x_wconf 81' lang='lat' dir='ltr'>vir</span> <span class='ocrx_word' id='word_1_267' title='bbox 1087 2243 1407 2297; x_wconf 79' lang='lat' dir='ltr'>consularis.</span> <span class='ocrx_word' id='word_1_268' title='bbox 1436 2243 1584 2297; x_wconf 92' lang='lat' dir='ltr'>lnter</span> <span class='ocrx_word' id='word_1_269' title='bbox 1620 2242 2090 2317; x_wconf 89' lang='lat' dir='ltr'>subsignationem</span> 
     </span>
    </p>
   </div>
   <div class='ocr_carea' id='block_1_39' title="bbox 479 2335 2091 2406">
    <p class='ocr_par' dir='ltr' id='par_1_39' title="bbox 479 2335 2091 2406">
     <span class='ocr_line' id='line_1_39' title="bbox 479 2335 2091 2406; baseline -0.001 -14"><span class='ocrx_word' id='word_1_270' title='bbox 479 2338 699 2392; x_wconf 87' lang='lat' dir='ltr'>Eusebii</span> <span class='ocrx_word' id='word_1_271' title='bbox 729 2344 785 2392; x_wconf 90' lang='lat' dir='ltr'>et</span> <span class='ocrx_word' id='word_1_272' title='bbox 816 2336 1080 2391; x_wconf 80' lang='lat' dir='ltr'>Rusticoli</span> <span class='ocrx_word' id='word_1_273' title='bbox 1114 2336 1169 2390; x_wconf 90' lang='lat' dir='ltr'>in</span> <span class='ocrx_word' id='word_1_274' title='bbox 1214 2335 1261 2389; x_wconf 84' lang='lat' dir='ltr'><strong>M</strong></span> <span class='ocrx_word' id='word_1_275' title='bbox 1315 2336 1431 2390; x_wconf 66' lang='lat' dir='ltr'>haec</span> <span class='ocrx_word' id='word_1_276' title='bbox 1458 2336 1891 2406; x_wconf 91' lang='lat' dir='ltr'>interponuntur</span> <span class='ocrx_word' id='word_1_277' title='bbox 1931 2354 1944 2389; x_wconf 90' lang='lat'>:</span> <span class='ocrx_word' id='word_1_278' title='bbox 1984 2338 2091 2393; x_wconf 85' lang='lat' dir='ltr'>VC.</span> 
     </span>
    </p>
   </div>
   <div class='ocr_carea' id='block_1_40' title="bbox 477 2425 2090 2499">
    <p class='ocr_par' dir='ltr' id='par_1_40' title="bbox 477 2425 2090 2499">
     <span class='ocr_line' id='line_1_40' title="bbox 477 2425 2090 2499; baseline -0.001 -17"><span class='ocrx_word' id='word_1_279' title='bbox 477 2431 727 2496; x_wconf 83' lang='lat' dir='ltr'>interfui,</span> <span class='ocrx_word' id='word_1_280' title='bbox 761 2428 997 2499; x_wconf 90' lang='lat' dir='ltr'>ideoque</span> <span class='ocrx_word' id='word_1_281' title='bbox 1015 2427 1233 2481; x_wconf 87' lang='lat' dir='ltr'>videtur</span> <span class='ocrx_word' id='word_1_282' title='bbox 1264 2427 1353 2481; x_wconf 88' lang='lat' dir='ltr'>hic</span> <span class='ocrx_word' id='word_1_283' title='bbox 1380 2442 1522 2481; x_wconf 91' lang='lat' dir='ltr'>unus</span> <span class='ocrx_word' id='word_1_284' title='bbox 1536 2427 1866 2496; x_wconf 67' lang='lat' dir='ltr'>praeteritus,</span> <span class='ocrx_word' id='word_1_285' title='bbox 1885 2425 2090 2481; x_wconf 89' lang='lat' dir='ltr'>etforte</span> 
     </span>
    </p>
   </div>
   <div class='ocr_carea' id='block_1_41' title="bbox 476 2515 2091 2588">
    <p class='ocr_par' dir='ltr' id='par_1_41' title="bbox 476 2515 2091 2588">
     <span class='ocr_line' id='line_1_41' title="bbox 476 2515 2091 2588; baseline -0.001 -15"><span class='ocrx_word' id='word_1_286' title='bbox 476 2519 707 2581; x_wconf 84' lang='lat' dir='ltr'>Attolus,</span> <span class='ocrx_word' id='word_1_287' title='bbox 734 2518 804 2571; x_wconf 92' lang='lat' dir='ltr'>de</span> <span class='ocrx_word' id='word_1_288' title='bbox 831 2533 941 2588; x_wconf 92' lang='lat' dir='ltr'>quo</span> <span class='ocrx_word' id='word_1_289' title='bbox 970 2515 1114 2570; x_wconf 88' lang='lat' dir='ltr'>infra</span> <span class='ocrx_word' id='word_1_290' title='bbox 1133 2516 1311 2585; x_wconf 85' lang='lat' dir='ltr'>capite</span> <span class='ocrx_word' id='word_1_291' title='bbox 1337 2515 1600 2570; x_wconf 90' lang='lat' dir='ltr'>vicesimo</span> <span class='ocrx_word' id='word_1_292' title='bbox 1633 2516 1792 2571; x_wconf 89' lang='lat' dir='ltr'>tertio</span> <span class='ocrx_word' id='word_1_293' title='bbox 1836 2534 1849 2569; x_wconf 92' lang='lat'><strong>:</strong></span> <span class='ocrx_word' id='word_1_294' title='bbox 1882 2517 1965 2571; x_wconf 83' lang='lat' dir='ltr'>vel</span> <span class='ocrx_word' id='word_1_295' title='bbox 1998 2516 2091 2572; x_wconf 91' lang='lat' dir='ltr'>illa</span> 
     </span>
    </p>
   </div>
   <div class='ocr_carea' id='block_1_42' title="bbox 476 2607 2091 2677">
    <p class='ocr_par' dir='ltr' id='par_1_42' title="bbox 476 2607 2091 2677">
     <span class='ocr_line' id='line_1_42' title="bbox 476 2607 2091 2677; baseline 0 -13"><span class='ocrx_word' id='word_1_296' title='bbox 476 2609 952 2664; x_wconf 89' lang='lat' dir='ltr'>verbaabundant.</span> <span class='ocrx_word' id='word_1_297' title='bbox 986 2608 1141 2663; x_wconf 85' lang='lat' dir='ltr'>Certe</span> <span class='ocrx_word' id='word_1_298' title='bbox 1174 2607 1315 2662; x_wconf 84' lang='lat' dir='ltr'>infra</span> <span class='ocrx_word' id='word_1_299' title='bbox 1338 2624 1460 2677; x_wconf 87' lang='lat' dir='ltr'>cap,</span> <span class='ocrx_word' id='word_1_300' title='bbox 1493 2608 1564 2664; x_wconf 72' lang='lat'><strong>23</strong></span> <span class='ocrx_word' id='word_1_301' title='bbox 1594 2625 1688 2662; x_wconf 85' lang='lat' dir='ltr'>sex</span> <span class='ocrx_word' id='word_1_302' title='bbox 1722 2615 1931 2663; x_wconf 91' lang='lat' dir='ltr'>tantum</span> <span class='ocrx_word' id='word_1_303' title='bbox 1969 2610 2091 2664; x_wconf 91' lang='lat' dir='ltr'>laici</span> 
     </span>
    </p>
   </div>
   <div class='ocr_carea' id='block_1_43' title="bbox 476 2700 2092 2772">
    <p class='ocr_par' dir='ltr' id='par_1_43' title="bbox 476 2700 2092 2772">
     <span class='ocr_line' id='line_1_43' title="bbox 476 2700 2092 2772; baseline -0.001 -15"><span class='ocrx_word' id='word_1_304' title='bbox 476 2702 835 2757; x_wconf 87' lang='lat' dir='ltr'>nominantur</span> <span class='ocrx_word' id='word_1_305' title='bbox 886 2700 1301 2770; x_wconf 88' lang='lat' dir='ltr'>subscripsisse,</span> <span class='ocrx_word' id='word_1_306' title='bbox 1355 2714 1590 2771; x_wconf 90' lang='lat' dir='ltr'>quorum</span> <span class='ocrx_word' id='word_1_307' title='bbox 1648 2708 1776 2756; x_wconf 90' lang='lat' dir='ltr'>sunt</span> <span class='ocrx_word' id='word_1_308' title='bbox 1832 2718 2092 2772; x_wconf 84' lang='lat' dir='ltr'>expressa</span> 
     </span>
    </p>
   </div>
   <div class='ocr_carea' id='block_1_44' title="bbox 483 2797 725 2852">
    <p class='ocr_par' dir='ltr' id='par_1_44' title="bbox 483 2797 725 2852">
     <span class='ocr_line' id='line_1_44' title="bbox 483 2797 725 2852; baseline 0.004 -1"><span class='ocrx_word' id='word_1_309' title='bbox 483 2797 725 2852; x_wconf 88' lang='lat' dir='ltr'>nomina.</span> 
     </span>
    </p>
   </div>
   <div class='ocr_carea' id='block_1_45' title="bbox 1083 2867 1482 2924">
    <p class='ocr_par' dir='ltr' id='par_1_45' title="bbox 1083 2867 1482 2924">
     <span class='ocr_line' id='line_1_45' title="bbox 1083 2867 1482 2924; baseline 0 -1"><span class='ocrx_word' id='word_1_310' title='bbox 1083 2867 1289 2923; x_wconf 89' lang='lat' dir='ltr'>CAPUT</span> <span class='ocrx_word' id='word_1_311' title='bbox 1342 2868 1482 2924; x_wconf 81' lang='lat' dir='ltr'>XIX.</span> 
     </span>
    </p>
   </div>
   <div class='ocr_carea' id='block_1_46' title="bbox 549 2972 2093 3047">
    <p class='ocr_par' dir='ltr' id='par_1_46' title="bbox 549 2972 2093 3047">
     <span class='ocr_line' id='line_1_46' title="bbox 549 2972 2093 3047; baseline 0.004 -22"><span class='ocrx_word' id='word_1_312' title='bbox 549 2972 662 3027; x_wconf 90' lang='lat' dir='ltr'>lloc</span> <span class='ocrx_word' id='word_1_313' title='bbox 690 2973 988 3043; x_wconf 88' lang='lat' dir='ltr'>capitulum</span> <span class='ocrx_word' id='word_1_314' title='bbox 1020 2973 1073 3026; x_wconf 89' lang='lat' dir='ltr'>in</span> <span class='ocrx_word' id='word_1_315' title='bbox 1134 2974 1433 3044; x_wconf 87' lang='lat' dir='ltr'>exemplari</span> <span class='ocrx_word' id='word_1_316' title='bbox 1490 2974 1578 3029; x_wconf 87' lang='lat' dir='ltr'>MS</span> <span class='ocrx_word' id='word_1_317' title='bbox 1638 2974 1900 3045; x_wconf 83' lang='lat' dir='ltr'>praecedit</span> <span class='ocrx_word' id='word_1_318' title='bbox 1929 2983 2093 3047; x_wconf 88' lang='lat' dir='ltr'>caput</span> 
     </span>
    </p>
   </div>
   <div class='ocr_carea' id='block_1_47' title="bbox 478 3059 2092 3137">
    <p class='ocr_par' dir='ltr' id='par_1_47' title="bbox 478 3059 2092 3137">
     <span class='ocr_line' id='line_1_47' title="bbox 478 3059 2092 3137; baseline 0.004 -23"><span class='ocrx_word' id='word_1_319' title='bbox 478 3059 549 3114; x_wconf 89' lang='lat' dir='ltr'>de</span> <span class='ocrx_word' id='word_1_320' title='bbox 575 3067 902 3116; x_wconf 86' lang='lat' dir='ltr'>testamento</span> <span class='ocrx_word' id='word_1_321' title='bbox 928 3079 941 3127; x_wconf 91' lang='lat'><strong>;</strong></span> <span class='ocrx_word' id='word_1_322' title='bbox 972 3062 1027 3116; x_wconf 92' lang='lat' dir='ltr'>in</span> <span class='ocrx_word' id='word_1_323' title='bbox 1059 3062 1183 3116; x_wconf 88' lang='lat' dir='ltr'>aliis</span> <span class='ocrx_word' id='word_1_324' title='bbox 1214 3062 1479 3133; x_wconf 88' lang='lat' dir='ltr'>sequitur,</span> <span class='ocrx_word' id='word_1_325' title='bbox 1528 3063 1695 3134; x_wconf 88' lang='lat' dir='ltr'>idque</span> <span class='ocrx_word' id='word_1_326' title='bbox 1722 3063 1894 3135; x_wconf 83' lang='lat' dir='ltr'>magis</span> <span class='ocrx_word' id='word_1_327' title='bbox 1922 3064 2092 3137; x_wconf 82' lang='lat' dir='ltr'>exigit</span> 
     </span>
    </p>
   </div>
   <div class='ocr_carea' id='block_1_48' title="bbox 479 3150 1147 3223">
    <p class='ocr_par' dir='ltr' id='par_1_48' title="bbox 479 3150 1147 3223">
     <span class='ocr_line' id='line_1_48' title="bbox 479 3150 1147 3223; baseline -0.003 -18"><span class='ocrx_word' id='word_1_328' title='bbox 479 3150 616 3205; x_wconf 91' lang='lat' dir='ltr'>ordo</span> <span class='ocrx_word' id='word_1_329' title='bbox 641 3165 819 3204; x_wconf 86' lang='lat' dir='ltr'>rerum</span> <span class='ocrx_word' id='word_1_330' title='bbox 850 3158 1147 3223; x_wconf 91' lang='lat' dir='ltr'>gestarum.</span> 
     </span>
    </p>
   </div>
   <div class='ocr_carea' id='block_1_49' title="bbox 2114 1743 2166 1811">
    <p class='ocr_par' dir='ltr' id='par_1_49' title="bbox 2114 1743 2166 1811">
     <span class='ocr_line' id='line_1_49' title="bbox 2114 1743 2166 1811; baseline 0 0"><span class='ocrx_word' id='word_1_331' title='bbox 2114 1743 2166 1811; x_wconf 94' lang='lat' dir='ltr'>B</span> 
     </span>
    </p>
   </div>
   <div class='ocr_carea' id='block_1_50' title="bbox 2190 1783 3741 1859">
    <p class='ocr_par' dir='ltr' id='par_1_50' title="bbox 2190 1783 3741 1859">
     <span class='ocr_line' id='line_1_50' title="bbox 2190 1783 3741 1859; baseline -0.004 -18"><span class='ocrx_word' id='word_1_332' title='bbox 2190 1788 2392 1859; x_wconf 91' lang='lat' dir='ltr'>primo,</span> <span class='ocrx_word' id='word_1_333' title='bbox 2425 1788 2494 1841; x_wconf 92' lang='lat' dir='ltr'>de</span> <span class='ocrx_word' id='word_1_334' title='bbox 2524 1802 2635 1857; x_wconf 91' lang='lat' dir='ltr'>quo</span> <span class='ocrx_word' id='word_1_335' title='bbox 2663 1784 2806 1840; x_wconf 83' lang='lat' dir='ltr'>infra</span> <span class='ocrx_word' id='word_1_336' title='bbox 2837 1784 2931 1839; x_wconf 91' lang='lat' dir='ltr'>lib.</span> <span class='ocrx_word' id='word_1_337' title='bbox 2962 1802 3037 1852; x_wconf 75' lang='grc' dir='ltr'>ιν,</span> <span class='ocrx_word' id='word_1_338' title='bbox 3070 1800 3199 1857; x_wconf 88' lang='lat' dir='ltr'>cap.</span> <span class='ocrx_word' id='word_1_339' title='bbox 3233 1784 3302 1842; x_wconf 87' lang='lat'>33</span> <span class='ocrx_word' id='word_1_340' title='bbox 3339 1792 3391 1841; x_wconf 90' lang='lat' dir='ltr'>et</span> <span class='ocrx_word' id='word_1_341' title='bbox 3421 1783 3741 1856; x_wconf 85' lang='lat' dir='ltr'>sequentibus.</span> 
     </span>
    </p>
   </div>
   <div class='ocr_carea' id='block_1_51' title="bbox 2189 1877 3742 1949">
    <p class='ocr_par' dir='ltr' id='par_1_51' title="bbox 2189 1877 3742 1949">
     <span class='ocr_line' id='line_1_51' title="bbox 2189 1877 3742 1949; baseline -0.005 -15"><span class='ocrx_word' id='word_1_342' title='bbox 2189 1881 2325 1935; x_wconf 90' lang='lat' dir='ltr'>Vera</span> <span class='ocrx_word' id='word_1_343' title='bbox 2355 1879 2518 1935; x_wconf 91' lang='lat' dir='ltr'>lectio</span> <span class='ocrx_word' id='word_1_344' title='bbox 2547 1886 2630 1934; x_wconf 87' lang='lat' dir='ltr'>est</span> <span class='ocrx_word' id='word_1_345' title='bbox 2658 1880 2849 1948; x_wconf 85' lang='lat' dir='ltr'>Aquis,</span> <span class='ocrx_word' id='word_1_346' title='bbox 2906 1877 3089 1932; x_wconf 90' lang='lat' dir='ltr'>Galice</span> <span class='ocrx_word' id='word_1_347' title='bbox 3147 1881 3287 1943; x_wconf 69' lang='lat' dir='ltr'>Ain,</span> <span class='ocrx_word' id='word_1_348' title='bbox 3314 1877 3572 1949; x_wconf 91' lang='lat' dir='ltr'>quomodo</span> <span class='ocrx_word' id='word_1_349' title='bbox 3595 1877 3742 1948; x_wconf 79' lang='lat' dir='ltr'>legunt</span> 
     </span>
    </p>
   </div>
   <div class='ocr_carea' id='block_1_52' title="bbox 2190 1964 3739 2038">
    <p class='ocr_par' dir='ltr' id='par_1_52' title="bbox 2190 1964 3739 2038">
     <span class='ocr_line' id='line_1_52' title="bbox 2190 1964 3739 2038; baseline -0.003 -16"><span class='ocrx_word' id='word_1_350' title='bbox 2190 1968 2378 2023; x_wconf 88' lang='lat' dir='ltr'>omnia</span> <span class='ocrx_word' id='word_1_351' title='bbox 2403 1966 2770 2038; x_wconf 88' lang='lat' dir='ltr'>exemplaria:</span> <span class='ocrx_word' id='word_1_352' title='bbox 2803 1980 2903 2037; x_wconf 92' lang='lat' dir='ltr'>pro</span> <span class='ocrx_word' id='word_1_353' title='bbox 2952 1979 3062 2036; x_wconf 89' lang='lat' dir='ltr'>quo</span> <span class='ocrx_word' id='word_1_354' title='bbox 3104 1964 3140 2019; x_wconf 93' lang='lat' dir='ltr'>S</span> <span class='ocrx_word' id='word_1_355' title='bbox 3184 1966 3445 2020; x_wconf 87' lang='lat' dir='ltr'>substitut</span> <span class='ocrx_word' id='word_1_356' title='bbox 3482 1966 3739 2034; x_wconf 82' lang='lat' dir='ltr'>Aquisgra-</span> 
     </span>
    </p>
   </div>
   <div class='ocr_carea' id='block_1_53' title="bbox 2190 2051 3739 2127">
    <p class='ocr_par' dir='ltr' id='par_1_53' title="bbox 2190 2051 3739 2127">
     <span class='ocr_line' id='line_1_53' title="bbox 2190 2051 3739 2127; baseline -0.006 -15"><span class='ocrx_word' id='word_1_357' title='bbox 2190 2074 2339 2123; x_wconf 88' lang='lat' dir='ltr'>num,</span> <span class='ocrx_word' id='word_1_358' title='bbox 2372 2056 2622 2125; x_wconf 88' lang='lat' dir='ltr'>ejusdem</span> <span class='ocrx_word' id='word_1_359' title='bbox 2653 2056 2891 2111; x_wconf 80' lang='lat' dir='ltr'>civitatis</span> <span class='ocrx_word' id='word_1_360' title='bbox 2920 2069 3144 2110; x_wconf 88' lang='lat' dir='ltr'>nomen.</span> <span class='ocrx_word' id='word_1_361' title='bbox 3188 2055 3294 2111; x_wconf 90' lang='lat' dir='ltr'>Sed</span> <span class='ocrx_word' id='word_1_362' title='bbox 3324 2055 3472 2127; x_wconf 89' lang='lat' dir='ltr'>prius</span> <span class='ocrx_word' id='word_1_363' title='bbox 3495 2051 3739 2124; x_wconf 75' lang='lat' dir='ltr'>saepissime</span> 
     </span>
    </p>
   </div>
   <div class='ocr_carea' id='block_1_54' title="bbox 2193 2148 2940 2222">
    <p class='ocr_par' dir='ltr' id='par_1_54' title="bbox 2193 2148 2940 2222">
     <span class='ocr_line' id='line_1_54' title="bbox 2193 2148 2940 2222; baseline -0.004 -16"><span class='ocrx_word' id='word_1_364' title='bbox 2193 2151 2338 2222; x_wconf 89' lang='lat' dir='ltr'>apud</span> <span class='ocrx_word' id='word_1_365' title='bbox 2368 2161 2621 2205; x_wconf 88' lang='lat' dir='ltr'>auctores</span> <span class='ocrx_word' id='word_1_366' title='bbox 2646 2148 2940 2204; x_wconf 89' lang='lat' dir='ltr'>invenitur.</span> 
     </span>
    </p>
   </div>
   <div class='ocr_carea' id='block_1_55' title="bbox 2802 2277 3205 2335">
    <p class='ocr_par' dir='ltr' id='par_1_55' title="bbox 2802 2277 3205 2335">
     <span class='ocr_line' id='line_1_55' title="bbox 2802 2277 3205 2335; baseline 0.005 -3"><span class='ocrx_word' id='word_1_367' title='bbox 2802 2278 3011 2334; x_wconf 81' lang='lat' dir='ltr'>CAPUT</span> <span class='ocrx_word' id='word_1_368' title='bbox 3066 2277 3205 2335; x_wconf 79' lang='lat' dir='ltr'>XXI.</span> 
     </span>
    </p>
   </div>
   <div class='ocr_carea' id='block_1_56' title="bbox 2264 2390 3737 2462">
    <p class='ocr_par' dir='ltr' id='par_1_56' title="bbox 2264 2390 3737 2462">
     <span class='ocr_line' id='line_1_56' title="bbox 2264 2390 3737 2462; baseline 0.006 -16"><span class='ocrx_word' id='word_1_369' title='bbox 2264 2392 2642 2461; x_wconf 85' lang='lat' dir='ltr'>Integrumque</span> <span class='ocrx_word' id='word_1_370' title='bbox 2678 2391 2820 2447; x_wconf 77' lang='lat' dir='ltr'>illud</span> <span class='ocrx_word' id='word_1_371' title='bbox 2865 2407 2985 2447; x_wconf 89' lang='lat' dir='ltr'>cum</span> <span class='ocrx_word' id='word_1_372' title='bbox 3017 2392 3278 2461; x_wconf 79' lang='lat' dir='ltr'>brandeo,</span> <span class='ocrx_word' id='word_1_373' title='bbox 3336 2390 3591 2462; x_wconf 72' lang='grc' dir='ltr'>ᾳυορνίω</span> <span class='ocrx_word' id='word_1_374' title='bbox 3606 2400 3737 2455; x_wconf 72' lang='grc' dir='ltr'>νθΡεν·</span> 
     </span>
    </p>
   </div>
   <div class='ocr_carea' id='block_1_57' title="bbox 2192 2473 3736 2551">
    <p class='ocr_par' dir='ltr' id='par_1_57' title="bbox 2192 2473 3736 2551">
     <span class='ocr_line' id='line_1_57' title="bbox 2192 2473 3736 2551; baseline -0.007 -12"><span class='ocrx_word' id='word_1_375' title='bbox 2192 2489 2303 2539; x_wconf 89' lang='lat' dir='ltr'>tum</span> <span class='ocrx_word' id='word_1_376' title='bbox 2340 2486 2523 2551; x_wconf 81' lang='lat' dir='ltr'>fuerat</span> <span class='ocrx_word' id='word_1_377' title='bbox 2548 2487 2868 2540; x_wconf 76' lang='lat' dir='ltr'>involutum.</span> <span class='ocrx_word' id='word_1_378' title='bbox 2930 2485 3263 2542; x_wconf 80' lang='lat' dir='ltr'>Hinemarus</span> <span class='ocrx_word' id='word_1_379' title='bbox 3318 2484 3372 2539; x_wconf 91' lang='lat' dir='ltr'>in</span> <span class='ocrx_word' id='word_1_380' title='bbox 3398 2482 3507 2537; x_wconf 86' lang='lat' dir='ltr'>Vita</span> <span class='ocrx_word' id='word_1_381' title='bbox 3531 2480 3579 2534; x_wconf 88' lang='lat' dir='ltr'>S.</span> <span class='ocrx_word' id='word_1_382' title='bbox 3602 2473 3736 2532; x_wconf 81' lang='lat' dir='ltr'>Remi-</span> 
     </span>
    </p>
   </div>
   <div class='ocr_carea' id='block_1_58' title="bbox 2191 2566 3738 2649">
    <p class='ocr_par' dir='ltr' id='par_1_58' title="bbox 2191 2566 3738 2649">
     <span class='ocr_line' id='line_1_58' title="bbox 2191 2566 3738 2649; baseline -0.007 -19"><span class='ocrx_word' id='word_1_383' title='bbox 2191 2575 2290 2649; x_wconf 81' lang='lat' dir='ltr'>gii,</span> <span class='ocrx_word' id='word_1_384' title='bbox 2325 2576 2561 2630; x_wconf 84' lang='lat' dir='ltr'>brandeo</span> <span class='ocrx_word' id='word_1_385' title='bbox 2599 2577 2761 2631; x_wconf 90' lang='lat' dir='ltr'>rubeo</span> <span class='ocrx_word' id='word_1_386' title='bbox 2793 2579 3113 2633; x_wconf 72' lang='lat' dir='ltr'>inuolutum.</span> <span class='ocrx_word' id='word_1_387' title='bbox 3157 2576 3315 2644; x_wconf 85' lang='lat' dir='ltr'>Quod</span> <span class='ocrx_word' id='word_1_388' title='bbox 3353 2573 3586 2629; x_wconf 87' lang='lat' dir='ltr'>Nicolaus</span> <span class='ocrx_word' id='word_1_389' title='bbox 3613 2566 3738 2622; x_wconf 82' lang='lat' dir='ltr'>Ches-</span> 
     </span>
    </p>
   </div>
   <div class='ocr_carea' id='block_1_59' title="bbox 2195 2656 3735 2737">
    <p class='ocr_par' dir='ltr' id='par_1_59' title="bbox 2195 2656 3735 2737">
     <span class='ocr_line' id='line_1_59' title="bbox 2195 2656 3735 2737; baseline -0.006 -16"><span class='ocrx_word' id='word_1_390' title='bbox 2195 2683 2335 2721; x_wconf 89' lang='lat' dir='ltr'>neau</span> <span class='ocrx_word' id='word_1_391' title='bbox 2369 2666 2570 2722; x_wconf 87' lang='lat' dir='ltr'>Gallice</span> <span class='ocrx_word' id='word_1_392' title='bbox 2602 2668 2798 2723; x_wconf 87' lang='lat' dir='ltr'>vertit:</span> <span class='ocrx_word' id='word_1_393' title='bbox 2832 2670 2971 2737; x_wconf 85' lang='lat' dir='ltr'>drap</span> <span class='ocrx_word' id='word_1_394' title='bbox 3009 2669 3075 2724; x_wconf 86' lang='lat' dir='ltr'>de</span> <span class='ocrx_word' id='word_1_395' title='bbox 3104 2685 3246 2737; x_wconf 79' lang='lat' dir='ltr'>saug</span> <span class='ocrx_word' id='word_1_396' title='bbox 3271 2665 3495 2730; x_wconf 77' lang='lat' dir='ltr'>vermeil,</span> <span class='ocrx_word' id='word_1_397' title='bbox 3525 2666 3577 2715; x_wconf 90' lang='lat' dir='ltr'>ut</span> <span class='ocrx_word' id='word_1_398' title='bbox 3598 2656 3735 2727; x_wconf 80' lang='lat' dir='ltr'>capite</span> 
     </span>
    </p>
   </div>
   <div class='ocr_carea' id='block_1_60' title="bbox 2194 2755 3735 2835">
    <p class='ocr_par' dir='ltr' id='par_1_60' title="bbox 2194 2755 3735 2835">
     <span class='ocr_line' id='line_1_60' title="bbox 2194 2755 3735 2835; baseline -0.006 -20"><span class='ocrx_word' id='word_1_399' title='bbox 2194 2760 2525 2832; x_wconf 70' lang='lat' dir='ltr'>praecedenti</span> <span class='ocrx_word' id='word_1_400' title='bbox 2561 2760 2777 2835; x_wconf 82' lang='lat' dir='ltr'>legitur.</span> <span class='ocrx_word' id='word_1_401' title='bbox 2804 2760 3089 2834; x_wconf 85' lang='lat' dir='ltr'>Signiﬁcat</span> <span class='ocrx_word' id='word_1_402' title='bbox 3119 2769 3306 2817; x_wconf 89' lang='lat' dir='ltr'>autem</span> <span class='ocrx_word' id='word_1_403' title='bbox 3327 2755 3608 2814; x_wconf 87' lang='lat' dir='ltr'>brandeum</span> <span class='ocrx_word' id='word_1_404' title='bbox 3633 2763 3735 2820; x_wconf 83' lang='lat' dir='ltr'>pan-</span> 
     </span>
    </p>
   </div>
   <div class='ocr_carea' id='block_1_61' title="bbox 2195 2853 3732 2927">
    <p class='ocr_par' dir='ltr' id='par_1_61' title="bbox 2195 2853 3732 2927">
     <span class='ocr_line' id='line_1_61' title="bbox 2195 2853 3732 2927; baseline -0.005 -20"><span class='ocrx_word' id='word_1_405' title='bbox 2195 2870 2322 2909; x_wconf 91' lang='lat' dir='ltr'>num</span> <span class='ocrx_word' id='word_1_406' title='bbox 2354 2854 2590 2909; x_wconf 88' lang='lat' dir='ltr'>sericum</span> <span class='ocrx_word' id='word_1_407' title='bbox 2618 2854 2734 2909; x_wconf 89' lang='lat' dir='ltr'>sive</span> <span class='ocrx_word' id='word_1_408' title='bbox 2761 2855 3014 2921; x_wconf 85' lang='lat' dir='ltr'>linteum,</span> <span class='ocrx_word' id='word_1_409' title='bbox 3052 2870 3163 2927; x_wconf 92' lang='lat' dir='ltr'>quo</span> <span class='ocrx_word' id='word_1_410' title='bbox 3230 2858 3528 2910; x_wconf 89' lang='lat' dir='ltr'>sanctorum</span> <span class='ocrx_word' id='word_1_411' title='bbox 3555 2853 3732 2911; x_wconf 73' lang='lat' dir='ltr'>corpora</span> 
     </span>
    </p>
   </div>
   <div class='ocr_carea' id='block_1_62' title="bbox 2193 2936 3736 3021">
    <p class='ocr_par' dir='ltr' id='par_1_62' title="bbox 2193 2936 3736 3021">
     <span class='ocr_line' id='line_1_62' title="bbox 2193 2936 3736 3021; baseline -0.008 -17"><span class='ocrx_word' id='word_1_412' title='bbox 2193 2966 2291 3005; x_wconf 91' lang='lat' dir='ltr'>seu</span> <span class='ocrx_word' id='word_1_413' title='bbox 2354 2949 2603 3021; x_wconf 64' lang='lat' dir='ltr'>reliquiae</span> <span class='ocrx_word' id='word_1_414' title='bbox 2662 2948 3105 3005; x_wconf 87' lang='lat' dir='ltr'>involvebantur.</span> <span class='ocrx_word' id='word_1_415' title='bbox 3167 2948 3331 3006; x_wconf 87' lang='lat' dir='ltr'>Moris</span> <span class='ocrx_word' id='word_1_416' title='bbox 3380 2945 3515 3001; x_wconf 90' lang='lat' dir='ltr'>enim</span> <span class='ocrx_word' id='word_1_417' title='bbox 3549 2938 3649 3003; x_wconf 83' lang='lat' dir='ltr'>fuit,</span> <span class='ocrx_word' id='word_1_418' title='bbox 3692 2936 3736 2985; x_wconf 74' lang='lat' dir='ltr'>Ill</span> 
     </span>
    </p>
   </div>
   <div class='ocr_carea' id='block_1_63' title="bbox 2193 3023 3735 3110">
    <p class='ocr_par' dir='ltr' id='par_1_63' title="bbox 2193 3023 3735 3110">
     <span class='ocr_line' id='line_1_63' title="bbox 2193 3023 3735 3110; baseline -0.006 -17"><span class='ocrx_word' id='word_1_419' title='bbox 2193 3039 2395 3094; x_wconf 87' lang='lat' dir='ltr'>alicubi</span> <span class='ocrx_word' id='word_1_420' title='bbox 2429 3040 2483 3093; x_wconf 92' lang='lat' dir='ltr'>in</span> <span class='ocrx_word' id='word_1_421' title='bbox 2516 3040 3173 3110; x_wconf 87' lang='lat' dir='ltr'>conciliisdecretum,ut</span> <span class='ocrx_word' id='word_1_422' title='bbox 3209 3034 3511 3109; x_wconf 87' lang='lat' dir='ltr'>hujusmodi</span> <span class='ocrx_word' id='word_1_423' title='bbox 3534 3023 3735 3103; x_wconf 73' lang='lat' dir='ltr'>pretiosis</span> 
     </span>
    </p>
   </div>
   <div class='ocr_carea' id='block_1_64' title="bbox 2196 3114 3733 3200">
    <p class='ocr_par' dir='ltr' id='par_1_64' title="bbox 2196 3114 3733 3200">
     <span class='ocr_line' id='line_1_64' title="bbox 2196 3114 3733 3200; baseline -0.005 -20"><span class='ocrx_word' id='word_1_424' title='bbox 2196 3128 2333 3183; x_wconf 90' lang='lat' dir='ltr'>velis</span> <span class='ocrx_word' id='word_1_425' title='bbox 2364 3136 2678 3184; x_wconf 89' lang='lat' dir='ltr'>sanctorum</span> <span class='ocrx_word' id='word_1_426' title='bbox 2694 3130 3373 3200; x_wconf 89' lang='lat' dir='ltr'>corporainvolverentur.</span> <span class='ocrx_word' id='word_1_427' title='bbox 3401 3124 3561 3180; x_wconf 89' lang='lat' dir='ltr'>Utitur</span> <span class='ocrx_word' id='word_1_428' title='bbox 3585 3114 3733 3173; x_wconf 85' lang='lat' dir='ltr'>eadem</span> 
     </span>
    </p>
   </div>
   <div class='ocr_carea' id='block_1_65' title="bbox 545 3205 2088 3312">
    <p class='ocr_par' dir='ltr' id='par_1_65' title="bbox 545 3205 2088 3312">
     <span class='ocr_line' id='line_1_65' title="bbox 545 3205 2088 3312; baseline 0.001 -17"><span class='ocrx_word' id='word_1_429' title='bbox 545 3240 812 3309; x_wconf 84' lang='lat' dir='ltr'>Populum</span> <span class='ocrx_word' id='word_1_430' title='bbox 838 3205 1033 3309; x_wconf 51' lang='lat' dir='ltr'>prima:</span> <span class='ocrx_word' id='word_1_431' title='bbox 1053 3241 1353 3296; x_wconf 68' lang='lat' dir='ltr'>Germania:</span> <span class='ocrx_word' id='word_1_432' title='bbox 1383 3241 1705 3295; x_wconf 82' lang='lat' dir='ltr'>devaslaret.</span> <span class='ocrx_word' id='word_1_433' title='bbox 1742 3241 1799 3294; x_wconf 92' lang='lat' dir='ltr'>ld</span> <span class='ocrx_word' id='word_1_434' title='bbox 1823 3247 1905 3295; x_wconf 91' lang='lat' dir='ltr'>est</span> <span class='ocrx_word' id='word_1_435' title='bbox 1925 3257 2088 3312; x_wconf 91' lang='lat' dir='ltr'>supe-</span> 
     </span>
    </p>
   </div>
   <div class='ocr_carea' id='block_1_66' title="bbox 2189 3205 3734 3312">
    <p class='ocr_par' dir='ltr' id='par_1_66' title="bbox 2191 3205 3734 3289">
     <span class='ocr_line' id='line_1_66' title="bbox 2191 3205 3734 3289; baseline 0.001 -18"><span class='ocrx_word' id='word_1_436' title='bbox 2191 3232 2323 3272; x_wconf 90' lang='lat' dir='ltr'>voce</span> <span class='ocrx_word' id='word_1_437' title='bbox 2356 3218 2411 3271; x_wconf 93' lang='lat' dir='ltr'>S.</span> <span class='ocrx_word' id='word_1_438' title='bbox 2447 3218 2741 3289; x_wconf 80' lang='lat' dir='ltr'>Gregorius</span> <span class='ocrx_word' id='word_1_439' title='bbox 2767 3235 2910 3289; x_wconf 88' lang='lat' dir='ltr'>papa</span> <span class='ocrx_word' id='word_1_440' title='bbox 2941 3218 3083 3275; x_wconf 88' lang='lat' dir='ltr'>libro</span> <span class='ocrx_word' id='word_1_441' title='bbox 3115 3212 3539 3286; x_wconf 87' lang='lat' dir='ltr'>tertio,epistola</span> <span class='ocrx_word' id='word_1_442' title='bbox 3562 3205 3635 3272; x_wconf 88' lang='lat'>30,</span> <span class='ocrx_word' id='word_1_443' title='bbox 3661 3213 3734 3272; x_wconf 69' lang='grc' dir='ltr'>Ρτο</span> 
     </span>
    </p>
   </div>
   <div class='ocr_carea' id='block_1_67' title="bbox 480 3328 2087 3402">
    <p class='ocr_par' dir='ltr' id='par_1_67' title="bbox 480 3328 2087 3402">
     <span class='ocr_line' id='line_1_67' title="bbox 480 3328 2087 3402; baseline 0.001 -19"><span class='ocrx_word' id='word_1_444' title='bbox 480 3328 642 3385; x_wconf 90' lang='lat' dir='ltr'>rioris</span> <span class='ocrx_word' id='word_1_445' title='bbox 660 3328 983 3383; x_wconf 70' lang='lat' dir='ltr'>Germaniae.</span> <span class='ocrx_word' id='word_1_446' title='bbox 1016 3328 1546 3402; x_wconf 89' lang='lat' dir='ltr'>lntelligitTreviros</span> <span class='ocrx_word' id='word_1_447' title='bbox 1597 3337 1651 3385; x_wconf 88' lang='lat' dir='ltr'>et</span> <span class='ocrx_word' id='word_1_448' title='bbox 1683 3331 2087 3400; x_wconf 88' lang='lat' dir='ltr'>circumjacen-</span> 
     </span>
    </p>
   </div>
   <div class='ocr_carea' id='block_1_68' title="bbox 480 3420 2085 3494">
    <p class='ocr_par' dir='ltr' id='par_1_68' title="bbox 480 3420 2085 3494">
     <span class='ocr_line' id='line_1_68' title="bbox 480 3420 2085 3494; baseline 0.001 -18"><span class='ocrx_word' id='word_1_449' title='bbox 480 3428 582 3476; x_wconf 88' lang='lat' dir='ltr'>tes.</span> <span class='ocrx_word' id='word_1_450' title='bbox 614 3420 904 3475; x_wconf 88' lang='lat' dir='ltr'>Germania</span> <span class='ocrx_word' id='word_1_451' title='bbox 935 3420 1131 3490; x_wconf 89' lang='lat' dir='ltr'>prima,</span> <span class='ocrx_word' id='word_1_452' title='bbox 1163 3421 1342 3492; x_wconf 87' lang='lat' dir='ltr'>inquit</span> <span class='ocrx_word' id='word_1_453' title='bbox 1364 3421 1614 3494; x_wconf 89' lang='lat' dir='ltr'>Papirius</span> <span class='ocrx_word' id='word_1_454' title='bbox 1648 3422 1931 3479; x_wconf 85' lang='lat' dir='ltr'>Massonus</span> <span class='ocrx_word' id='word_1_455' title='bbox 1955 3423 2085 3479; x_wconf 79' lang='lat' dir='ltr'>lib.r</span> 
     </span>
    </p>
   </div>
   <div class='ocr_carea' id='block_1_69' title="bbox 479 3509 2085 3580">
    <p class='ocr_par' dir='ltr' id='par_1_69' title="bbox 479 3509 2085 3580">
     <span class='ocr_line' id='line_1_69' title="bbox 479 3509 2085 3580; baseline 0.004 -17"><span class='ocrx_word' id='word_1_456' title='bbox 479 3509 770 3563; x_wconf 84' lang='lat' dir='ltr'>Annalium</span> <span class='ocrx_word' id='word_1_457' title='bbox 803 3509 1135 3565; x_wconf 88' lang='lat' dir='ltr'>Francorum</span> <span class='ocrx_word' id='word_1_458' title='bbox 1162 3510 1216 3565; x_wconf 92' lang='lat' dir='ltr'>in</span> <span class='ocrx_word' id='word_1_459' title='bbox 1248 3511 1522 3577; x_wconf 83' lang='lat' dir='ltr'>Meroveo,</span> <span class='ocrx_word' id='word_1_460' title='bbox 1555 3511 2085 3580; x_wconf 87' lang='lat' dir='ltr'>Salviano,Sidonio</span> 
     </span>
    </p>
   </div>
   <div class='ocr_carea' id='block_1_70' title="bbox 478 3598 2089 3672">
    <p class='ocr_par' dir='ltr' id='par_1_70' title="bbox 478 3598 2089 3672">
     <span class='ocr_line' id='line_1_70' title="bbox 478 3598 2089 3672; baseline 0.003 -20"><span class='ocrx_word' id='word_1_461' title='bbox 478 3605 532 3652; x_wconf 88' lang='lat' dir='ltr'>et</span> <span class='ocrx_word' id='word_1_462' title='bbox 559 3598 841 3653; x_wconf 87' lang='lat' dir='ltr'>veteribus</span> <span class='ocrx_word' id='word_1_463' title='bbox 884 3598 966 3654; x_wconf 92' lang='lat' dir='ltr'>eis</span> <span class='ocrx_word' id='word_1_464' title='bbox 1024 3599 1274 3654; x_wconf 83' lang='lat' dir='ltr'>Rhenum</span> <span class='ocrx_word' id='word_1_465' title='bbox 1332 3607 1436 3666; x_wconf 91' lang='lat' dir='ltr'>est,</span> <span class='ocrx_word' id='word_1_466' title='bbox 1479 3601 1548 3654; x_wconf 91' lang='lat' dir='ltr'>ad</span> <span class='ocrx_word' id='word_1_467' title='bbox 1581 3616 1745 3672; x_wconf 91' lang='lat' dir='ltr'>quam</span> <span class='ocrx_word' id='word_1_468' title='bbox 1774 3601 2089 3657; x_wconf 79' lang='lat' dir='ltr'>Ammianus</span> 
     </span>
    </p>
   </div>
   <div class='ocr_carea' id='block_1_71' title="bbox 476 3692 2086 3767">
    <p class='ocr_par' dir='ltr' id='par_1_71' title="bbox 476 3692 2086 3767">
     <span class='ocr_line' id='line_1_71' title="bbox 476 3692 2086 3767; baseline 0.004 -23"><span class='ocrx_word' id='word_1_469' title='bbox 476 3699 660 3745; x_wconf 89' lang='lat' dir='ltr'>narrat</span> <span class='ocrx_word' id='word_1_470' title='bbox 682 3699 878 3762; x_wconf 81' lang='lat' dir='ltr'>praeter</span> <span class='ocrx_word' id='word_1_471' title='bbox 920 3692 1027 3746; x_wconf 90' lang='lat' dir='ltr'>alia</span> <span class='ocrx_word' id='word_1_472' title='bbox 1057 3693 1331 3763; x_wconf 91' lang='lat' dir='ltr'>pertinere</span> <span class='ocrx_word' id='word_1_473' title='bbox 1384 3693 1813 3767; x_wconf 88' lang='lat' dir='ltr'>Moguntiacum,</span> <span class='ocrx_word' id='word_1_474' title='bbox 1845 3694 2086 3767; x_wconf 79' lang='lat' dir='ltr'>Vangio-</span> 
     </span>
    </p>
   </div>
   <div class='ocr_carea' id='block_1_72' title="bbox 475 3781 2083 3854">
    <p class='ocr_par' dir='ltr' id='par_1_72' title="bbox 475 3781 2083 3854">
     <span class='ocr_line' id='line_1_72' title="bbox 475 3781 2083 3854; baseline 0.003 -21"><span class='ocrx_word' id='word_1_475' title='bbox 475 3796 597 3847; x_wconf 89' lang='lat' dir='ltr'>nes,</span> <span class='ocrx_word' id='word_1_476' title='bbox 629 3781 881 3836; x_wconf 88' lang='lat' dir='ltr'>Nemetes</span> <span class='ocrx_word' id='word_1_477' title='bbox 932 3786 987 3835; x_wconf 91' lang='lat' dir='ltr'>et</span> <span class='ocrx_word' id='word_1_478' title='bbox 1023 3782 1464 3854; x_wconf 83' lang='lat' dir='ltr'>Argentoratum.</span> <span class='ocrx_word' id='word_1_479' title='bbox 1519 3784 1671 3838; x_wconf 88' lang='lat' dir='ltr'>Idem</span> <span class='ocrx_word' id='word_1_480' title='bbox 1711 3784 1997 3839; x_wconf 82' lang='lat' dir='ltr'>Massonus</span> <span class='ocrx_word' id='word_1_481' title='bbox 2027 3784 2083 3838; x_wconf 92' lang='lat' dir='ltr'>in</span> 
     </span>
    </p>
   </div>
   <div class='ocr_carea' id='block_1_73' title="bbox 477 3870 2085 3945">
    <p class='ocr_par' dir='ltr' id='par_1_73' title="bbox 477 3870 2085 3945">
     <span class='ocr_line' id='line_1_73' title="bbox 477 3870 2085 3945; baseline 0.003 -19"><span class='ocrx_word' id='word_1_482' title='bbox 477 3870 748 3928; x_wconf 89' lang='lat' dir='ltr'>Clodoveo</span> <span class='ocrx_word' id='word_1_483' title='bbox 799 3872 874 3926; x_wconf 89' lang='lat' dir='ltr'>ait</span> <span class='ocrx_word' id='word_1_484' title='bbox 916 3871 1269 3945; x_wconf 87' lang='lat' dir='ltr'>Agrippinam</span> <span class='ocrx_word' id='word_1_485' title='bbox 1324 3873 1604 3929; x_wconf 91' lang='lat' dir='ltr'>Coloniam</span> <span class='ocrx_word' id='word_1_486' title='bbox 1654 3875 1799 3930; x_wconf 92' lang='lat' dir='ltr'>inter</span> <span class='ocrx_word' id='word_1_487' title='bbox 1837 3875 2085 3931; x_wconf 86' lang='lat' dir='ltr'>civitates</span> 
     </span>
    </p>
   </div>
   <div class='ocr_carea' id='block_1_74' title="bbox 473 3962 2086 4035">
    <p class='ocr_par' dir='ltr' id='par_1_74' title="bbox 473 3962 2086 4035">
     <span class='ocr_line' id='line_1_74' title="bbox 473 3962 2086 4035; baseline 0.004 -20"><span class='ocrx_word' id='word_1_488' title='bbox 473 3962 780 4018; x_wconf 69' lang='lat' dir='ltr'>Germaniae</span> <span class='ocrx_word' id='word_1_489' title='bbox 826 3963 1083 4018; x_wconf 66' lang='lat' dir='ltr'>secundae</span> <span class='ocrx_word' id='word_1_490' title='bbox 1132 3963 1338 4035; x_wconf 90' lang='lat' dir='ltr'>primas</span> <span class='ocrx_word' id='word_1_491' title='bbox 1384 3974 1597 4021; x_wconf 89' lang='lat' dir='ltr'>tenere.</span> <span class='ocrx_word' id='word_1_492' title='bbox 1651 3966 1713 4021; x_wconf 93' lang='lat' dir='ltr'>In</span> <span class='ocrx_word' id='word_1_493' title='bbox 1768 3967 1960 4023; x_wconf 89' lang='lat' dir='ltr'>eadem</span> <span class='ocrx_word' id='word_1_494' title='bbox 2002 3974 2086 4022; x_wconf 87' lang='lat' dir='ltr'>est</span> 
     </span>
    </p>
   </div>
   <div class='ocr_carea' id='block_1_75' title="bbox 472 4055 2085 4132">
    <p class='ocr_par' dir='ltr' id='par_1_75' title="bbox 472 4055 2085 4132">
     <span class='ocr_line' id='line_1_75' title="bbox 472 4055 2085 4132; baseline 0.003 -24"><span class='ocrx_word' id='word_1_495' title='bbox 472 4055 821 4129; x_wconf 85' lang='lat' dir='ltr'>Tungrorum</span> <span class='ocrx_word' id='word_1_496' title='bbox 861 4055 1072 4109; x_wconf 88' lang='lat' dir='ltr'>civitas.</span> <span class='ocrx_word' id='word_1_497' title='bbox 1133 4055 1267 4110; x_wconf 88' lang='lat' dir='ltr'>Vide</span> <span class='ocrx_word' id='word_1_498' title='bbox 1299 4055 1440 4111; x_wconf 86' lang='lat' dir='ltr'>infra</span> <span class='ocrx_word' id='word_1_499' title='bbox 1477 4056 1547 4112; x_wconf 90' lang='lat' dir='ltr'>ad</span> <span class='ocrx_word' id='word_1_500' title='bbox 1597 4074 1627 4112; x_wconf 91' lang='lat' dir='ltr'>c</span> <span class='ocrx_word' id='word_1_501' title='bbox 1702 4057 1795 4125; x_wconf 73' lang='lat'>25,</span> <span class='ocrx_word' id='word_1_502' title='bbox 1847 4058 2085 4132; x_wconf 85' lang='lat' dir='ltr'>Contigit</span> 
     </span>
    </p>
   </div>
   <div class='ocr_carea' id='block_1_76' title="bbox 471 4148 1775 4219">
    <p class='ocr_par' dir='ltr' id='par_1_76' title="bbox 471 4148 1775 4219">
     <span class='ocr_line' id='line_1_76' title="bbox 471 4148 1775 4219; baseline 0.005 -18"><span class='ocrx_word' id='word_1_503' title='bbox 471 4156 654 4202; x_wconf 91' lang='lat' dir='ltr'>autem</span> <span class='ocrx_word' id='word_1_504' title='bbox 677 4148 794 4203; x_wconf 67' lang='lat' dir='ltr'>haec</span> <span class='ocrx_word' id='word_1_505' title='bbox 823 4148 996 4219; x_wconf 88' lang='lat' dir='ltr'>pestis</span> <span class='ocrx_word' id='word_1_506' title='bbox 1026 4164 1173 4204; x_wconf 92' lang='lat' dir='ltr'>anno</span> <span class='ocrx_word' id='word_1_507' title='bbox 1187 4149 1311 4211; x_wconf 76' lang='grc'>565,</span> <span class='ocrx_word' id='word_1_508' title='bbox 1345 4156 1488 4205; x_wconf 91' lang='lat' dir='ltr'>teste</span> <span class='ocrx_word' id='word_1_509' title='bbox 1520 4151 1775 4207; x_wconf 89' lang='lat' dir='ltr'>Baronio.</span> 
     </span>
    </p>
   </div>
   <div class='ocr_carea' id='block_1_77' title="bbox 1104 4237 1458 4296">
    <p class='ocr_par' dir='ltr' id='par_1_77' title="bbox 1104 4237 1458 4296">
     <span class='ocr_line' id='line_1_77' title="bbox 1104 4237 1458 4296; baseline 0.008 -4"><span class='ocrx_word' id='word_1_510' title='bbox 1104 4237 1321 4294; x_wconf 85' lang='lat' dir='ltr'>CAPUT</span> <span class='ocrx_word' id='word_1_511' title='bbox 1351 4240 1458 4296; x_wconf 82' lang='lat' dir='ltr'>XX.</span> 
     </span>
    </p>
   </div>
   <div class='ocr_carea' id='block_1_78' title="bbox 539 4331 2082 4407">
    <p class='ocr_par' dir='ltr' id='par_1_78' title="bbox 539 4331 2082 4407">
     <span class='ocr_line' id='line_1_78' title="bbox 539 4331 2082 4407; baseline 0.005 -24"><span class='ocrx_word' id='word_1_512' title='bbox 539 4331 602 4383; x_wconf 84' lang='lat' dir='ltr'>In</span> <span class='ocrx_word' id='word_1_513' title='bbox 625 4334 801 4386; x_wconf 87' lang='lat' dir='ltr'>monte</span> <span class='ocrx_word' id='word_1_514' title='bbox 819 4331 1150 4386; x_wconf 88' lang='lat' dir='ltr'>Bardonum.</span> <span class='ocrx_word' id='word_1_515' title='bbox 1176 4332 1226 4387; x_wconf 92' lang='lat' dir='ltr'>ls</span> <span class='ocrx_word' id='word_1_516' title='bbox 1257 4333 1455 4403; x_wconf 90' lang='lat' dir='ltr'>estqui</span> <span class='ocrx_word' id='word_1_517' title='bbox 1479 4332 1588 4389; x_wconf 91' lang='lat' dir='ltr'>alio</span> <span class='ocrx_word' id='word_1_518' title='bbox 1623 4333 1848 4389; x_wconf 90' lang='lat' dir='ltr'>nomine</span> <span class='ocrx_word' id='word_1_519' title='bbox 1894 4334 2082 4407; x_wconf 90' lang='lat' dir='ltr'>Apen-</span> 
     </span>
    </p>
   </div>
   <div class='ocr_carea' id='block_1_79' title="bbox 471 4417 2080 4497">
    <p class='ocr_par' dir='ltr' id='par_1_79' title="bbox 471 4417 2080 4497">
     <span class='ocr_line' id='line_1_79' title="bbox 471 4417 2080 4497; baseline 0.004 -26"><span class='ocrx_word' id='word_1_520' title='bbox 471 4417 597 4472; x_wconf 89' lang='lat' dir='ltr'>nius</span> <span class='ocrx_word' id='word_1_521' title='bbox 624 4418 846 4487; x_wconf 89' lang='lat' dir='ltr'>dicitur,</span> <span class='ocrx_word' id='word_1_522' title='bbox 904 4419 997 4491; x_wconf 91' lang='lat' dir='ltr'>qui</span> <span class='ocrx_word' id='word_1_523' title='bbox 1058 4421 1263 4476; x_wconf 92' lang='lat' dir='ltr'>ltaliam</span> <span class='ocrx_word' id='word_1_524' title='bbox 1324 4423 1628 4477; x_wconf 90' lang='lat' dir='ltr'>secundum</span> <span class='ocrx_word' id='word_1_525' title='bbox 1679 4423 2080 4497; x_wconf 90' lang='lat' dir='ltr'>longitudinem</span> 
     </span>
    </p>
   </div>
   <div class='ocr_carea' id='block_1_80' title="bbox 470 4507 1936 4587">
    <p class='ocr_par' dir='ltr' id='par_1_80' title="bbox 470 4507 1936 4587">
     <span class='ocr_line' id='line_1_80' title="bbox 470 4507 1936 4587; baseline 0.005 -26"><span class='ocrx_word' id='word_1_526' title='bbox 470 4507 680 4563; x_wconf 83' lang='lat' dir='ltr'>dividit.</span> <span class='ocrx_word' id='word_1_527' title='bbox 715 4509 849 4564; x_wconf 91' lang='lat' dir='ltr'>Vide</span> <span class='ocrx_word' id='word_1_528' title='bbox 880 4509 1084 4564; x_wconf 91' lang='lat' dir='ltr'>Ortellii</span> <span class='ocrx_word' id='word_1_529' title='bbox 1114 4511 1450 4566; x_wconf 90' lang='lat' dir='ltr'>Thesaurum</span> <span class='ocrx_word' id='word_1_530' title='bbox 1483 4513 1936 4587; x_wconf 86' lang='lat' dir='ltr'>geographicum.</span> 
     </span>
    </p>
   </div>
   <div class='ocr_carea' id='block_1_81' title="bbox 542 4600 2081 4671">
    <p class='ocr_par' dir='ltr' id='par_1_81' title="bbox 542 4600 2081 4671">
     <span class='ocr_line' id='line_1_81' title="bbox 542 4600 2081 4671; baseline 0.004 -17"><span class='ocrx_word' id='word_1_531' title='bbox 542 4600 699 4666; x_wconf 82' lang='lat' dir='ltr'>Quod</span> <span class='ocrx_word' id='word_1_532' title='bbox 725 4606 948 4656; x_wconf 77' lang='lat' dir='ltr'>vocatur</span> <span class='ocrx_word' id='word_1_533' title='bbox 974 4604 1269 4658; x_wconf 86' lang='lat' dir='ltr'>Bercetum.</span> <span class='ocrx_word' id='word_1_534' title='bbox 1303 4604 1449 4657; x_wconf 86' lang='lat' dir='ltr'>Alias</span> <span class='ocrx_word' id='word_1_535' title='bbox 1481 4606 1773 4671; x_wconf 84' lang='lat' dir='ltr'>Berterum,</span> <span class='ocrx_word' id='word_1_536' title='bbox 1804 4608 2081 4660; x_wconf 82' lang='lat' dir='ltr'>Berlecum</span> 
     </span>
    </p>
   </div>
   <div class='ocr_carea' id='block_1_82' title="bbox 469 4693 2075 4760">
    <p class='ocr_par' dir='ltr' id='par_1_82' title="bbox 469 4693 2075 4760">
     <span class='ocr_line' id='line_1_82' title="bbox 469 4693 2075 4760; baseline 0.004 -15"><span class='ocrx_word' id='word_1_537' title='bbox 469 4697 523 4745; x_wconf 91' lang='lat' dir='ltr'>et</span> <span class='ocrx_word' id='word_1_538' title='bbox 552 4693 836 4748; x_wconf 79' lang='lat' dir='ltr'>Berletum.</span> <span class='ocrx_word' id='word_1_539' title='bbox 872 4693 978 4748; x_wconf 85' lang='lat' dir='ltr'>Sed</span> <span class='ocrx_word' id='word_1_540' title='bbox 1026 4694 1313 4750; x_wconf 88' lang='lat' dir='ltr'>Bercetum</span> <span class='ocrx_word' id='word_1_541' title='bbox 1375 4712 1498 4750; x_wconf 89' lang='lat' dir='ltr'>esse</span> <span class='ocrx_word' id='word_1_542' title='bbox 1547 4712 1728 4752; x_wconf 91' lang='lat' dir='ltr'>veram</span> <span class='ocrx_word' id='word_1_543' title='bbox 1762 4697 2075 4760; x_wconf 89' lang='lat' dir='ltr'>lectionem,</span> 
     </span>
    </p>
   </div>
   <div class='ocr_carea' id='block_1_83' title="bbox 471 4781 2079 4857">
    <p class='ocr_par' dir='ltr' id='par_1_83' title="bbox 471 4781 2079 4857">
     <span class='ocr_line' id='line_1_83' title="bbox 471 4781 2079 4857; baseline 0.004 -22"><span class='ocrx_word' id='word_1_544' title='bbox 471 4796 634 4851; x_wconf 89' lang='lat' dir='ltr'>quam</span> <span class='ocrx_word' id='word_1_545' title='bbox 668 4781 870 4838; x_wconf 88' lang='lat' dir='ltr'>habeat</span> <span class='ocrx_word' id='word_1_546' title='bbox 912 4782 1139 4838; x_wconf 87' lang='lat' dir='ltr'>meliora</span> <span class='ocrx_word' id='word_1_547' title='bbox 1178 4784 1532 4855; x_wconf 86' lang='lat' dir='ltr'>exemplaria,</span> <span class='ocrx_word' id='word_1_548' title='bbox 1566 4785 1830 4855; x_wconf 87' lang='lat' dir='ltr'>probatur</span> <span class='ocrx_word' id='word_1_549' title='bbox 1857 4801 2079 4857; x_wconf 90' lang='lat' dir='ltr'>quoque</span> 
     </span>
    </p>
   </div>
   <div class='ocr_carea' id='block_1_84' title="bbox 466 4870 2077 4944">
    <p class='ocr_par' dir='ltr' id='par_1_84' title="bbox 466 4870 2077 4944">
     <span class='ocr_line' id='line_1_84' title="bbox 466 4870 2077 4944; baseline 0.005 -21"><span class='ocrx_word' id='word_1_550' title='bbox 466 4885 531 4923; x_wconf 90' lang='lat' dir='ltr'>ex</span> <span class='ocrx_word' id='word_1_551' title='bbox 562 4870 729 4925; x_wconf 89' lang='lat' dir='ltr'>Paulo</span> <span class='ocrx_word' id='word_1_552' title='bbox 750 4871 1010 4935; x_wconf 39' lang='lat' dir='ltr'>Diacono;</span> <span class='ocrx_word' id='word_1_553' title='bbox 1043 4873 1138 4943; x_wconf 90' lang='lat' dir='ltr'>qui</span> <span class='ocrx_word' id='word_1_554' title='bbox 1202 4873 1455 4928; x_wconf 89' lang='lat' dir='ltr'>meminit</span> <span class='ocrx_word' id='word_1_555' title='bbox 1483 4874 1647 4944; x_wconf 90' lang='lat' dir='ltr'>hujus</span> <span class='ocrx_word' id='word_1_556' title='bbox 1677 4876 1998 4931; x_wconf 89' lang='lat' dir='ltr'>monasterii</span> <span class='ocrx_word' id='word_1_557' title='bbox 2022 4876 2077 4931; x_wconf 92' lang='lat' dir='ltr'>in</span> 
     </span>
    </p>
   </div>
   <div class='ocr_carea' id='block_1_85' title="bbox 464 4964 1772 5039">
    <p class='ocr_par' dir='ltr' id='par_1_85' title="bbox 464 4964 1772 5039">
     <span class='ocr_line' id='line_1_85' title="bbox 464 4964 1772 5039; baseline 0.007 -21"><span class='ocrx_word' id='word_1_558' title='bbox 464 4964 739 5020; x_wconf 89' lang='lat' dir='ltr'>Bardonis</span> <span class='ocrx_word' id='word_1_559' title='bbox 765 4967 994 5037; x_wconf 87' lang='lat' dir='ltr'>Alpibus</span> <span class='ocrx_word' id='word_1_560' title='bbox 1023 4984 1055 5022; x_wconf 90' lang='lat' dir='ltr'>a</span> <span class='ocrx_word' id='word_1_561' title='bbox 1087 4968 1420 5039; x_wconf 88' lang='lat' dir='ltr'>Luitprando</span> <span class='ocrx_word' id='word_1_562' title='bbox 1453 4971 1772 5027; x_wconf 84' lang='lat' dir='ltr'>constructi.</span> 
     </span>
    </p>
   </div>
   <div class='ocr_carea' id='block_1_86' title="bbox 537 5054 2081 5126">
    <p class='ocr_par' dir='ltr' id='par_1_86' title="bbox 537 5054 2081 5126">
     <span class='ocr_line' id='line_1_86' title="bbox 537 5054 2081 5126; baseline 0.006 -18"><span class='ocrx_word' id='word_1_563' title='bbox 537 5054 765 5120; x_wconf 85' lang='lat' dir='ltr'>Quando</span> <span class='ocrx_word' id='word_1_564' title='bbox 778 5060 883 5111; x_wconf 85' lang='lat' dir='ltr'>tres</span> <span class='ocrx_word' id='word_1_565' title='bbox 910 5058 1137 5125; x_wconf 82' lang='lat' dir='ltr'>fratres,</span> <span class='ocrx_word' id='word_1_566' title='bbox 1168 5059 1482 5126; x_wconf 83' lang='lat' dir='ltr'>Lotharius,</span> <span class='ocrx_word' id='word_1_567' title='bbox 1510 5061 1817 5116; x_wconf 86' lang='lat' dir='ltr'>Ludovicus</span> <span class='ocrx_word' id='word_1_568' title='bbox 1846 5065 1895 5115; x_wconf 86' lang='lat' dir='ltr'>et</span> <span class='ocrx_word' id='word_1_569' title='bbox 1910 5063 2081 5117; x_wconf 71' lang='grc' dir='ltr'>Κανο-</span> 
     </span>
    </p>
   </div>
   <div class='ocr_carea' id='block_1_87' title="bbox 467 5148 2080 5222">
    <p class='ocr_par' dir='ltr' id='par_1_87' title="bbox 467 5148 2080 5222">
     <span class='ocr_line' id='line_1_87' title="bbox 467 5148 2080 5222; baseline 0.006 -21"><span class='ocrx_word' id='word_1_570' title='bbox 467 5148 576 5215; x_wconf 88' lang='lat' dir='ltr'>lus,</span> <span class='ocrx_word' id='word_1_571' title='bbox 617 5163 842 5215; x_wconf 86' lang='lat' dir='ltr'>regnum</span> <span class='ocrx_word' id='word_1_572' title='bbox 869 5150 977 5203; x_wconf 81' lang='lat' dir='ltr'>sibi</span> <span class='ocrx_word' id='word_1_573' title='bbox 1002 5152 1335 5206; x_wconf 83' lang='lat' dir='ltr'>Francorum</span> <span class='ocrx_word' id='word_1_574' title='bbox 1357 5155 1481 5222; x_wconf 83' lang='lat' dir='ltr'>post</span> <span class='ocrx_word' id='word_1_575' title='bbox 1507 5156 1686 5222; x_wconf 85' lang='lat' dir='ltr'>patris</span> <span class='ocrx_word' id='word_1_576' title='bbox 1712 5155 1915 5210; x_wconf 87' lang='lat' dir='ltr'>obitum</span> <span class='ocrx_word' id='word_1_577' title='bbox 1932 5156 2080 5210; x_wconf 85' lang='lat' dir='ltr'>divi-</span> 
     </span>
    </p>
   </div>
   <div class='ocr_carea' id='block_1_88' title="bbox 465 5240 2088 5315">
    <p class='ocr_par' dir='ltr' id='par_1_88' title="bbox 465 5240 2088 5315">
     <span class='ocr_line' id='line_1_88' title="bbox 465 5240 2088 5315; baseline 0.007 -20"><span class='ocrx_word' id='word_1_578' title='bbox 465 5255 599 5295; x_wconf 86' lang='lat' dir='ltr'>sere.</span> <span class='ocrx_word' id='word_1_579' title='bbox 629 5240 713 5293; x_wconf 84' lang='lat' dir='ltr'>MS</span> <span class='ocrx_word' id='word_1_580' title='bbox 769 5241 971 5296; x_wconf 88' lang='lat' dir='ltr'>omittit</span> <span class='ocrx_word' id='word_1_581' title='bbox 1027 5242 1325 5299; x_wconf 89' lang='lat' dir='ltr'>dictionem</span> <span class='ocrx_word' id='word_1_582' title='bbox 1372 5246 1732 5315; x_wconf 89' lang='lat' dir='ltr'>Francorum,</span> <span class='ocrx_word' id='word_1_583' title='bbox 1789 5266 1893 5304; x_wconf 90' lang='lat' dir='ltr'>nec</span> <span class='ocrx_word' id='word_1_584' title='bbox 1922 5250 2088 5307; x_wconf 87' lang='lat' dir='ltr'>habet</span> 
     </span>
    </p>
   </div>
   <div class='ocr_carea' id='block_1_89' title="bbox 465 5327 2084 5396">
    <p class='ocr_par' dir='ltr' id='par_1_89' title="bbox 465 5327 2084 5396">
     <span class='ocr_line' id='line_1_89' title="bbox 465 5327 2084 5396; baseline 0.008 -15"><span class='ocrx_word' id='word_1_585' title='bbox 465 5327 883 5396; x_wconf 85' lang='lat' dir='ltr'>Hincmarus,et</span> <span class='ocrx_word' id='word_1_586' title='bbox 916 5330 1053 5387; x_wconf 84' lang='lat' dir='ltr'>forte</span> <span class='ocrx_word' id='word_1_587' title='bbox 1083 5333 1306 5388; x_wconf 90' lang='lat' dir='ltr'>rectius.</span> <span class='ocrx_word' id='word_1_588' title='bbox 1368 5335 1504 5390; x_wconf 89' lang='lat' dir='ltr'>Sunt</span> <span class='ocrx_word' id='word_1_589' title='bbox 1529 5343 1711 5391; x_wconf 82' lang='lat' dir='ltr'>autem</span> <span class='ocrx_word' id='word_1_590' title='bbox 1763 5339 1818 5393; x_wconf 88' lang='lat' dir='ltr'>hi</span> <span class='ocrx_word' id='word_1_591' title='bbox 1848 5347 1960 5394; x_wconf 90' lang='lat' dir='ltr'>tres</span> <span class='ocrx_word' id='word_1_592' title='bbox 1986 5339 2084 5394; x_wconf 83' lang='lat' dir='ltr'>filii</span> 
     </span>
    </p>
   </div>
   <div class='ocr_carea' id='block_1_90' title="bbox 468 5414 2088 5498">
    <p class='ocr_par' dir='ltr' id='par_1_90' title="bbox 468 5414 2088 5498">
     <span class='ocr_line' id='line_1_90' title="bbox 468 5414 2088 5498; baseline 0.011 -28"><span class='ocrx_word' id='word_1_593' title='bbox 468 5417 730 5474; x_wconf 87' lang='lat' dir='ltr'>Ludovici</span> <span class='ocrx_word' id='word_1_594' title='bbox 754 5419 834 5489; x_wconf 89' lang='lat' dir='ltr'>pii</span> <span class='ocrx_word' id='word_1_595' title='bbox 866 5420 1061 5492; x_wconf 91' lang='lat' dir='ltr'>imper.</span> <span class='ocrx_word' id='word_1_596' title='bbox 1087 5414 1341 5479; x_wconf 80' lang='lat' dir='ltr'>Lotbario</span> <span class='ocrx_word' id='word_1_597' title='bbox 1366 5426 1534 5480; x_wconf 91' lang='lat' dir='ltr'>cessit</span> <span class='ocrx_word' id='word_1_598' title='bbox 1563 5426 1878 5498; x_wconf 91' lang='lat' dir='ltr'>imperium,</span> <span class='ocrx_word' id='word_1_599' title='bbox 1906 5429 2088 5488; x_wconf 90' lang='lat' dir='ltr'>Ludo-</span> 
     </span>
    </p>
   </div>
   <div class='ocr_carea' id='block_1_91' title="bbox 464 5506 1628 5578">
    <p class='ocr_par' dir='ltr' id='par_1_91' title="bbox 464 5506 1628 5578">
     <span class='ocr_line' id='line_1_91' title="bbox 464 5506 1628 5578; baseline 0.011 -18"><span class='ocrx_word' id='word_1_600' title='bbox 464 5506 587 5561; x_wconf 90' lang='lat' dir='ltr'>vico</span> <span class='ocrx_word' id='word_1_601' title='bbox 618 5508 927 5578; x_wconf 89' lang='lat' dir='ltr'>Germania,</span> <span class='ocrx_word' id='word_1_602' title='bbox 972 5512 1162 5567; x_wconf 89' lang='lat' dir='ltr'>Carolo</span> <span class='ocrx_word' id='word_1_603' title='bbox 1195 5513 1352 5570; x_wconf 90' lang='lat' dir='ltr'>Calvo</span> <span class='ocrx_word' id='word_1_604' title='bbox 1383 5516 1628 5573; x_wconf 82' lang='lat' dir='ltr'>Francia.</span> 
     </span>
    </p>
   </div>
   <div class='ocr_carea' id='block_1_92' title="bbox 545 5594 2087 5679">
    <p class='ocr_par' dir='ltr' id='par_1_92' title="bbox 545 5594 2087 5679">
     <span class='ocr_line' id='line_1_92' title="bbox 545 5594 2087 5679; baseline 0.013 -33"><span class='ocrx_word' id='word_1_605' title='bbox 545 5594 716 5648; x_wconf 84' lang='lat' dir='ltr'>Villas</span> <span class='ocrx_word' id='word_1_606' title='bbox 742 5599 981 5668; x_wconf 86' lang='lat' dir='ltr'>episcopi</span> <span class='ocrx_word' id='word_1_607' title='bbox 1006 5603 1289 5668; x_wconf 84' lang='lat' dir='ltr'>Remensis,</span> <span class='ocrx_word' id='word_1_608' title='bbox 1336 5605 1481 5673; x_wconf 87' lang='lat' dir='ltr'>quod</span> <span class='ocrx_word' id='word_1_609' title='bbox 1499 5608 1710 5662; x_wconf 83' lang='lat' dir='ltr'>tenebat</span> <span class='ocrx_word' id='word_1_610' title='bbox 1744 5609 1906 5664; x_wconf 84' lang='lat' dir='ltr'>Fulco</span> <span class='ocrx_word' id='word_1_611' title='bbox 1933 5626 2087 5679; x_wconf 83' lang='lat' dir='ltr'>pres-</span> 
     </span>
    </p>
   </div>
   <div class='ocr_carea' id='block_1_93' title="bbox 468 5677 2083 5767">
    <p class='ocr_par' dir='ltr' id='par_1_93' title="bbox 468 5677 2083 5767">
     <span class='ocr_line' id='line_1_93' title="bbox 468 5677 2083 5767; baseline 0.015 -37"><span class='ocrx_word' id='word_1_612' title='bbox 468 5677 637 5741; x_wconf 83' lang='lat' dir='ltr'>byter.</span> <span class='ocrx_word' id='word_1_613' title='bbox 673 5679 763 5732; x_wconf 91' lang='lat' dir='ltr'>Sic</span> <span class='ocrx_word' id='word_1_614' title='bbox 782 5684 967 5739; x_wconf 88' lang='lat' dir='ltr'>omnia</span> <span class='ocrx_word' id='word_1_615' title='bbox 1005 5687 1339 5757; x_wconf 85' lang='lat' dir='ltr'>exemplaria</span> <span class='ocrx_word' id='word_1_616' title='bbox 1380 5696 1588 5759; x_wconf 89' lang='lat' dir='ltr'>vetera,</span> <span class='ocrx_word' id='word_1_617' title='bbox 1638 5700 1694 5750; x_wconf 90' lang='lat' dir='ltr'>et</span> <span class='ocrx_word' id='word_1_618' title='bbox 1740 5677 2083 5767; x_wconf 78' lang='lat' dir='ltr'>Hincmarus,</span> 
     </span>
    </p>
   </div>
   <div class='ocr_carea' id='block_1_94' title="bbox 2099 4529 2158 4599">
    <p class='ocr_par' dir='ltr' id='par_1_94' title="bbox 2099 4529 2158 4599">
     <span class='ocr_line' id='line_1_94' title="bbox 2099 4529 2158 4599; baseline 0 0"><span class='ocrx_word' id='word_1_619' title='bbox 2099 4529 2158 4599; x_wconf 95' lang='lat' dir='ltr'><strong>D</strong></span> 
     </span>
    </p>
   </div>
   <div class='ocr_carea' id='block_1_95' title="bbox 2187 3307 3735 3385">
    <p class='ocr_par' dir='ltr' id='par_1_95' title="bbox 2187 3307 3735 3385">
     <span class='ocr_line' id='line_1_95' title="bbox 2187 3307 3735 3385; baseline -0.001 -19"><span class='ocrx_word' id='word_1_620' title='bbox 2187 3311 2387 3378; x_wconf 88' lang='lat' dir='ltr'>serico,</span> <span class='ocrx_word' id='word_1_621' title='bbox 2419 3320 2512 3367; x_wconf 90' lang='lat' dir='ltr'>aut</span> <span class='ocrx_word' id='word_1_622' title='bbox 2542 3313 2684 3379; x_wconf 90' lang='lat' dir='ltr'>velo,</span> <span class='ocrx_word' id='word_1_623' title='bbox 2718 3314 2867 3385; x_wconf 91' lang='lat' dir='ltr'>quod</span> <span class='ocrx_word' id='word_1_624' title='bbox 2914 3313 2982 3368; x_wconf 91' lang='lat' dir='ltr'>ad</span> <span class='ocrx_word' id='word_1_625' title='bbox 3029 3328 3155 3369; x_wconf 91' lang='lat' dir='ltr'>eum</span> <span class='ocrx_word' id='word_1_626' title='bbox 3206 3313 3370 3368; x_wconf 80' lang='lat' dir='ltr'>linem</span> <span class='ocrx_word' id='word_1_627' title='bbox 3400 3307 3619 3364; x_wconf 70' lang='lat' dir='ltr'>missum.</span> <span class='ocrx_word' id='word_1_628' title='bbox 3640 3309 3735 3385; x_wconf 64' lang='lat' dir='ltr'>mf</span> 
     </span>
    </p>
   </div>
   <div class='ocr_carea' id='block_1_96' title="bbox 2188 3383 3734 3483">
    <p class='ocr_par' dir='ltr' id='par_1_96' title="bbox 2188 3383 3734 3483">
     <span class='ocr_line' id='line_1_96' title="bbox 2188 3383 3734 3483; baseline -0.014 -23"><span class='ocrx_word' id='word_1_629' title='bbox 2188 3414 2400 3461; x_wconf 90' lang='lat' dir='ltr'>ctorum</span> <span class='ocrx_word' id='word_1_630' title='bbox 2456 3423 2681 3477; x_wconf 90' lang='lat' dir='ltr'>corpora</span> <span class='ocrx_word' id='word_1_631' title='bbox 2734 3383 3078 3483; x_wconf 82' lang='lat' dir='ltr'>contigisset.</span> <span class='ocrx_word' id='word_1_632' title='bbox 3135 3408 3230 3465; x_wconf 91' lang='lat' dir='ltr'>Sic</span> <span class='ocrx_word' id='word_1_633' title='bbox 3279 3405 3422 3462; x_wconf 90' lang='lat' dir='ltr'>enim</span> <span class='ocrx_word' id='word_1_634' title='bbox 3471 3392 3635 3454; x_wconf 90' lang='lat' dir='ltr'>scribit</span> <span class='ocrx_word' id='word_1_635' title='bbox 3685 3383 3734 3440; x_wconf 87' lang='lat' dir='ltr'>ad</span> 
     </span>
    </p>
   </div>
   <div class='ocr_carea' id='block_1_97' title="bbox 2190 3487 3735 3574">
    <p class='ocr_par' dir='ltr' id='par_1_97' title="bbox 2190 3487 3735 3574">
     <span class='ocr_line' id='line_1_97' title="bbox 2190 3487 3735 3574; baseline -0.012 -25"><span class='ocrx_word' id='word_1_636' title='bbox 2190 3495 2559 3551; x_wconf 89' lang='lat' dir='ltr'>Constantiam</span> <span class='ocrx_word' id='word_1_637' title='bbox 2620 3498 2929 3571; x_wconf 89' lang='lat' dir='ltr'>Augustam</span> <span class='ocrx_word' id='word_1_638' title='bbox 2966 3517 2979 3553; x_wconf 92' lang='lat'>:</span> <span class='ocrx_word' id='word_1_639' title='bbox 3018 3519 3040 3549; x_wconf 74' lang='grc' dir='ltr'><strong><em>ο</em></strong></span> <span class='ocrx_word' id='word_1_640' title='bbox 3091 3500 3394 3574; x_wconf 83' lang='lat' dir='ltr'>COgnoscat</span> <span class='ocrx_word' id='word_1_641' title='bbox 3434 3496 3596 3547; x_wconf 86' lang='lat' dir='ltr'>autem</span> <span class='ocrx_word' id='word_1_642' title='bbox 3621 3487 3735 3536; x_wconf 82' lang='lat' dir='ltr'>trau-</span> 
     </span>
    </p>
   </div>
   <div class='ocr_carea' id='block_1_98' title="bbox 2189 3574 3734 3661">
    <p class='ocr_par' dir='ltr' id='par_1_98' title="bbox 2189 3574 3734 3661">
     <span class='ocr_line' id='line_1_98' title="bbox 2189 3574 3734 3661; baseline -0.01 -20"><span class='ocrx_word' id='word_1_643' title='bbox 2189 3586 2519 3657; x_wconf 88' lang='lat' dir='ltr'>quillissima</span> <span class='ocrx_word' id='word_1_644' title='bbox 2553 3588 2798 3656; x_wconf 90' lang='lat' dir='ltr'>domina,</span> <span class='ocrx_word' id='word_1_645' title='bbox 2833 3590 2966 3661; x_wconf 82' lang='lat' dir='ltr'>quin</span> <span class='ocrx_word' id='word_1_646' title='bbox 3010 3591 3278 3646; x_wconf 85' lang='lat' dir='ltr'>Romanis</span> <span class='ocrx_word' id='word_1_647' title='bbox 3331 3574 3633 3643; x_wconf 88' lang='lat' dir='ltr'>consuetudo</span> <span class='ocrx_word' id='word_1_648' title='bbox 3652 3579 3734 3623; x_wconf 79' lang='lat' dir='ltr'>non</span> 
     </span>
    </p>
   </div>
   <div class='ocr_carea' id='block_1_99' title="bbox 2191 3664 3737 3755">
    <p class='ocr_par' dir='ltr' id='par_1_99' title="bbox 2191 3664 3737 3755">
     <span class='ocr_line' id='line_1_99' title="bbox 2191 3664 3737 3755; baseline 0 -25"><span class='ocrx_word' id='word_1_649' title='bbox 2191 3686 2291 3740; x_wconf 84' lang='lat' dir='ltr'>est,</span> <span class='ocrx_word' id='word_1_650' title='bbox 2327 3679 2552 3748; x_wconf 91' lang='lat' dir='ltr'>quando</span> <span class='ocrx_word' id='word_1_651' title='bbox 2583 3688 2896 3735; x_wconf 87' lang='lat' dir='ltr'>sanctorum</span> <span class='ocrx_word' id='word_1_652' title='bbox 2928 3681 3198 3753; x_wconf 89' lang='lat' dir='ltr'>reliquias</span> <span class='ocrx_word' id='word_1_653' title='bbox 3219 3682 3367 3743; x_wconf 89' lang='lat' dir='ltr'>dant,</span> <span class='ocrx_word' id='word_1_654' title='bbox 3398 3683 3457 3730; x_wconf 88' lang='lat' dir='ltr'>ut</span> <span class='ocrx_word' id='word_1_655' title='bbox 3493 3664 3737 3755; x_wconf 59' lang='lat' dir='ltr'>quidquaf&quot;</span> 
     </span>
    </p>
   </div>
   <div class='ocr_carea' id='block_1_100' title="bbox 2192 3753 3735 3849">
    <p class='ocr_par' dir='ltr' id='par_1_100' title="bbox 2192 3753 3735 3849">
     <span class='ocr_line' id='line_1_100' title="bbox 2192 3753 3735 3849; baseline 0 -29"><span class='ocrx_word' id='word_1_656' title='bbox 2192 3773 2420 3841; x_wconf 87' lang='lat' dir='ltr'>tangere</span> <span class='ocrx_word' id='word_1_657' title='bbox 2448 3777 2785 3838; x_wconf 81' lang='lat' dir='ltr'>praesumant</span> <span class='ocrx_word' id='word_1_658' title='bbox 2806 3770 2874 3825; x_wconf 91' lang='lat' dir='ltr'>de</span> <span class='ocrx_word' id='word_1_659' title='bbox 2900 3786 3157 3842; x_wconf 89' lang='lat' dir='ltr'>corpore,</span> <span class='ocrx_word' id='word_1_660' title='bbox 3191 3770 3287 3828; x_wconf 90' lang='lat' dir='ltr'>sed</span> <span class='ocrx_word' id='word_1_661' title='bbox 3330 3753 3663 3849; x_wconf 71' lang='lat' dir='ltr'>tantummon</span> <span class='ocrx_word' id='word_1_662' title='bbox 3693 3753 3735 3798; x_wconf 61' lang='lat'>&quot;1</span> 
     </span>
    </p>
   </div>
   <div class='ocr_carea' id='block_1_101' title="bbox 2186 3845 3734 3936">
    <p class='ocr_par' dir='ltr' id='par_1_101' title="bbox 2186 3845 3734 3936">
     <span class='ocr_line' id='line_1_101' title="bbox 2186 3845 3734 3936; baseline -0.013 -23"><span class='ocrx_word' id='word_1_663' title='bbox 2186 3858 2386 3929; x_wconf 79' lang='lat' dir='ltr'>pyxide</span> <span class='ocrx_word' id='word_1_664' title='bbox 2430 3858 2744 3914; x_wconf 40' lang='lat' dir='ltr'>.brandeum</span> <span class='ocrx_word' id='word_1_665' title='bbox 2798 3862 3050 3930; x_wconf 90' lang='lat' dir='ltr'>mittitur,</span> <span class='ocrx_word' id='word_1_666' title='bbox 3111 3870 3277 3936; x_wconf 89' lang='lat' dir='ltr'>atque</span> <span class='ocrx_word' id='word_1_667' title='bbox 3319 3858 3385 3915; x_wconf 90' lang='lat' dir='ltr'>ad</span> <span class='ocrx_word' id='word_1_668' title='bbox 3431 3845 3734 3936; x_wconf 68' lang='lat' dir='ltr'>sacratissima</span> 
     </span>
    </p>
   </div>
   <div class='ocr_carea' id='block_1_102' title="bbox 2184 3926 3735 4020">
    <p class='ocr_par' dir='ltr' id='par_1_102' title="bbox 2184 3926 3735 4020">
     <span class='ocr_line' id='line_1_102' title="bbox 2184 3926 3735 4020; baseline -0.015 -18"><span class='ocrx_word' id='word_1_669' title='bbox 2184 3926 2418 4017; x_wconf 80' lang='lat' dir='ltr'>corpora</span> <span class='ocrx_word' id='word_1_670' title='bbox 2451 3956 2767 4004; x_wconf 90' lang='lat' dir='ltr'>sanctorum</span> <span class='ocrx_word' id='word_1_671' title='bbox 2807 3951 3052 4020; x_wconf 88' lang='lat' dir='ltr'>ponitur.</span> <span class='ocrx_word' id='word_1_672' title='bbox 3100 3926 3256 4016; x_wconf 76' lang='lat' dir='ltr'>Quod</span> <span class='ocrx_word' id='word_1_673' title='bbox 3280 3950 3501 4005; x_wconf 89' lang='lat' dir='ltr'>levatum</span> <span class='ocrx_word' id='word_1_674' title='bbox 3530 3938 3576 3992; x_wconf 89' lang='lat' dir='ltr'>in</span> <span class='ocrx_word' id='word_1_675' title='bbox 3596 3926 3735 3987; x_wconf 84' lang='lat' dir='ltr'>eccle-</span> 
     </span>
    </p>
   </div>
   <div class='ocr_carea' id='block_1_103' title="bbox 2184 4028 3731 4117">
    <p class='ocr_par' dir='ltr' id='par_1_103' title="bbox 2184 4028 3731 4117">
     <span class='ocr_line' id='line_1_103' title="bbox 2184 4028 3731 4117; baseline -0.005 -25"><span class='ocrx_word' id='word_1_676' title='bbox 2184 4038 2267 4092; x_wconf 91' lang='lat' dir='ltr'>sia</span> <span class='ocrx_word' id='word_1_677' title='bbox 2290 4053 2413 4109; x_wconf 74' lang='lat' dir='ltr'>quae</span> <span class='ocrx_word' id='word_1_678' title='bbox 2445 4045 2529 4094; x_wconf 91' lang='lat' dir='ltr'>est</span> <span class='ocrx_word' id='word_1_679' title='bbox 2556 4039 2888 4108; x_wconf 91' lang='lat' dir='ltr'>dedicanda,</span> <span class='ocrx_word' id='word_1_680' title='bbox 2935 4042 3123 4098; x_wconf 91' lang='lat' dir='ltr'>debita</span> <span class='ocrx_word' id='word_1_681' title='bbox 3160 4059 3284 4099; x_wconf 90' lang='lat' dir='ltr'>cum</span> <span class='ocrx_word' id='word_1_682' title='bbox 3322 4028 3639 4117; x_wconf 75' lang='lat' dir='ltr'>veneratione</span> <span class='ocrx_word' id='word_1_683' title='bbox 3663 4031 3731 4117; x_wconf 60' lang='grc' dir='ltr'>ι’θέ</span> 
     </span>
    </p>
   </div>
   <div class='ocr_carea' id='block_1_104' title="bbox 2185 4114 3731 4200">
    <p class='ocr_par' dir='ltr' id='par_1_104' title="bbox 2185 4114 3731 4200">
     <span class='ocr_line' id='line_1_104' title="bbox 2185 4114 3731 4200; baseline -0.007 -16"><span class='ocrx_word' id='word_1_684' title='bbox 2185 4128 2440 4184; x_wconf 90' lang='lat' dir='ltr'>conditur</span> <span class='ocrx_word' id='word_1_685' title='bbox 2470 4145 2485 4182; x_wconf 88' lang='lat'><strong>:</strong></span> <span class='ocrx_word' id='word_1_686' title='bbox 2526 4136 2580 4183; x_wconf 90' lang='lat' dir='ltr'>et</span> <span class='ocrx_word' id='word_1_687' title='bbox 2610 4135 2774 4185; x_wconf 73' lang='lat' dir='ltr'>tantae</span> <span class='ocrx_word' id='word_1_688' title='bbox 2814 4146 2912 4200; x_wconf 91' lang='lat' dir='ltr'>per</span> <span class='ocrx_word' id='word_1_689' title='bbox 2942 4131 3049 4187; x_wconf 91' lang='lat' dir='ltr'>hoc</span> <span class='ocrx_word' id='word_1_690' title='bbox 3076 4132 3281 4188; x_wconf 87' lang='lat' dir='ltr'>ibidem</span> <span class='ocrx_word' id='word_1_691' title='bbox 3302 4114 3515 4183; x_wconf 87' lang='lat' dir='ltr'>virtutes</span> <span class='ocrx_word' id='word_1_692' title='bbox 3533 4114 3664 4174; x_wconf 55' lang='lat' dir='ltr'>fiunt,</span> <span class='ocrx_word' id='word_1_693' title='bbox 3683 4116 3731 4200; x_wconf 57' lang='lat'>{1°</span> 
     </span>
    </p>
   </div>
   <div class='ocr_carea' id='block_1_105' title="bbox 2184 4196 3728 4296">
    <p class='ocr_par' dir='ltr' id='par_1_105' title="bbox 2184 4196 3728 4296">
     <span class='ocr_line' id='line_1_105' title="bbox 2184 4196 3728 4296; baseline -0.015 -22"><span class='ocrx_word' id='word_1_694' title='bbox 2184 4219 2231 4274; x_wconf 90' lang='lat' dir='ltr'>si</span> <span class='ocrx_word' id='word_1_695' title='bbox 2263 4220 2390 4275; x_wconf 92' lang='lat' dir='ltr'>illuc</span> <span class='ocrx_word' id='word_1_696' title='bbox 2447 4221 2763 4291; x_wconf 87' lang='lat' dir='ltr'>specialiter</span> <span class='ocrx_word' id='word_1_697' title='bbox 2792 4196 2983 4279; x_wconf 82' lang='lat' dir='ltr'>eorum</span> <span class='ocrx_word' id='word_1_698' title='bbox 3009 4240 3243 4296; x_wconf 89' lang='lat' dir='ltr'>corpora</span> <span class='ocrx_word' id='word_1_699' title='bbox 3272 4218 3580 4276; x_wconf 75' lang='lat' dir='ltr'>deferantur.</span> <span class='ocrx_word' id='word_1_700' title='bbox 3610 4196 3728 4257; x_wconf 81' lang='lat' dir='ltr'>Unde</span> 
     </span>
    </p>
   </div>
   <div class='ocr_carea' id='block_1_106' title="bbox 2185 4299 3728 4383">
    <p class='ocr_par' dir='ltr' id='par_1_106' title="bbox 2185 4299 3728 4383">
     <span class='ocr_line' id='line_1_106' title="bbox 2185 4299 3728 4383; baseline -0.003 -20"><span class='ocrx_word' id='word_1_701' title='bbox 2185 4309 2489 4383; x_wconf 84' lang='lat' dir='ltr'>contigitut</span> <span class='ocrx_word' id='word_1_702' title='bbox 2533 4311 2707 4366; x_wconf 80' lang='lat' dir='ltr'>beatae</span> <span class='ocrx_word' id='word_1_703' title='bbox 2739 4313 3140 4369; x_wconf 87' lang='lat' dir='ltr'>recordationis</span> <span class='ocrx_word' id='word_1_704' title='bbox 3172 4311 3365 4370; x_wconf 87' lang='lat' dir='ltr'>Leonis</span> <span class='ocrx_word' id='word_1_705' title='bbox 3386 4316 3527 4378; x_wconf 63' lang='lat' dir='ltr'>papae</span> <span class='ocrx_word' id='word_1_706' title='bbox 3554 4299 3728 4383; x_wconf 63' lang='lat' dir='ltr'>leIPPOf</span> 
     </span>
    </p>
   </div>
   <div class='ocr_carea' id='block_1_107' title="bbox 2183 4380 3726 4478">
    <p class='ocr_par' dir='ltr' id='par_1_107' title="bbox 2183 4380 3726 4478">
     <span class='ocr_line' id='line_1_107' title="bbox 2183 4380 3726 4478; baseline -0.005 -27"><span class='ocrx_word' id='word_1_707' title='bbox 2183 4380 2514 4465; x_wconf 67' lang='lat' dir='ltr'>ribus,sicut</span> <span class='ocrx_word' id='word_1_708' title='bbox 2542 4415 2573 4454; x_wconf 88' lang='lat' dir='ltr'>a</span> <span class='ocrx_word' id='word_1_709' title='bbox 2603 4400 2909 4468; x_wconf 77' lang='lat' dir='ltr'>majoribus</span> <span class='ocrx_word' id='word_1_710' title='bbox 2936 4403 3325 4472; x_wconf 90' lang='lat' dir='ltr'>traditur,dum</span> <span class='ocrx_word' id='word_1_711' title='bbox 3373 4390 3573 4468; x_wconf 87' lang='lat' dir='ltr'>quidam</span> <span class='ocrx_word' id='word_1_712' title='bbox 3595 4380 3726 4478; x_wconf 61' lang='lat' dir='ltr'>6qu</span> 
     </span>
    </p>
   </div>
   <div class='ocr_carea' id='block_1_108' title="bbox 2187 4464 3727 4569">
    <p class='ocr_par' dir='ltr' id='par_1_108' title="bbox 2187 4464 3727 4569">
     <span class='ocr_line' id='line_1_108' title="bbox 2187 4464 3727 4569; baseline -0.008 -25"><span class='ocrx_word' id='word_1_713' title='bbox 2187 4490 2254 4545; x_wconf 92' lang='lat' dir='ltr'>de</span> <span class='ocrx_word' id='word_1_714' title='bbox 2282 4464 2485 4546; x_wconf 88' lang='lat' dir='ltr'>talibus</span> <span class='ocrx_word' id='word_1_715' title='bbox 2515 4464 2768 4564; x_wconf 81' lang='lat' dir='ltr'>reliquiis</span> <span class='ocrx_word' id='word_1_716' title='bbox 2820 4464 3189 4562; x_wconf 34' lang='lat' dir='ltr'>dubitarent,’</span> <span class='ocrx_word' id='word_1_717' title='bbox 3217 4464 3727 4569; x_wconf 49' lang='lat' dir='ltr'>praediétuspoutifsf</span> 
     </span>
    </p>
   </div>
   <div class='ocr_carea' id='block_1_109' title="bbox 2188 4556 3727 4657">
    <p class='ocr_par' dir='ltr' id='par_1_109' title="bbox 2188 4556 3727 4657">
     <span class='ocr_line' id='line_1_109' title="bbox 2188 4556 3727 4657; baseline -0.009 -24"><span class='ocrx_word' id='word_1_718' title='bbox 2188 4580 2292 4635; x_wconf 87' lang='lat' dir='ltr'>hoc</span> <span class='ocrx_word' id='word_1_719' title='bbox 2323 4580 2500 4650; x_wconf 91' lang='lat' dir='ltr'>ipsum</span> <span class='ocrx_word' id='word_1_720' title='bbox 2533 4556 2862 4649; x_wconf 79' lang='lat' dir='ltr'>brandeum,</span> <span class='ocrx_word' id='word_1_721' title='bbox 2885 4584 3065 4639; x_wconf 87' lang='lat' dir='ltr'>allatis</span> <span class='ocrx_word' id='word_1_722' title='bbox 3096 4556 3393 4642; x_wconf 72' lang='lat' dir='ltr'>forficibus,</span> <span class='ocrx_word' id='word_1_723' title='bbox 3426 4559 3664 4657; x_wconf 53' lang='lat' dir='ltr'>inciderit,</span> <span class='ocrx_word' id='word_1_724' title='bbox 3686 4556 3727 4604; x_wconf 67' lang='grc' dir='ltr'>εί</span> 
     </span>
    </p>
   </div>
   <div class='ocr_carea' id='block_1_110' title="bbox 2180 4650 3725 4754">
    <p class='ocr_par' dir='ltr' id='par_1_110' title="bbox 2180 4650 3725 4754">
     <span class='ocr_line' id='line_1_110' title="bbox 2180 4650 3725 4754; baseline 0.014 -28"><span class='ocrx_word' id='word_1_725' title='bbox 2180 4688 2245 4727; x_wconf 88' lang='lat' dir='ltr'>ex</span> <span class='ocrx_word' id='word_1_726' title='bbox 2269 4673 2385 4743; x_wconf 91' lang='lat' dir='ltr'>ipsa</span> <span class='ocrx_word' id='word_1_727' title='bbox 2416 4674 2688 4730; x_wconf 90' lang='lat' dir='ltr'>incisione</span> <span class='ocrx_word' id='word_1_728' title='bbox 2707 4677 2935 4751; x_wconf 86' lang='lat' dir='ltr'>sanguis</span> <span class='ocrx_word' id='word_1_729' title='bbox 2964 4676 3258 4733; x_wconf 85' lang='lat' dir='ltr'>efﬂuxerit.</span> <span class='ocrx_word' id='word_1_730' title='bbox 3290 4694 3318 4723; x_wconf 76' lang='grc' dir='ltr'>υ</span> <span class='ocrx_word' id='word_1_731' title='bbox 3348 4670 3464 4754; x_wconf 53' lang='lat' dir='ltr'>Hm&quot;:</span> <span class='ocrx_word' id='word_1_732' title='bbox 3483 4660 3579 4754; x_wconf 45' lang='lat'>“19&#39;</span> 
     </span>
    </p>
   </div>
   <div class='ocr_carea' id='block_1_111' title="bbox 2180 4744 3724 4837">
    <p class='ocr_par' dir='ltr' id='par_1_111' title="bbox 2180 4744 3724 4837">
     <span class='ocr_line' id='line_1_111' title="bbox 2180 4744 3724 4837; baseline -0.012 -21"><span class='ocrx_word' id='word_1_733' title='bbox 2180 4762 2303 4817; x_wconf 86' lang='lat' dir='ltr'>dem</span> <span class='ocrx_word' id='word_1_734' title='bbox 2337 4764 2507 4819; x_wconf 90' lang='lat' dir='ltr'>moris</span> <span class='ocrx_word' id='word_1_735' title='bbox 2541 4744 2916 4837; x_wconf 75' lang='lat' dir='ltr'>antiquissimi</span> <span class='ocrx_word' id='word_1_736' title='bbox 2951 4768 3195 4837; x_wconf 89' lang='lat' dir='ltr'>ponendi</span> <span class='ocrx_word' id='word_1_737' title='bbox 3227 4763 3343 4821; x_wconf 86' lang='lat' dir='ltr'>vela</span> <span class='ocrx_word' id='word_1_738' title='bbox 3392 4753 3469 4810; x_wconf 88' lang='lat' dir='ltr'>vel</span> <span class='ocrx_word' id='word_1_739' title='bbox 3501 4745 3593 4837; x_wconf 82' lang='lat' dir='ltr'>alia</span> <span class='ocrx_word' id='word_1_740' title='bbox 3611 4744 3724 4837; x_wconf 55' lang='lat' dir='ltr'>etllf&#39;</span> 
     </span>
    </p>
   </div>
   <div class='ocr_carea' id='block_1_112' title="bbox 2180 4820 3726 4929">
    <p class='ocr_par' dir='ltr' id='par_1_112' title="bbox 2180 4820 3726 4929">
     <span class='ocr_line' id='line_1_112' title="bbox 2180 4820 3726 4929; baseline 0.003 -22"><span class='ocrx_word' id='word_1_741' title='bbox 2180 4853 2306 4907; x_wconf 91' lang='lat' dir='ltr'>dem</span> <span class='ocrx_word' id='word_1_742' title='bbox 2356 4870 2523 4925; x_wconf 91' lang='lat' dir='ltr'>supra</span> <span class='ocrx_word' id='word_1_743' title='bbox 2569 4820 2804 4926; x_wconf 73' lang='lat' dir='ltr'>apostoli</span> <span class='ocrx_word' id='word_1_744' title='bbox 2862 4820 3004 4910; x_wconf 43' lang='lat' dir='ltr'>Petlri</span> <span class='ocrx_word' id='word_1_745' title='bbox 3050 4859 3380 4929; x_wconf 84' lang='lat' dir='ltr'>sepulcrum,</span> <span class='ocrx_word' id='word_1_746' title='bbox 3435 4846 3515 4929; x_wconf 51' lang='grc' dir='ltr'>υί-</span> <span class='ocrx_word' id='word_1_747' title='bbox 3543 4820 3726 4929; x_wconf 28' lang='lat' dir='ltr'>“ngf:</span> 
     </span>
    </p>
   </div>
   <div class='ocr_carea' id='block_1_113' title="bbox 2180 4916 3723 5015">
    <p class='ocr_par' dir='ltr' id='par_1_113' title="bbox 2180 4916 3723 5015">
     <span class='ocr_line' id='line_1_113' title="bbox 2180 4916 3723 5015; baseline -0.004 -20"><span class='ocrx_word' id='word_1_748' title='bbox 2180 4941 2365 4996; x_wconf 91' lang='lat' dir='ltr'>ctione</span> <span class='ocrx_word' id='word_1_749' title='bbox 2394 4916 2729 5014; x_wconf 76' lang='lat' dir='ltr'>locupletata</span> <span class='ocrx_word' id='word_1_750' title='bbox 2787 4916 3186 5015; x_wconf 75' lang='lat' dir='ltr'>reciperentur,</span> <span class='ocrx_word' id='word_1_751' title='bbox 3216 4932 3458 4999; x_wconf 89' lang='lat' dir='ltr'>meminit</span> <span class='ocrx_word' id='word_1_752' title='bbox 3486 4916 3723 5015; x_wconf 52' lang='grc' dir='ltr'>ϐΐθεοξ¹¹ξ⁵</span> 
     </span>
    </p>
   </div>
   <div class='ocr_carea' id='block_1_114' title="bbox 2178 5011 3725 5107">
    <p class='ocr_par' dir='ltr' id='par_1_114' title="bbox 2178 5011 3725 5107">
     <span class='ocr_line' id='line_1_114' title="bbox 2178 5011 3725 5107; baseline -0.016 -20"><span class='ocrx_word' id='word_1_753' title='bbox 2178 5011 2541 5089; x_wconf 41' lang='grc' dir='ltr'>ΤΠΓΟΠΘΠΒῙΘ-</span> <span class='ocrx_word' id='word_1_754' title='bbox 2566 5034 2710 5091; x_wconf 90' lang='lat' dir='ltr'>libro</span> <span class='ocrx_word' id='word_1_755' title='bbox 2755 5011 2932 5107; x_wconf 87' lang='lat' dir='ltr'>primo</span> <span class='ocrx_word' id='word_1_756' title='bbox 2984 5037 3380 5096; x_wconf 88' lang='lat' dir='ltr'>Miraculorum,</span> <span class='ocrx_word' id='word_1_757' title='bbox 3421 5016 3579 5090; x_wconf 88' lang='lat' dir='ltr'>capite</span> <span class='ocrx_word' id='word_1_758' title='bbox 3612 5011 3725 5060; x_wconf 71' lang='lat' dir='ltr'>Vlce‘</span> 
     </span>
    </p>
   </div>
   <div class='ocr_carea' id='block_1_115' title="bbox 2183 5121 2564 5179">
    <p class='ocr_par' dir='ltr' id='par_1_115' title="bbox 2183 5121 2564 5179">
     <span class='ocr_line' id='line_1_115' title="bbox 2183 5121 2564 5179; baseline 0.008 -5"><span class='ocrx_word' id='word_1_759' title='bbox 2183 5121 2325 5178; x_wconf 90' lang='lat' dir='ltr'>simo</span> <span class='ocrx_word' id='word_1_760' title='bbox 2347 5130 2564 5179; x_wconf 87' lang='lat' dir='ltr'>octavo.</span> 
     </span>
    </p>
   </div>
   <div class='ocr_carea' id='block_1_116' title="bbox 2265 5204 3608 5306">
    <p class='ocr_par' dir='ltr' id='par_1_116' title="bbox 2265 5204 3608 5306">
     <span class='ocr_line' id='line_1_116' title="bbox 2265 5204 3608 5306; baseline 0.01 -21"><span class='ocrx_word' id='word_1_761' title='bbox 2265 5233 2470 5288; x_wconf 75' lang='lat' dir='ltr'>Tertius</span> <span class='ocrx_word' id='word_1_762' title='bbox 2500 5236 2551 5288; x_wconf 84' lang='lat' dir='ltr'>et</span> <span class='ocrx_word' id='word_1_763' title='bbox 2578 5234 2813 5296; x_wconf 79' lang='lat' dir='ltr'>Karolus</span> <span class='ocrx_word' id='word_1_764' title='bbox 2854 5237 3010 5304; x_wconf 83' lang='lat' dir='ltr'>regni</span> <span class='ocrx_word' id='word_1_765' title='bbox 3038 5230 3364 5306; x_wconf 54' lang='lat' dir='ltr'>componeret</span> <span class='ocrx_word' id='word_1_766' title='bbox 3405 5219 3560 5306; x_wconf 44' lang='grc' dir='ltr'>αείίξθ</span> <span class='ocrx_word' id='word_1_767' title='bbox 3582 5204 3608 5306; x_wconf 60' lang='grc' dir='ltr'>,Ι</span> 
     </span>
    </p>
   </div>
   <div class='ocr_carea' id='block_1_117' title="bbox 2190 5313 3458 5383">
    <p class='ocr_par' dir='ltr' id='par_1_117' title="bbox 2190 5313 3458 5383">
     <span class='ocr_line' id='line_1_117' title="bbox 2190 5313 3458 5383; baseline -0.002 -6"><span class='ocrx_word' id='word_1_768' title='bbox 2190 5322 2415 5379; x_wconf 91' lang='lat' dir='ltr'>Carolus</span> <span class='ocrx_word' id='word_1_769' title='bbox 2437 5323 2650 5380; x_wconf 88' lang='lat' dir='ltr'>Calvus.</span> <span class='ocrx_word' id='word_1_770' title='bbox 2683 5325 2901 5381; x_wconf 89' lang='lat' dir='ltr'>Primus</span> <span class='ocrx_word' id='word_1_771' title='bbox 2931 5327 3079 5382; x_wconf 91' lang='lat' dir='ltr'>enim</span> <span class='ocrx_word' id='word_1_772' title='bbox 3111 5335 3193 5383; x_wconf 89' lang='lat' dir='ltr'>est</span> <span class='ocrx_word' id='word_1_773' title='bbox 3251 5313 3458 5377; x_wconf 75' lang='lat' dir='ltr'>Carolus</span> 
     </span>
    </p>
   </div>
   <div class='ocr_carea' id='block_1_118' title="bbox 2186 5422 3006 5501">
    <p class='ocr_par' dir='ltr' id='par_1_118' title="bbox 2186 5422 3006 5501">
     <span class='ocr_line' id='line_1_118' title="bbox 2186 5422 3006 5501; baseline 0.006 -26"><span class='ocrx_word' id='word_1_774' title='bbox 2186 5422 2467 5477; x_wconf 89' lang='lat' dir='ltr'>secundus</span> <span class='ocrx_word' id='word_1_775' title='bbox 2501 5422 2729 5478; x_wconf 89' lang='lat' dir='ltr'>Carolus</span> <span class='ocrx_word' id='word_1_776' title='bbox 2760 5424 3006 5501; x_wconf 81' lang='lat' dir='ltr'>Magnus,</span> 
     </span>
    </p>
   </div>
   <div class='ocr_carea' id='block_1_119' title="bbox 2256 5526 3627 5598">
    <p class='ocr_par' dir='ltr' id='par_1_119' title="bbox 2256 5526 3627 5598">
     <span class='ocr_line' id='line_1_119' title="bbox 2256 5526 3627 5598; baseline -0.011 -17"><span class='ocrx_word' id='word_1_777' title='bbox 2256 5526 2524 5582; x_wconf 83' lang='lat' dir='ltr'>Octimber</span> <span class='ocrx_word' id='word_1_778' title='bbox 2581 5532 2841 5598; x_wconf 85' lang='lat' dir='ltr'>primam,</span> <span class='ocrx_word' id='word_1_779' title='bbox 2902 5537 3013 5586; x_wconf 90' lang='lat' dir='ltr'>etc.</span> <span class='ocrx_word' id='word_1_780' title='bbox 3072 5531 3163 5587; x_wconf 91' lang='lat' dir='ltr'>Sic</span> <span class='ocrx_word' id='word_1_781' title='bbox 3209 5526 3533 5592; x_wconf 76' lang='lat' dir='ltr'>exemplaria,</span> <span class='ocrx_word' id='word_1_782' title='bbox 3581 5526 3627 5598; x_wconf 60' lang='grc' dir='ltr'>βξ</span> 
     </span>
    </p>
   </div>
   <div class='ocr_carea' id='block_1_120' title="bbox 2186 5573 3688 5685">
    <p class='ocr_par' dir='ltr' id='par_1_120' title="bbox 2186 5573 3688 5685">
     <span class='ocr_line' id='line_1_120' title="bbox 2186 5573 3688 5685; baseline 0.011 -18"><span class='ocrx_word' id='word_1_783' title='bbox 2186 5611 2477 5681; x_wconf 87' lang='lat' dir='ltr'>Octember,</span> <span class='ocrx_word' id='word_1_784' title='bbox 2537 5573 2850 5672; x_wconf 57' lang='lat' dir='ltr'>Srmutavil</span> <span class='ocrx_word' id='word_1_785' title='bbox 2902 5619 3142 5685; x_wconf 86' lang='lat' dir='ltr'>October,</span> <span class='ocrx_word' id='word_1_786' title='bbox 3196 5629 3315 5672; x_wconf 88' lang='lat' dir='ltr'>cum</span> <span class='ocrx_word' id='word_1_787' title='bbox 3362 5573 3688 5685; x_wconf 29' lang='lat' dir='ltr'>primm}?!</span> 
     </span>
    </p>
   </div>
   <div class='ocr_carea' id='block_1_121' title="bbox 2186 5672 3713 5781">
    <p class='ocr_par' dir='ltr' id='par_1_121' title="bbox 2186 5672 3713 5781">
     <span class='ocr_line' id='line_1_121' title="bbox 2186 5672 3713 5781; baseline -0.009 -25"><span class='ocrx_word' id='word_1_788' title='bbox 2186 5672 2568 5774; x_wconf 79' lang='lat' dir='ltr'>antiquitatem</span> <span class='ocrx_word' id='word_1_789' title='bbox 2600 5707 2868 5779; x_wconf 88' lang='lat' dir='ltr'>redoleat,</span> <span class='ocrx_word' id='word_1_790' title='bbox 2899 5672 2963 5765; x_wconf 85' lang='lat' dir='ltr'>et</span> <span class='ocrx_word' id='word_1_791' title='bbox 2994 5672 3261 5781; x_wconf 81' lang='lat' dir='ltr'>exprimat</span> <span class='ocrx_word' id='word_1_792' title='bbox 3312 5672 3450 5758; x_wconf 82' lang='lat' dir='ltr'>vocis</span> <span class='ocrx_word' id='word_1_793' title='bbox 3482 5672 3713 5750; x_wconf 52' lang='lat' dir='ltr'>originem</span> 
     </span>
    </p>
   </div>
   <div class='ocr_carea' id='block_1_122' title="bbox 3612 5196 3722 5254">
    <p class='ocr_par' dir='ltr' id='par_1_122' title="bbox 3612 5196 3722 5254">
     <span class='ocr_line' id='line_1_122' title="bbox 3612 5196 3722 5254; baseline 0 0"><span class='ocrx_word' id='word_1_794' title='bbox 3612 5196 3722 5254; x_wconf 59' lang='lat'>585‘</span> 
     </span>
    </p>
   </div>
   <div class='ocr_carea' id='block_1_123' title="bbox 3399 5481 3715 5572">
    <p class='ocr_par' dir='ltr' id='par_1_123' title="bbox 3399 5481 3715 5572">
     <span class='ocr_line' id='line_1_123' title="bbox 3399 5481 3715 5572; baseline 0 0"><span class='ocrx_word' id='word_1_795' title='bbox 3399 5511 3533 5572; x_wconf 70' lang='lat' dir='ltr'>naria,</span> <span class='ocrx_word' id='word_1_796' title='bbox 3581 5487 3657 5551; x_wconf 73' lang='grc' dir='ltr'>εεά</span> <span class='ocrx_word' id='word_1_797' title='bbox 3679 5481 3715 5572; x_wconf 73' lang='lat'>’2</span> 
     </span>
    </p>
   </div>
   <div class='ocr_carea' id='block_1_124' title="bbox 3483 5287 3819 5361">
    <p class='ocr_par' dir='ltr' id='par_1_124' title="bbox 3483 5287 3819 5361">
     <span class='ocr_line' id='line_1_124' title="bbox 3483 5287 3819 5361; baseline -0.015 -6"><span class='ocrx_word' id='word_1_798' title='bbox 3483 5287 3717 5361; x_wconf 59' lang='lat' dir='ltr'>Marullus:</span> <span class='ocrx_word' id='word_1_799' title='bbox 3816 5296 3819 5303; x_wconf 79' lang='grc'><em>’</em></span> 
     </span>
    </p>
   </div>
  </div>
