3972 6206
185 295 292 348 357

181 423 498 491 eodemque
543 418 708 473 modo
753 417 950 488 legitur

181 516 562 572 Wandelberti
596 514 953 568 Prumicusis.

262 611 582 661 Tercentum
621 607 842 672 fuerant
875 611 979 658 tres
1033 608 1082 658 et
1121 605 1246 656 deni
1272 611 1465 672 quater
1491 606 1646 668 nimi,
1695 613 1799 657 etc.

185 699 245 753 ld
273 708 355 752 est
386 699 615 754 trecenti
672 705 724 750 et
765 707 956 768 quater
1013 693 1297 759 tredecim,
1333 695 1424 764 qui
1479 702 1604 748 sunt
1635 695 1801 764 quin-

184 787 450 860 quaginta
482 787 592 840 duo
623 785 753 839 anni
811 784 987 854 elapsi
1029 792 1183 838 erant
1214 801 1244 838 a
1297 783 1628 854 baptismate
1684 783 1803 836 Clo-

183 878 346 934 dovei
381 885 435 932 et
465 879 822 940 Francorum,
855 877 1078 947 quando
1113 877 1229 930 haec
1251 876 1532 929 translatio
1556 876 1802 945 corporis

183 971 240 1025 S.
274 971 508 1044 Remigii
543 971 682 1025 facta
708 981 810 1036 est,
870 971 1019 1040 quod
1076 968 1175 1023 fuit
1226 984 1370 1022 anno
1420 969 1540 1020 9:32.
1589 968 1657 1020 Ex
1691 983 1799 1037 quo

178 1063 434 1133 sequitur
470 1063 800 1132 baptismum
857 1062 1114 1117 Clodovei
1173 1062 1467 1134 contigisse
1499 1075 1643 1114 anno
1675 1059 1795 1112 500.

182 1153 302 1207 Non
344 1161 524 1206 autem
549 1168 744 1205 sensus
796 1158 896 1212 est,
962 1158 1021 1205 ut
1081 1151 1257 1204 videri
1306 1159 1509 1220 posset,
1567 1148 1794 1203 trecenti

181 1242 552 1315 quadraginta
612 1249 722 1295 tres
775 1241 930 1294 anni.
977 1241 1129 1293 Tunc
1179 1240 1324 1293 enim
1366 1247 1796 1310 eportereteum

180 1335 354 1388 fuisse
389 1334 724 1405 baptizatum
789 1348 936 1387 anno
975 1332 1101 1398 509,
1135 1333 1282 1402 quod
1314 1340 1397 1386 est
1428 1340 1617 1384 contra
1645 1346 1798 1385 eom-

178 1440 406 1478 munem
439 1423 787 1488 sententiam,
849 1429 905 1475 ut
963 1438 1129 1492 supra
1183 1421 1249 1474 ad
1309 1422 1502 1492 cap.13
1563 1420 1794 1475 adnota-

179 1515 383 1568 vimus.

255 1603 645 1659 Comi'tantibus
684 1602 928 1670 undique
980 1616 1127 1654 secus
1191 1601 1516 1669 pepulerunt
1558 1604 1796 1670 stipatus

175 1696 425 1748 catervis.
461 1693 650 1757 Secus,
684 1692 846 1745 idest
874 1706 1069 1759 prope,
1105 1698 1158 1744 et
1187 1690 1266 1743 sic
1291 1690 1475 1743 omnia
1507 1688 1794 1757 exempla-

177 1787 278 1852 ria,
314 1802 384 1840 ne
415 1787 540 1856 quis
571 1785 863 1857 legendum
893 1793 1052 1853 putet
1086 1801 1297 1839 secum.

792 1895 998 1948 CAPUT
1032 1895 1190 1947 XXll.
1822 1890 1872 1956 B

249 1990 450 2044 Mulier
478 1988 725 2058 quautam
780 1987 848 2038 de
882 2002 1022 2055 pago
1082 1988 1386 2039 Trecossino
1445 1985 1796 2039 membrorum

175 2081 414 2133 omnium
443 2079 735 2144 agitatione
766 2077 1020 2129 multata.
1077 2075 1322 2128 Similem
1358 2075 1700 2144 punitioncm
1733 2090 1797 2126 ex

176 2171 472 2225 maledicto
509 2170 696 2223 matris
729 2170 1168 2239 provenientem,
1205 2169 1438 2237 ejusque
1458 2168 1798 2222 curationem

177 2261 246 2313 ad
303 2258 627 2313 memoriam
679 2257 733 2310 S.
794 2257 1062 2326 Stephani
1151 2255 1570 2325 protomartyris
1617 2262 1801 2309 narrat

179 2351 523 2422 Augustinus
550 2349 648 2404 lib.
683 2365 790 2402 xxu
823 2349 890 2402 de
927 2348 1080 2401 Civit.
1118 2347 1235 2413 Dei,
1269 2363 1316 2400 c.
1353 2348 1405 2400 8.

250 2442 336 2494 Er
364 2439 495 2492 villa
521 2454 637 2507 qua:
667 2443 892 2492 vocatur
923 2438 1191 2492 ()aucella.
1225 2435 1314 2490 Sic
1345 2436 1407 2501 R,
1430 2435 1515 2488 MS
1539 2435 1586 2499 J,
1621 2435 1716 2489 sed
1745 2435 1798 2501 C,

177 2527 428 2582 Caurella
479 2527 553 2580 De
585 2527 855 2581 relatione
899 2527 954 2579 S.
1015 2524 1248 2596 Remigii
1297 2525 1364 2578 ad
1403 2525 1580 2578 locum
1615 2524 1801 2593 sepul-

183 2632 320 2676 tura!
359 2637 492 2685 suae,
549 2636 647 2673 seu
701 2620 768 2673 ad
824 2620 1218 2674 monasterium
1271 2634 1454 2682 suum,
1506 2634 1604 2687 per
1644 2617 1803 2670 Heri-

179 2726 356 2764 vazum
387 2709 868 2778 arcliiepiscopun‘i
929 2708 1068 2762 facta
1112 2723 1257 2762 anno
1301 2706 1428 2773 901,
1475 2707 1544 2760 de
1604 2723 1710 2777 qua
1741 2706 1794 2758 in

183 2798 298 2852 fine
322 2797 486 2864 hujus
505 2796 731 2866 capituli
763 2796 927 2866 paulo
957 2796 1122 2850 latius
1155 2796 1265 2867 agit
1304 2802 1516 2861 auctor,
1567 2795 1667 2851 lib.
1727 2811 1797 2860 iv,

180 2905 229 2943 c.
275 2888 360 2941 12.

252 2981 315 3033 In
333 2993 388 3031 eo
419 2993 541 3032 vero
573 2978 680 3030 loco
705 2978 800 3031 ubi
829 2979 923 3032 hoc
981 2979 1175 3032 salutis
1229 2978 1426 3031 accidit
1451 2978 1672 3041 donum,
1701 2992 1800 3046 po-

181 3068 297 3120 sita
321 3066 570 3134 deinceps
590 3071 767 3119 exstat
795 3068 1064 3131 columna,
1089 3083 1244 3121 cruce
1266 3071 1516 3136 prreﬂra,
1537 3069 1802 3135 gloriﬁca-

185 3160 351 3212 tieuis
379 3159 541 3227 hujus
572 3161 846 3212 continens
874 3165 1233 3214 monumenta.
1284 3161 1341 3212 ln
1384 3160 1610 3213 circuitu
1644 3157 1802 3228 pedis

1511 291 1570 343 IN
1619 289 1863 343 LIBRUM
1905 287 2184 342 PRIMUM.

1029 416 1080 470 in
1139 416 1364 471 metrico
1414 415 1798 490 Martyrologio
1831 416 2142 488 ApOpulis,
2178 414 2270 486 qui
2316 430 2458 469 nunc
2491 415 2810 469 Brabantini
2869 422 2921 469 et
2953 415 3169 469 Flamlri
3229 425 3511 472 vocantur.

3408 289 3515 344 358

1908 510 2110 562 Rursus
2143 509 2404 563 secabant
2435 510 2681 563 eamdem
2743 509 2967 563 Galliam
3019 510 3069 563 in
3102 510 3373 583 Belgicam
3403 511 3516 581 pri—

1904 617 2071 663 mam,
2100 601 2257 667 cujus
2287 608 2450 670 caput
2505 601 2773 666 Treveris,
2826 617 2946 653 eum
2989 601 3510 667 ltlediomatricibus,

1905 691 2096 746 Leucis
2124 701 2177 745 et
2209 692 2684 746 Virodunensibus
2715 701 2792 757 ;el
2816 693 2866 745 in
2883 692 3154 765 Belgicam
3186 693 3510 761 secundam,

1902 787 1997 840 ubi
2044 787 2411 858 principatum
2463 788 2726 842 tenebant
2773 789 2948 854 Remi,
3009 789 3278 843 habentes
3322 790 3422 842 sub
3453 806 3512 843 se

1903 882 2229 937 Suessiones
2263 925 2276 947 ,
2347 883 2667 937 Catalaunos
2699 924 2712 949 ,
2767 883 3058 937 Laudunos
3094 923 3108 946 ,
3170 882 3512 949 Camaracos,

1901 973 2146 1040 Nervios,
2204 975 2461 1040 Morinos,
2521 975 2823 1041 Atrebates,
2879 976 3198 1040 Ambianos,
3259 975 3512 1030 Bellova-

1900 1078 2015 1131 cos,
2050 1064 2532 1135 Noviomagenses.
2567 1065 2624 1116 ln
2684 1080 2790 1133 qua
2839 1065 3079 1118 secunda
3111 1064 3328 1136 Belgica
3350 1064 3517 1118 Flan-

1901 1154 2020 1207 dria
2044 1154 2370 1208 includitur.

2480 1265 2684 1319 CAPUT
2733 1265 2912 1318 XXlV.

1976 1377 2283 1430 Estsilvula
2314 1379 2374 1430 in
2405 1381 2578 1430 mente
2607 1379 2714 1430 sita
2765 1378 2938 1431 tribus
2969 1394 3003 1430 a
3030 1379 3245 1431 ciuitate
3272 1379 3514 1432 millibus

1899 1471 2171 1535 separata.
2206 1467 2413 1520 Nomen
2439 1467 2612 1521 monti
2637 1475 2717 1522 est
2759 1468 2884 1533 Hor,
2912 1473 2968 1521 ut
3001 1467 3163 1520 estin
3197 1467 3313 1520 Vita
3355 1466 3516 1533 hujus

1899 1557 1966 1610 de
1988 1574 2094 1628 quo
2123 1558 2302 1627 agitur
2331 1560 2658 1613 Theoderici
2688 1560 2832 1630 apud
2870 1559 3109 1612 Surium.

1972 1648 2113 1712 Quin
2144 1653 2355 1701 vocetur
2388 1649 2737 1701 Theoderico.
2760 1648 2848 1702 Sic
2881 1648 2915 1700 C
2946 1657 3000 1701 et
3030 1649 3068 1701 R
3100 1647 3196 1700 sed
3221 1647 3304 1710 SJ,
3337 1648 3510 1700 Theo-

1901 1739 2068 1803 derie,
2129 1739 2254 1804 alia,
2315 1741 2652 1793 Theoderico.
2715 1740 3224 1810 Quomodocunque
3274 1738 3508 1810 legatur,

1902 1830 2212 1899 exprimere
2243 1831 2416 1884 voluit
2475 1847 2675 1884 nomen
2733 1831 3140 1895 diminutivum,
3196 1846 3318 1900 quae
3366 1830 3511 1899 apud

1899 1923 2079 1976 Gallos
2110 1923 2372 1976 desinunt
2397 1924 2448 1976 in
2483 1939 2531 1988 ο,
2559 1930 2669 1977 uta
2691 1927 2880 1977 Petrus
2919 1926 3153 1977 Picrret.

1974 2017 2069 2067 Die
2126 2015 2492 2068 Kalendarum
2543 2016 2866 2068 Juliurum.
2933 2013 3176 2067 Natalem
3247 2013 3394 2066 diem
3460 2013 3515 2065 S.

1900 2105 2253 2171 Theoderici,
2284 2107 2398 2160 sive
2449 2107 2774 2161 Theoderici
2830 2107 2934 2161 hoc
2966 2105 3052 2160 die
3095 2106 3260 2158 habet
3320 2105 3519 2175 Marty—

1901 2200 2170 2273 rologium
2214 2200 2442 2254 Usuardi
2505 2201 2809 2254 Romanum
2878 2215 3001 2252 cum
3069 2198 3214 2251 notis
3273 2198 3516 2262 Baronii,

1902 2289 2029 2342 item
2062 2290 2200 2343 Petri
2229 2289 2511 2351 Galesinii,
2558 2289 2828 2343 Francisci
2872 2286 3187 2356 Maurolyci,
3219 2285 3315 2363 qui
3353 2288 3521 2340 Theo-

1904 2380 2300 2442 (lerumvocat,
2364 2385 2418 2432 et
2472 2378 2692 2432 Arnoldi
2728 2379 2887 2432 Wion
2949 2377 3091 2432 libro
3149 2377 3311 2430 tertio
3362 2375 3516 2447 Ligni

1904 2470 2057 2525 Viue.
2093 2470 2346 2538 Ejusdem
2402 2471 2521 2523 Vita
2573 2477 2747 2523 exstat
2781 2471 2882 2523 hoc
2935 2469 3025 2522 die
3083 2470 3227 2538 apud
3274 2468 3515 2526 Surium,

1903 2577 2144 2615 consona
2171 2562 2216 2615 is
2233 2579 2353 2632 qua!
2383 2563 2487 2615 hoc
2517 2578 2636 2631 cap.
2662 2561 2956 2624 habentur,
2978 2561 3071 2614 sed
3095 2560 3184 2613 hic
3237 2559 3522 2628 aliquanto

1904 2651 2156 2705 uberius.

1976 2744 2216 2808 Quodam
2273 2745 2502 2813 denique
2555 2744 2911 2797 Sabbatorum
2970 2742 3075 2806 die,
3124 2741 3245 2810 jam
3299 2755 3526 2808 vespera

1905 2833 2175 2884 Dominici
2213 2832 2324 2885 diei
2373 2832 2671 2896 accedente,
2723 2830 2971 2900 qucedam
3023 2829 3380 2898 paupercula,
3415 2839 3521 2881 etc.

1905 2921 2152 2975 Graviter
2181 2924 2371 2993 punita
2396 2923 2496 2976 fuit
2529 2923 2643 2976 hare
2698 2922 2916 2987 mulier,
2978 2921 3124 2991 quod
3156 2936 3386 2991 vespere
3415 2920 3523 2973 diei

1903 3010 2556 3080 Deminiczeoperaretur,
2590 3011 2720 3081 quia
2745 3021 2858 3064 tum
2889 3010 3192 3065 celebratio
3218 3009 3519 3064 Dominicze

1908 3101 2208 3172 incipiebat
2240 3119 2270 3156 a
2294 3111 2538 3173 tempore
2570 3119 2950 3171 vesperarum,
2992 3102 3138 3172 quod
3170 3102 3385 3156 duravit
3414 3101 3528 3156 fere

1907 3194 1972 3246 ad
2005 3202 2190 3247 nostra
2220 3211 2395 3263 usque
2429 3201 2692 3261 tempora.
2730 3194 3030 3246 Videantur
3072 3209 3195 3264 quae
3241 3193 3435 3263 scripsi
3468 3194 3526 3247 in

185 3254 466 3350 (pluum
493 3254 671 3350 mimis
725 3255 842 3350 sfw
889 3253 943 3350 in
1003 3254 1176 3350 Puri-5°
1224 3253 1278 3306 δ’
1320 3253 1561 3350 Pionysn
1597 3252 1798 3350 Remis'
1828 3259 1876 3326 Ο
1908 3283 2052 3336 notis
2077 3283 2144 3335 ad
2187 3252 2408 3335 Tornam
2468 3252 2942 3350 Cantipratanum,
3000 3252 3105 3334 lib:
3150 3299 3209 3346 ιι,
3259 3252 3382 3349 cap.
3434 3283 3526 3348 53,

189 3344 314 3411 ejus
342 3343 416 3396 rei
451 3343 602 3396 testis
630 3349 709 3395 est
739 3343 856 3396 luec
889 3343 1170 3413 inscriptio
1205 3359 1220 3393 :
1261 3366 1282 3390 α
1319 3343 1606 3414 Nongento
1626 3341 1800 3410 primo

189 3453 341 3492 anno
384 3435 648 3489 incarnati
691 3435 928 3501 Domini,
980 3436 1082 3489 sub
1137 3448 1332 3505 quarto
1387 3433 1502 3487 Kal.
1531 3432 1798 3498 Januarii,

189 3528 554 3597 secundaque
595 3524 842 3590 Sabbati,
875 3524 1117 3597 glorioso
1166 3523 1234 3576 ab
1298 3523 1398 3575 hac
1452 3522 1586 3575 urbe
1621 3521 1802 3575 delato

188 3631 426 3686 corpore
460 3614 672 3669 Domini
733 3614 902 3668 nostri
963 3630 1023 3668 ac
1069 3613 1284 3683 patroni
1337 3610 1481 3664 beati
1541 3610 1808 3682 Remigii,

187 3726 315 3764 cum
349 3710 560 3763 honore
594 3707 875 3780 dignitatis
904 3707 1188 3776 utriusque
1209 3704 1421 3759 ordinis
1449 3703 1813 3785 concurrebat

196 3801 360 3872 plebs
382 3801 579 3854 devote
615 3799 856 3853 Herivaeo
912 3798 1150 3868 priesuli,
1207 3796 1392 3850 Carolo
1455 3811 1584 3865 rege
1615 3794 1814 3848 subse-

195 3898 428 3962 quente,
473 3905 596 3943 cum
621 3889 891 3942 Richardo
947 3887 1217 3956 principe,
1250 3887 1458 3939 Christo
1491 3885 1682 3939 laudes
1707 3901 1813 3938 nua

198 3989 387 4034 mente
413 3977 706 4046 jubilando
739 3992 1000 4031 consone.
1037 3974 1165 4028 Cum
1201 3974 1395 4028 fuisset
1418 3975 1522 4029 huc
1545 3976 1814 4045 perlatum

205 4088 408 4144 pignus
459 4059 885 4134 sanctissimum,
935 4069 1152 4124 ceelitus
1209 4068 1404 4122 virtute
1459 4069 1611 4138 lapsa
1670 4067 1815 4122 illico

205 4160 445 4230 prosiliit
472 4158 690 4226 (mirum
718 4159 882 4212 ductu
911 4157 947 4226 ἰ)
976 4158 1198 4228 quidam
1231 4156 1462 4210 claudus
1477 4154 1698 4208 directis
1725 4170 1822 4224 po-

206 4253 458 4324 plitibus,
516 4267 657 4306 novo
710 4267 900 4324 gressu
958 4250 1025 4304 ab
1087 4249 1216 4302 hinc
1273 4265 1432 4302 suum
1467 4263 1814 4318 prosequens

203 4340 538 4405 remedium,
593 4339 750 4408 cujus
781 4355 883 4410 0pc
938 4340 1264 4407 adjuvemur
1324 4337 1410 4391 hic
1468 4345 1522 4391 et
1577 4337 1630 4389 in
1689 4353 1817 4406 per-

206 4443 460 4504 petuum.

283 4555 304 4570 ‹-
344 4529 546 4600 Sancte
583 4526 656 4580 tui
689 4527 957 4600 Sigloardi
988 4526 1248 4600 miserere
1288 4526 1564 4600 monachi,

282 4599 602 4662 Quiductus
632 4598 815 4650 amore
837 4598 990 4652 istius
1033 4598 1226 4668 patrati
1270 4598 1539 4658 miraculi,

283 4671 360 4724 Οἱ)
379 4669 541 4724 istius
567 4669 968 4722 monimentum
989 4671 1133 4723 hunc
1164 4669 1336 4722 erexit
1363 4668 1601 4722 titulum.
1633 4690 1656 4713 υ

812 4777 1018 4833 CAPUT
1058 4780 1218 4832 XXlll

280 4871 515 4939 Quidam
539 4871 766 4937 Belgicae
821 4871 1062 4923 secunda:
1114 4873 1425 4939 provincia.
1491 4870 1704 4944 Belgica
1732 4886 1822 4924 se-

205 4963 390 5018 cunda
420 4959 668 5015 continet
701 4959 919 5023 Remos,
989 4958 1332 5024 Catalaunos,
1367 4957 1684 5023 Ambianos,
1719 4967 1824 5015 etc.

207 5053 274 5106 Ut
305 5051 455 5106 enim
489 5049 650 5102 docte
677 5048 869 5101 scribit
893 5047 1133 5101 Jacebus
1163 5047 1412 5117 llleyerus
1441 5045 1492 5098 in
1521 5046 1634 5098 suis
1669 5047 1826 5100 Flau-

207 5131 346 5196 dria:
377 5137 688 5193 Annalibus
718 5138 784 5190 ad
816 5153 1018 5191 annum
1088 5137 1212 5201 453,
1243 5135 1469 5191 Romani
1505 5136 1828 5190 dividebant

209 5232 487 5306 Belgicam
523 5227 749 5281 Galliam
803 5227 855 5280 in
911 5226 1257 5280 Germaniam
1312 5225 1564 5296 primam.
1595 5241 1691 5278 seu
1727 5243 1822 5279 su-

206 5321 513 5390 perierem,
572 5331 695 5386 qua:
753 5315 1195 5389 Argentoratum,
1250 5314 1672 5386 Magontiacum,
1721 5314 1826 5368 Ne-

205 5418 406 5477 metas,
449 5408 768 5478 Vangiones
799 5404 1044 5474 aliasque
1101 5404 1290 5457 Rheno
1328 5403 1665 5472 prepinquas
1690 5419 1826 5458 con-

204 5499 426 5554 tinebat
467 5500 668 5569 gentes
707 5509 718 5544 :
753 5498 805 5545 et
855 5492 910 5544 in
955 5492 1298 5544 Germaniam
1341 5493 1663 5556 secundam,
1728 5508 1825 5546 seu

201 5587 559 5647 inferiorem,
594 5580 750 5647 cujus
781 5586 944 5649 caput
975 5586 1087 5634 erat
1116 5579 1338 5633 Colonia
1375 5580 1674 5651 Agrippina
1702 5595 1825 5635 cum

192 5680 439 5756 Tungris
489 5689 556 5729 ac
636 5671 955 5726 Nerviorum
1034 5671 1475 5740 Morinorumque
1542 5671 1828 5727 maritimis

1913 3376 2065 3437 parte
2094 3387 2165 3422 ix.
2218 3370 2366 3422 ldem
2412 3378 2542 3423 vero
2593 3377 2737 3438 patet
2796 3386 2859 3423 ex
2913 3371 3016 3424 hoc
3053 3378 3280 3424 auctore
3336 3387 3527 3440 supra,

1913 3476 2032 3529 cap.
2063 3460 2153 3524 20,
2179 3459 2270 3512 ubi
2293 3459 2681 3531 Ragenbaldus
2713 3458 2934 3530 quidam
2955 3461 3025 3513 ob
3059 3461 3310 3515 eamdem
3343 3477 3534 3516 causa-

1916 3572 2030 3610 sam
2056 3555 2279 3626 punitus
2303 3563 2411 3609 est.

2523 3647 2731 3702 CAPUT
2777 3647 2925 3701 XXV.

1987 3772 2057 3825 De
2081 3772 2132 3825 S.
2169 3771 2456 3837 Teodull'o,
2508 3773 2575 3826 de
2617 3788 2725 3844 quo
2776 3773 2880 3826 hoc
2927 3788 3025 3841 cap
3059 3814 3072 3838 ,
3116 3773 3228 3848 agit
3285 3773 3535 3829 Molanus

1916 3866 1968 3918 in
2004 3866 2286 3920 additione
2308 3867 2375 3919 ad
2409 3866 2713 3920 Usuardum
2749 3865 3004 3919 Kalendis
3025 3865 3146 3919 Maii
3203 3866 3405 3920 Eodem
3440 3867 3532 3921 die

1918 3955 2108 4010 Petrus
2146 3955 2475 4021 Galesinius,
2535 3965 2588 4010 et
2644 3957 2915 4012 Arnoldus
2977 3957 3159 4023 Wion,
3217 3957 3532 4027 Utriusque,

1918 4045 2173 4099 videlicet
2227 4046 2281 4099 S.
2351 4045 2677 4100 Theoderici
2747 4057 2800 4100 et
2862 4046 3213 4116 Teedulphi,
3283 4047 3537 4102 meminit

1932 4134 2253 4205 Sigebertus
2313 4134 2366 4186 in
2399 4133 2664 4188 Chronico
2709 4135 2773 4188 ad
2809 4151 3012 4188 annum
3039 4136 3144 4190 531
3193 4135 3276 4189 his
3307 4136 3490 4189 verbis
3521 4155 3534 4190 :

1924 4248 1947 4268 «
1982 4224 2354 4277 Theodericus
2389 4225 2584 4290 abbas,
2636 4224 2940 4294 discipulus
2971 4225 3141 4279 sancti
3198 4225 3455 4298 Remigii,
3487 4236 3546 4284 et

1918 4317 2269 4386 Teodulphus
2293 4317 2482 4383 abbas,
2518 4318 3014 4388 diseipulusipsius
3057 4319 3408 4373 Theoderici:
3484 4320 3538 4373 in

1921 4407 2143 4461 Francia
2173 4409 2398 4462 clarent.
2427 4428 2450 4457 ι)
2510 4408 2895 4461 [mentionem
2958 4408 3205 4478 corporis
3235 4409 3288 4462 S.
3354 4409 3540 4463 Thco-

1921 4497 2112 4567 dulplii
2165 4497 2309 4566 apud
2377 4496 2627 4550 Treviros
2677 4504 2827 4551 notat
2875 4513 2940 4550 ex
2992 4497 3295 4552 Trithemio
3355 4498 3538 4553 dictus

1845 4585 1901 4653 D
1927 4586 2196 4640 Arnoldus
2244 4586 2426 4653 \Vion,
2456 4586 2542 4639 die
2585 4587 2684 4639 ult.
2729 4586 3034 4649 Februarii,
3070 4603 3233 4656 quam
3290 4586 3396 4640 late
3437 4587 3538 4641 dc-

1921 4675 2111 4729 scribit
2162 4675 2394 4729 Thomas
2450 4675 2867 4745 Cantipratanus
2920 4675 3011 4726 ubi
3057 4691 3242 4744 supra,
3300 4683 3438 4744 part.
3477 4693 3534 4731 ιι.

1922 4770 2025 4824 Sed
2058 4786 2200 4823 anne
2251 4771 2320 4824 sit
2352 4771 2497 4824 idem
2556 4773 2950 4841 Thcodulphus
2982 4771 3072 4825 ille
3101 4788 3222 4825 cum
3260 4773 3362 4828 isto
3391 4773 3536 4826 mul-

1929 4869 2037 4915 tum
2059 4863 2298 4936 ambigo.
2332 4864 2593 4917 l'lumdem
2621 4862 2746 4917 facit
2781 4862 3039 4914 Trithcm.
3071 4861 3168 4913 ιιι).
3216 4879 3270 4915 ιιι
3305 4862 3373 4915 de
3394 4863 3538 4918 Viris

1928 4954 2097 5008 iilust.
2134 4957 2231 5009 ord
2270 4957 2322 5009 S.
2378 4958 2680 5021 Benedicti,
2731 4973 2850 5027 cap.
2906 4956 3034 5022 9.60,
3079 4955 3171 5010 ubi
3202 4955 3280 5008 sic
3312 4953 3480 5007 habet
3516 4973 3528 5007 :

1929 5073 1952 5090 ‹‹
1987 5047 2383 5116 Thcodulphus
2413 5048 2584 5101 abbas
2613 5049 2664 5100 in
2699 5057 2881 5102 monte
2917 5049 3037 5113 llor,
3063 5048 3145 5100 vir
3174 5055 3376 5100 sanclze
3408 5061 3537 5099 con-

1929 5136 2254 5190 versationis
2305 5144 2356 5189 et
2407 5137 2716 5192 innocentis
2771 5140 2916 5204 Yth,
2981 5138 3166 5192 multis
3232 5136 3532 5191 virtutibus

1927 5226 2104 5279 clarus
2123 5223 2342 5278 effulsit.
2373 5224 2539 5292 Hujus
2584 5243 2784 5296 corpus
2816 5243 2923 5280 non
2957 5234 3081 5281 ante
3129 5226 3329 5280 multos
3363 5242 3538 5280 annos

1926 5323 2203 5384 repertum
2237 5315 2529 5388 integrum,
2591 5325 2645 5368 et
2695 5317 3094 5387 incorruptum,
3157 5334 3281 5373 cum
3335 5333 3536 5391 magno

1928 5406 2132 5458 honore
2158 5403 2404 5457 Treveris
2451 5405 2596 5473 apud
2631 5404 3021 5461 Praedicatores
3081 5406 3423 5462 reconditum
3457 5414 3541 5460 est

1927 5496 1980 5547 iu
2035 5510 2249 5549 summo
2278 5493 2453 5547 altari.
2524 5493 2646 5548 Haec
2699 5495 2944 5550 inventio
2999 5497 3308 5550 celebratur
3360 5494 3538 5566 pridie

1929 5585 2197 5640 Kalendas
2225 5587 2418 5640 Martii.
2459 5607 2484 5637 »
2545 5587 2633 5641 Sic
2679 5587 2792 5641 ille.
2854 5587 3045 5641 Verius
3079 5594 3261 5642 tamen
3284 5587 3537 5642 existimo

1931 5675 2180 5728 diversos
2221 5692 2365 5730 esse.
