  <div class='ocr_page' id='page_1' title='image "/cluster/home/n/w/nwhite01/storage/ocr_20150623/134-135/uva.x000829784/761.png"; bbox 0 0 3972 6206; ppageno 0'>
   <div class='ocr_carea' id='block_1_1' title="bbox 480 181 586 240">
    <p class='ocr_par' dir='ltr' id='par_1_1' title="bbox 480 181 586 240">
     <span class='ocr_line' id='line_1_1' title="bbox 480 181 586 240; baseline -0.047 0"><span class='ocrx_word' id='word_1_1' title='bbox 480 181 586 240; x_wconf 85' lang='grc'><strong>359</strong></span> 
     </span>
    </p>
   </div>
   <div class='ocr_carea' id='block_1_2' title="bbox 1312 180 2969 269">
    <p class='ocr_par' dir='ltr' id='par_1_2' title="bbox 1312 180 2969 269">
     <span class='ocr_line' id='line_1_2' title="bbox 1312 180 2969 269; baseline 0.001 -31"><span class='ocrx_word' id='word_1_2' title='bbox 1312 180 1709 239; x_wconf 81' lang='lat' dir='ltr'><strong>COLVENERII</strong></span> <span class='ocrx_word' id='word_1_3' title='bbox 1749 182 2024 241; x_wconf 82' lang='lat' dir='ltr'><strong>SCHOLIA</strong></span> <span class='ocrx_word' id='word_1_4' title='bbox 2064 185 2130 241; x_wconf 84' lang='lat' dir='ltr'><strong>IN</strong></span> <span class='ocrx_word' id='word_1_5' title='bbox 2170 184 2335 243; x_wconf 82' lang='lat' dir='ltr'><strong>HIST.</strong></span> <span class='ocrx_word' id='word_1_6' title='bbox 2376 182 2661 242; x_wconf 77' lang='lat' dir='ltr'><strong>REMENS.</strong></span> <span class='ocrx_word' id='word_1_7' title='bbox 2704 182 2969 269; x_wconf 34' lang='lat' dir='ltr'><strong>ECCLES&#39;.</strong></span> 
     </span>
    </p>
   </div>
   <div class='ocr_carea' id='block_1_3' title="bbox 1170 496 3092 593">
    <p class='ocr_par' dir='ltr' id='par_1_3' title="bbox 1170 496 3092 593">
     <span class='ocr_line' id='line_1_3' title="bbox 1170 496 3092 593; baseline 0.003 -10"><span class='ocrx_word' id='word_1_8' title='bbox 1170 496 1603 585; x_wconf 88' lang='lat' dir='ltr'><strong>SHOLIA</strong></span> <span class='ocrx_word' id='word_1_9' title='bbox 1679 501 1803 589; x_wconf 90' lang='lat' dir='ltr'><strong>IN</strong></span> <span class='ocrx_word' id='word_1_10' title='bbox 1885 500 2344 591; x_wconf 80' lang='lat' dir='ltr'><strong>LIBRUM</strong></span> <span class='ocrx_word' id='word_1_11' title='bbox 2429 502 3092 593; x_wconf 87' lang='lat' dir='ltr'><strong>SECUNDUM.</strong></span> 
     </span>
    </p>
   </div>
   <div class='ocr_carea' id='block_1_4' title="bbox 1012 834 1550 890">
    <p class='ocr_par' dir='ltr' id='par_1_4' title="bbox 1012 834 1550 890">
     <span class='ocr_line' id='line_1_4' title="bbox 1012 834 1550 890; baseline -0.004 0"><span class='ocrx_word' id='word_1_12' title='bbox 1012 834 1223 890; x_wconf 80' lang='lat' dir='ltr'><strong>CAPUT</strong></span> <span class='ocrx_word' id='word_1_13' title='bbox 1266 834 1550 890; x_wconf 79' lang='lat' dir='ltr'><strong>PRIMUM.</strong></span> 
     </span>
    </p>
   </div>
   <div class='ocr_carea' id='block_1_5' title="bbox 547 927 2081 993">
    <p class='ocr_par' dir='ltr' id='par_1_5' title="bbox 547 927 2081 993">
     <span class='ocr_line' id='line_1_5' title="bbox 547 927 2081 993; baseline 0 -12"><span class='ocrx_word' id='word_1_14' title='bbox 547 927 702 982; x_wconf 84' lang='lat' dir='ltr'><strong>Beato</strong></span> <span class='ocrx_word' id='word_1_15' title='bbox 742 929 974 993; x_wconf 75' lang='lat' dir='ltr'><strong>Remigio</strong></span> <span class='ocrx_word' id='word_1_16' title='bbox 1004 929 1300 982; x_wconf 84' lang='lat' dir='ltr'><strong>suceedisse</strong></span> <span class='ocrx_word' id='word_1_17' title='bbox 1356 929 1605 982; x_wconf 72' lang='lat' dir='ltr'><strong>traditur</strong></span> <span class='ocrx_word' id='word_1_18' title='bbox 1651 930 1941 984; x_wconf 78' lang='lat' dir='ltr'><strong>Romanus.</strong></span> <span class='ocrx_word' id='word_1_19' title='bbox 1968 928 2081 982; x_wconf 88' lang='lat' dir='ltr'><strong>Sub</strong></span> 
     </span>
    </p>
   </div>
   <div class='ocr_carea' id='block_1_6' title="bbox 471 1016 2079 1072">
    <p class='ocr_par' dir='ltr' id='par_1_6' title="bbox 471 1016 2079 1072">
     <span class='ocr_line' id='line_1_6' title="bbox 471 1016 2079 1072; baseline 0 -1"><span class='ocrx_word' id='word_1_20' title='bbox 471 1033 675 1071; x_wconf 85' lang='lat' dir='ltr'><strong>annum</strong></span> <span class='ocrx_word' id='word_1_21' title='bbox 700 1016 957 1071; x_wconf 89' lang='lat' dir='ltr'><strong>videlicet</strong></span> <span class='ocrx_word' id='word_1_22' title='bbox 982 1018 1106 1070; x_wconf 65' lang='lat'><strong>545.</strong></span> <span class='ocrx_word' id='word_1_23' title='bbox 1139 1017 1233 1071; x_wconf 88' lang='lat' dir='ltr'><strong>Hic</strong></span> <span class='ocrx_word' id='word_1_24' title='bbox 1264 1018 1323 1071; x_wconf 89' lang='grc' dir='ltr'><strong>Β.</strong></span> <span class='ocrx_word' id='word_1_25' title='bbox 1349 1017 1627 1071; x_wconf 81' lang='lat' dir='ltr'><strong>Romanus</strong></span> <span class='ocrx_word' id='word_1_26' title='bbox 1676 1018 1990 1072; x_wconf 78' lang='lat' dir='ltr'><strong>cmnobium</strong></span> <span class='ocrx_word' id='word_1_27' title='bbox 2026 1018 2079 1071; x_wconf 88' lang='lat' dir='ltr'><strong>in</strong></span> 
     </span>
    </p>
   </div>
   <div class='ocr_carea' id='block_1_7' title="bbox 470 1105 2084 1171">
    <p class='ocr_par' dir='ltr' id='par_1_7' title="bbox 470 1105 2084 1171">
     <span class='ocr_line' id='line_1_7' title="bbox 470 1105 2084 1171; baseline 0 -10"><span class='ocrx_word' id='word_1_28' title='bbox 470 1106 592 1161; x_wconf 89' lang='lat' dir='ltr'><strong>vico</strong></span> <span class='ocrx_word' id='word_1_29' title='bbox 620 1106 705 1161; x_wconf 89' lang='lat' dir='ltr'><strong>cui</strong></span> <span class='ocrx_word' id='word_1_30' title='bbox 732 1122 932 1160; x_wconf 82' lang='lat' dir='ltr'><strong>nomen</strong></span> <span class='ocrx_word' id='word_1_31' title='bbox 978 1105 1407 1171; x_wconf 85' lang='lat' dir='ltr'><strong>Mentuniacum,</strong></span> <span class='ocrx_word' id='word_1_32' title='bbox 1440 1105 1655 1160; x_wconf 90' lang='lat' dir='ltr'><strong>duabus</strong></span> <span class='ocrx_word' id='word_1_33' title='bbox 1685 1106 1753 1160; x_wconf 92' lang='lat' dir='ltr'><strong>ab</strong></span> <span class='ocrx_word' id='word_1_34' title='bbox 1785 1106 1923 1161; x_wconf 87' lang='lat' dir='ltr'><strong>urbe</strong></span> <span class='ocrx_word' id='word_1_35' title='bbox 1953 1107 2084 1161; x_wconf 89' lang='lat' dir='ltr'><strong>Tre-</strong></span> 
     </span>
    </p>
   </div>
   <div class='ocr_carea' id='block_1_8' title="bbox 472 1196 2082 1267">
    <p class='ocr_par' dir='ltr' id='par_1_8' title="bbox 472 1196 2082 1267">
     <span class='ocr_line' id='line_1_8' title="bbox 472 1196 2082 1267; baseline 0.002 -16"><span class='ocrx_word' id='word_1_36' title='bbox 472 1198 621 1251; x_wconf 87' lang='lat' dir='ltr'><strong>censi</strong></span> <span class='ocrx_word' id='word_1_37' title='bbox 654 1197 827 1251; x_wconf 88' lang='lat' dir='ltr'><strong>lcucis</strong></span> <span class='ocrx_word' id='word_1_38' title='bbox 849 1204 1082 1254; x_wconf 84' lang='lat' dir='ltr'><strong>semoto.</strong></span> <span class='ocrx_word' id='word_1_39' title='bbox 1114 1196 1386 1263; x_wconf 86' lang='lat' dir='ltr'><strong>condidit,</strong></span> <span class='ocrx_word' id='word_1_40' title='bbox 1420 1205 1473 1252; x_wconf 89' lang='lat' dir='ltr'><strong>et</strong></span> <span class='ocrx_word' id='word_1_41' title='bbox 1502 1198 1789 1267; x_wconf 89' lang='lat' dir='ltr'><strong>primusin</strong></span> <span class='ocrx_word' id='word_1_42' title='bbox 1813 1214 1879 1254; x_wconf 92' lang='lat' dir='ltr'><strong>eo</strong></span> <span class='ocrx_word' id='word_1_43' title='bbox 1909 1199 2082 1254; x_wconf 82' lang='lat' dir='ltr'><strong>abbas</strong></span> 
     </span>
    </p>
   </div>
   <div class='ocr_carea' id='block_1_9' title="bbox 472 1289 2078 1361">
    <p class='ocr_par' dir='ltr' id='par_1_9' title="bbox 472 1289 2078 1361">
     <span class='ocr_line' id='line_1_9' title="bbox 472 1289 2078 1361; baseline 0.002 -18"><span class='ocrx_word' id='word_1_44' title='bbox 472 1290 593 1351; x_wconf 83' lang='lat' dir='ltr'><strong>fuit,</strong></span> <span class='ocrx_word' id='word_1_45' title='bbox 629 1290 829 1360; x_wconf 91' lang='lat' dir='ltr'><strong>quoda</strong></span> <span class='ocrx_word' id='word_1_46' title='bbox 871 1289 1149 1344; x_wconf 82' lang='lat' dir='ltr'><strong>sexcentis</strong></span> <span class='ocrx_word' id='word_1_47' title='bbox 1205 1291 1364 1345; x_wconf 90' lang='lat' dir='ltr'><strong>annis</strong></span> <span class='ocrx_word' id='word_1_48' title='bbox 1411 1291 1630 1361; x_wconf 84' lang='lat' dir='ltr'><strong>penitus</strong></span> <span class='ocrx_word' id='word_1_49' title='bbox 1679 1301 1763 1346; x_wconf 93' lang='lat' dir='ltr'><strong>est</strong></span> <span class='ocrx_word' id='word_1_50' title='bbox 1816 1292 2078 1358; x_wconf 91' lang='lat' dir='ltr'><strong>dirutum,</strong></span> 
     </span>
    </p>
   </div>
   <div class='ocr_carea' id='block_1_10' title="bbox 472 1380 2080 1453">
    <p class='ocr_par' dir='ltr' id='par_1_10' title="bbox 472 1380 2080 1453">
     <span class='ocr_line' id='line_1_10' title="bbox 472 1380 2080 1453; baseline 0.002 -19"><span class='ocrx_word' id='word_1_51' title='bbox 472 1396 575 1435; x_wconf 90' lang='lat' dir='ltr'><strong>nec</strong></span> <span class='ocrx_word' id='word_1_52' title='bbox 600 1380 899 1451; x_wconf 87' lang='lat' dir='ltr'><strong>quidquam</strong></span> <span class='ocrx_word' id='word_1_53' title='bbox 931 1382 1053 1449; x_wconf 87' lang='lat' dir='ltr'><strong>ejus</strong></span> <span class='ocrx_word' id='word_1_54' title='bbox 1100 1388 1351 1451; x_wconf 83' lang='lat' dir='ltr'><strong>superest</strong></span> <span class='ocrx_word' id='word_1_55' title='bbox 1406 1391 1604 1453; x_wconf 67' lang='lat' dir='ltr'><strong>praeter</strong></span> <span class='ocrx_word' id='word_1_56' title='bbox 1658 1398 1876 1438; x_wconf 91' lang='lat' dir='ltr'><strong>crucem</strong></span> <span class='ocrx_word' id='word_1_57' title='bbox 1906 1382 1959 1437; x_wconf 91' lang='lat' dir='ltr'><strong>in</strong></span> <span class='ocrx_word' id='word_1_58' title='bbox 2002 1385 2080 1438; x_wconf 86' lang='lat' dir='ltr'><strong>rei</strong></span> 
     </span>
    </p>
   </div>
   <div class='ocr_carea' id='block_1_11' title="bbox 472 1472 2081 1532">
    <p class='ocr_par' dir='ltr' id='par_1_11' title="bbox 472 1472 2081 1532">
     <span class='ocr_line' id='line_1_11' title="bbox 472 1472 2081 1532; baseline 0.004 -7"><span class='ocrx_word' id='word_1_59' title='bbox 472 1472 792 1527; x_wconf 84' lang='lat' dir='ltr'><strong>memoriam</strong></span> <span class='ocrx_word' id='word_1_60' title='bbox 824 1473 901 1527; x_wconf 89' lang='lat' dir='ltr'><strong>ibi</strong></span> <span class='ocrx_word' id='word_1_61' title='bbox 931 1472 1276 1529; x_wconf 85' lang='lat' dir='ltr'><strong>collocatam.</strong></span> <span class='ocrx_word' id='word_1_62' title='bbox 1324 1475 1400 1529; x_wconf 90' lang='lat' dir='ltr'><strong>De</strong></span> <span class='ocrx_word' id='word_1_63' title='bbox 1440 1491 1507 1531; x_wconf 92' lang='lat' dir='ltr'><strong>eo</strong></span> <span class='ocrx_word' id='word_1_64' title='bbox 1537 1476 1591 1530; x_wconf 93' lang='lat' dir='ltr'><strong>in</strong></span> <span class='ocrx_word' id='word_1_65' title='bbox 1617 1477 1737 1530; x_wconf 85' lang='lat' dir='ltr'><strong>Vita</strong></span> <span class='ocrx_word' id='word_1_66' title='bbox 1775 1477 1809 1531; x_wconf 92' lang='lat' dir='ltr'><strong>S</strong></span> <span class='ocrx_word' id='word_1_67' title='bbox 1884 1477 2081 1532; x_wconf 87' lang='lat' dir='ltr'><strong>Leonis</strong></span> 
     </span>
    </p>
   </div>
   <div class='ocr_carea' id='block_1_12' title="bbox 469 1563 2078 1641">
    <p class='ocr_par' dir='ltr' id='par_1_12' title="bbox 469 1563 2078 1641">
     <span class='ocr_line' id='line_1_12' title="bbox 469 1563 2078 1641; baseline 0.004 -24"><span class='ocrx_word' id='word_1_68' title='bbox 469 1563 685 1617; x_wconf 83' lang='lat' dir='ltr'><strong>abbatis</strong></span> <span class='ocrx_word' id='word_1_69' title='bbox 715 1580 778 1619; x_wconf 90' lang='lat' dir='ltr'><strong>ex</strong></span> <span class='ocrx_word' id='word_1_70' title='bbox 801 1564 1079 1620; x_wconf 86' lang='lat' dir='ltr'><strong>Breviario</strong></span> <span class='ocrx_word' id='word_1_71' title='bbox 1123 1566 1381 1620; x_wconf 90' lang='lat' dir='ltr'><strong>Trecensi</strong></span> <span class='ocrx_word' id='word_1_72' title='bbox 1427 1566 1507 1621; x_wconf 89' lang='lat' dir='ltr'><strong>sic</strong></span> <span class='ocrx_word' id='word_1_73' title='bbox 1559 1566 1808 1641; x_wconf 83' lang='lat' dir='ltr'><strong>legitur:</strong></span> <span class='ocrx_word' id='word_1_74' title='bbox 1850 1590 1873 1619; x_wconf 79' lang='grc' dir='ltr'>α</span> <span class='ocrx_word' id='word_1_75' title='bbox 1913 1570 2078 1625; x_wconf 88' lang='lat' dir='ltr'><strong>Beato</strong></span> 
     </span>
    </p>
   </div>
   <div class='ocr_carea' id='block_1_13' title="bbox 467 1654 2077 1732">
    <p class='ocr_par' dir='ltr' id='par_1_13' title="bbox 467 1654 2077 1732">
     <span class='ocr_line' id='line_1_13' title="bbox 467 1654 2077 1732; baseline 0.005 -24"><span class='ocrx_word' id='word_1_76' title='bbox 467 1654 713 1709; x_wconf 83' lang='lat' dir='ltr'><strong>Romano</strong></span> <span class='ocrx_word' id='word_1_77' title='bbox 743 1654 1073 1711; x_wconf 84' lang='lat' dir='ltr'><strong>Mentuniaci</strong></span> <span class='ocrx_word' id='word_1_78' title='bbox 1131 1657 1372 1713; x_wconf 80' lang='lat' dir='ltr'><strong>ccenobii</strong></span> <span class='ocrx_word' id='word_1_79' title='bbox 1412 1657 1614 1714; x_wconf 90' lang='lat' dir='ltr'><strong>abbate</strong></span> <span class='ocrx_word' id='word_1_80' title='bbox 1647 1660 1703 1713; x_wconf 91' lang='lat' dir='ltr'><strong>in</strong></span> <span class='ocrx_word' id='word_1_81' title='bbox 1755 1660 2077 1732; x_wconf 88' lang='lat' dir='ltr'><strong>episcopum</strong></span> 
     </span>
    </p>
   </div>
   <div class='ocr_carea' id='block_1_14' title="bbox 467 1742 2079 1815">
    <p class='ocr_par' dir='ltr' id='par_1_14' title="bbox 467 1742 2079 1815">
     <span class='ocr_line' id='line_1_14' title="bbox 467 1742 2079 1815; baseline 0.006 -19"><span class='ocrx_word' id='word_1_82' title='bbox 467 1742 793 1798; x_wconf 76' lang='lat' dir='ltr'><strong>Itcmensem</strong></span> <span class='ocrx_word' id='word_1_83' title='bbox 819 1744 1016 1811; x_wconf 90' lang='lat' dir='ltr'><strong>electo,</strong></span> <span class='ocrx_word' id='word_1_84' title='bbox 1041 1744 1236 1801; x_wconf 87' lang='lat' dir='ltr'><strong>beatus</strong></span> <span class='ocrx_word' id='word_1_85' title='bbox 1269 1747 1376 1803; x_wconf 90' lang='lat' dir='ltr'><strong>Leo</strong></span> <span class='ocrx_word' id='word_1_86' title='bbox 1408 1747 1528 1815; x_wconf 88' lang='lat' dir='ltr'><strong>ejus</strong></span> <span class='ocrx_word' id='word_1_87' title='bbox 1566 1749 2079 1806; x_wconf 85' lang='lat' dir='ltr'><strong>monasteriifactus</strong></span> 
     </span>
    </p>
   </div>
   <div class='ocr_carea' id='block_1_15' title="bbox 466 1835 2077 1907">
    <p class='ocr_par' dir='ltr' id='par_1_15' title="bbox 466 1835 2077 1907">
     <span class='ocr_line' id='line_1_15' title="bbox 466 1835 2077 1907; baseline 0.006 -18"><span class='ocrx_word' id='word_1_88' title='bbox 466 1842 551 1889; x_wconf 88' lang='lat' dir='ltr'><strong>est</strong></span> <span class='ocrx_word' id='word_1_89' title='bbox 580 1835 768 1892; x_wconf 88' lang='lat' dir='ltr'><strong>abbas.</strong></span> <span class='ocrx_word' id='word_1_90' title='bbox 798 1854 829 1885; x_wconf 69' lang='grc' dir='ltr'><strong>ι)</strong></span> <span class='ocrx_word' id='word_1_91' title='bbox 861 1836 1119 1905; x_wconf 87' lang='lat' dir='ltr'><strong>Ejusdem</strong></span> <span class='ocrx_word' id='word_1_92' title='bbox 1147 1838 1202 1892; x_wconf 93' lang='lat' dir='ltr'><strong>S.</strong></span> <span class='ocrx_word' id='word_1_93' title='bbox 1230 1838 1428 1895; x_wconf 88' lang='lat' dir='ltr'><strong>Leonis</strong></span> <span class='ocrx_word' id='word_1_94' title='bbox 1458 1840 1578 1895; x_wconf 86' lang='lat' dir='ltr'><strong>Vita</strong></span> <span class='ocrx_word' id='word_1_95' title='bbox 1636 1842 1763 1907; x_wconf 90' lang='lat' dir='ltr'><strong>alia,</strong></span> <span class='ocrx_word' id='word_1_96' title='bbox 1822 1842 1920 1898; x_wconf 88' lang='lat' dir='ltr'><strong>sed</strong></span> <span class='ocrx_word' id='word_1_97' title='bbox 1952 1859 2077 1898; x_wconf 84' lang='lat' dir='ltr'><strong>mu—</strong></span> 
     </span>
    </p>
   </div>
   <div class='ocr_carea' id='block_1_16' title="bbox 461 1929 2075 2005">
    <p class='ocr_par' dir='ltr' id='par_1_16' title="bbox 461 1929 2075 2005">
     <span class='ocr_line' id='line_1_16' title="bbox 461 1929 2075 2005; baseline 0.004 -22"><span class='ocrx_word' id='word_1_98' title='bbox 461 1929 578 1993; x_wconf 91' lang='lat' dir='ltr'><strong>tila,</strong></span> <span class='ocrx_word' id='word_1_99' title='bbox 606 1936 834 1984; x_wconf 84' lang='lat' dir='ltr'><strong>testatur</strong></span> <span class='ocrx_word' id='word_1_100' title='bbox 863 1929 1121 1984; x_wconf 87' lang='lat' dir='ltr'><strong>eumdem</strong></span> <span class='ocrx_word' id='word_1_101' title='bbox 1157 1929 1211 1985; x_wconf 92' lang='lat' dir='ltr'><strong>S.</strong></span> <span class='ocrx_word' id='word_1_102' title='bbox 1246 1929 1551 1986; x_wconf 80' lang='lat' dir='ltr'><strong>Romanum</strong></span> <span class='ocrx_word' id='word_1_103' title='bbox 1581 1949 1613 1986; x_wconf 75' lang='grc' dir='ltr'><strong>«ι</strong></span> <span class='ocrx_word' id='word_1_104' title='bbox 1646 1948 1772 2005; x_wconf 90' lang='lat' dir='ltr'><strong>rege</strong></span> <span class='ocrx_word' id='word_1_105' title='bbox 1801 1932 2075 1989; x_wconf 89' lang='lat' dir='ltr'><strong>Clodoveo</strong></span> 
     </span>
    </p>
   </div>
   <div class='ocr_carea' id='block_1_17' title="bbox 463 2023 2078 2101">
    <p class='ocr_par' dir='ltr' id='par_1_17' title="bbox 463 2023 2078 2101">
     <span class='ocr_line' id='line_1_17' title="bbox 463 2023 2078 2101; baseline 0.005 -24"><span class='ocrx_word' id='word_1_106' title='bbox 463 2024 684 2079; x_wconf 89' lang='lat' dir='ltr'><strong>seniore</strong></span> <span class='ocrx_word' id='word_1_107' title='bbox 715 2023 1190 2081; x_wconf 81' lang='lat' dir='ltr'><strong>conﬁrmationem</strong></span> <span class='ocrx_word' id='word_1_108' title='bbox 1223 2026 1542 2082; x_wconf 84' lang='lat' dir='ltr'><strong>donationis</strong></span> <span class='ocrx_word' id='word_1_109' title='bbox 1559 2030 1921 2099; x_wconf 90' lang='lat' dir='ltr'><strong>quorumdam</strong></span> <span class='ocrx_word' id='word_1_110' title='bbox 1942 2046 2078 2101; x_wconf 68' lang='lat' dir='ltr'><strong>pra:-</strong></span> 
     </span>
    </p>
   </div>
   <div class='ocr_carea' id='block_1_18' title="bbox 462 2115 2078 2192">
    <p class='ocr_par' dir='ltr' id='par_1_18' title="bbox 462 2115 2078 2192">
     <span class='ocr_line' id='line_1_18' title="bbox 462 2115 2078 2192; baseline 0.005 -24"><span class='ocrx_word' id='word_1_111' title='bbox 462 2115 679 2170; x_wconf 89' lang='lat' dir='ltr'><strong>diorum</strong></span> <span class='ocrx_word' id='word_1_112' title='bbox 746 2116 1113 2187; x_wconf 85' lang='lat' dir='ltr'><strong>impetrasse,</strong></span> <span class='ocrx_word' id='word_1_113' title='bbox 1199 2133 1321 2188; x_wconf 67' lang='lat' dir='ltr'><strong>qum</strong></span> <span class='ocrx_word' id='word_1_114' title='bbox 1386 2118 1752 2176; x_wconf 76' lang='lat' dir='ltr'><strong>Merobaudus</strong></span> <span class='ocrx_word' id='word_1_115' title='bbox 1817 2122 2078 2192; x_wconf 86' lang='lat' dir='ltr'><strong>patricius</strong></span> 
     </span>
    </p>
   </div>
   <div class='ocr_carea' id='block_1_19' title="bbox 461 2210 2075 2287">
    <p class='ocr_par' dir='ltr' id='par_1_19' title="bbox 461 2210 2075 2287">
     <span class='ocr_line' id='line_1_19' title="bbox 461 2210 2075 2287; baseline 0.006 -23"><span class='ocrx_word' id='word_1_116' title='bbox 461 2210 642 2266; x_wconf 91' lang='lat' dir='ltr'><strong>eidem</strong></span> <span class='ocrx_word' id='word_1_117' title='bbox 698 2212 954 2269; x_wconf 65' lang='lat' dir='ltr'><strong>coenobio</strong></span> <span class='ocrx_word' id='word_1_118' title='bbox 1042 2212 1432 2271; x_wconf 87' lang='lat' dir='ltr'><strong>liberalissime</strong></span> <span class='ocrx_word' id='word_1_119' title='bbox 1522 2216 1918 2287; x_wconf 90' lang='lat' dir='ltr'><strong>impertiverat.</strong></span> <span class='ocrx_word' id='word_1_120' title='bbox 1973 2218 2075 2274; x_wconf 90' lang='lat' dir='ltr'><strong>Se-</strong></span> 
     </span>
    </p>
   </div>
   <div class='ocr_carea' id='block_1_20' title="bbox 462 2303 672 2374">
    <p class='ocr_par' dir='ltr' id='par_1_20' title="bbox 462 2303 672 2374">
     <span class='ocr_line' id='line_1_20' title="bbox 462 2303 672 2374; baseline 0.005 -17"><span class='ocrx_word' id='word_1_121' title='bbox 462 2303 672 2374; x_wconf 86' lang='lat' dir='ltr'><strong>quitur.</strong></span> 
     </span>
    </p>
   </div>
   <div class='ocr_carea' id='block_1_21' title="bbox 529 2397 2078 2477">
    <p class='ocr_par' dir='ltr' id='par_1_21' title="bbox 529 2397 2078 2477">
     <span class='ocr_line' id='line_1_21' title="bbox 529 2397 2078 2477; baseline 0.003 -25"><span class='ocrx_word' id='word_1_122' title='bbox 529 2398 768 2452; x_wconf 85' lang='lat' dir='ltr'><strong>Romano</strong></span> <span class='ocrx_word' id='word_1_123' title='bbox 792 2398 1035 2453; x_wconf 85' lang='lat' dir='ltr'><strong>Flavius.</strong></span> <span class='ocrx_word' id='word_1_124' title='bbox 1087 2397 1184 2452; x_wconf 83' lang='lat' dir='ltr'><strong>Hic</strong></span> <span class='ocrx_word' id='word_1_125' title='bbox 1232 2398 1452 2454; x_wconf 85' lang='lat' dir='ltr'><strong>Flavius</strong></span> <span class='ocrx_word' id='word_1_126' title='bbox 1503 2399 1849 2471; x_wconf 89' lang='lat' dir='ltr'><strong>subscriptus</strong></span> <span class='ocrx_word' id='word_1_127' title='bbox 1878 2402 2078 2477; x_wconf 82' lang='lat' dir='ltr'><strong>legitur</strong></span> 
     </span>
    </p>
   </div>
   <div class='ocr_carea' id='block_1_22' title="bbox 460 2485 2074 2561">
    <p class='ocr_par' dir='ltr' id='par_1_22' title="bbox 460 2485 2074 2561">
     <span class='ocr_line' id='line_1_22' title="bbox 460 2485 2074 2561; baseline 0.004 -22"><span class='ocrx_word' id='word_1_128' title='bbox 460 2485 697 2541; x_wconf 90' lang='lat' dir='ltr'><strong>concilio</strong></span> <span class='ocrx_word' id='word_1_129' title='bbox 726 2486 1078 2542; x_wconf 83' lang='lat' dir='ltr'><strong>Arvernensi.</strong></span> <span class='ocrx_word' id='word_1_130' title='bbox 1133 2487 1269 2543; x_wconf 89' lang='lat' dir='ltr'><strong>Vide</strong></span> <span class='ocrx_word' id='word_1_131' title='bbox 1299 2488 1517 2545; x_wconf 89' lang='lat' dir='ltr'><strong>Scholia</strong></span> <span class='ocrx_word' id='word_1_132' title='bbox 1571 2489 1627 2544; x_wconf 91' lang='lat' dir='ltr'><strong>in</strong></span> <span class='ocrx_word' id='word_1_133' title='bbox 1659 2506 1780 2561; x_wconf 87' lang='lat' dir='ltr'><strong>cap.</strong></span> <span class='ocrx_word' id='word_1_134' title='bbox 1832 2491 1900 2545; x_wconf 78' lang='grc'>13</span> <span class='ocrx_word' id='word_1_135' title='bbox 1948 2491 2074 2545; x_wconf 91' lang='lat' dir='ltr'><strong>libri</strong></span> 
     </span>
    </p>
   </div>
   <div class='ocr_carea' id='block_1_23' title="bbox 460 2574 853 2644">
    <p class='ocr_par' dir='ltr' id='par_1_23' title="bbox 460 2574 853 2644">
     <span class='ocr_line' id='line_1_23' title="bbox 460 2574 853 2644; baseline 0.008 -17"><span class='ocrx_word' id='word_1_136' title='bbox 460 2574 853 2644; x_wconf 73' lang='lat' dir='ltr'><strong>przecedentis.</strong></span> 
     </span>
    </p>
   </div>
   <div class='ocr_carea' id='block_1_24' title="bbox 1102 2645 1434 2702">
    <p class='ocr_par' dir='ltr' id='par_1_24' title="bbox 1102 2645 1434 2702">
     <span class='ocr_line' id='line_1_24' title="bbox 1102 2645 1434 2702; baseline 0.006 -2"><span class='ocrx_word' id='word_1_137' title='bbox 1102 2645 1311 2701; x_wconf 79' lang='lat' dir='ltr'><strong>CAPUT</strong></span> <span class='ocrx_word' id='word_1_138' title='bbox 1368 2648 1434 2702; x_wconf 88' lang='lat' dir='ltr'><strong>Il.</strong></span> 
     </span>
    </p>
   </div>
   <div class='ocr_carea' id='block_1_25' title="bbox 534 2752 2077 2824">
    <p class='ocr_par' dir='ltr' id='par_1_25' title="bbox 534 2752 2077 2824">
     <span class='ocr_line' id='line_1_25' title="bbox 534 2752 2077 2824; baseline 0.006 -18"><span class='ocrx_word' id='word_1_139' title='bbox 534 2752 603 2806; x_wconf 87' lang='lat' dir='ltr'><strong>Ex</strong></span> <span class='ocrx_word' id='word_1_140' title='bbox 626 2752 693 2807; x_wconf 92' lang='lat' dir='ltr'><strong>iis</strong></span> <span class='ocrx_word' id='word_1_141' title='bbox 712 2770 835 2823; x_wconf 87' lang='lat' dir='ltr'><strong>quae</strong></span> <span class='ocrx_word' id='word_1_142' title='bbox 858 2754 963 2809; x_wconf 94' lang='lat' dir='ltr'><strong>hoc</strong></span> <span class='ocrx_word' id='word_1_143' title='bbox 991 2754 1173 2824; x_wconf 89' lang='lat' dir='ltr'><strong>capite</strong></span> <span class='ocrx_word' id='word_1_144' title='bbox 1214 2771 1280 2810; x_wconf 87' lang='lat' dir='ltr'><strong>ex</strong></span> <span class='ocrx_word' id='word_1_145' title='bbox 1336 2755 1632 2812; x_wconf 85' lang='lat' dir='ltr'><strong>Fortunato</strong></span> <span class='ocrx_word' id='word_1_146' title='bbox 1663 2756 1902 2813; x_wconf 88' lang='lat' dir='ltr'><strong>citantur</strong></span> <span class='ocrx_word' id='word_1_147' title='bbox 1933 2773 2077 2815; x_wconf 89' lang='lat' dir='ltr'><strong>non-</strong></span> 
     </span>
    </p>
   </div>
   <div class='ocr_carea' id='block_1_26' title="bbox 463 2845 2081 2922">
    <p class='ocr_par' dir='ltr' id='par_1_26' title="bbox 463 2845 2081 2922">
     <span class='ocr_line' id='line_1_26' title="bbox 463 2845 2081 2922; baseline 0.008 -26"><span class='ocrx_word' id='word_1_148' title='bbox 463 2845 613 2899; x_wconf 91' lang='lat' dir='ltr'><strong>nulla</strong></span> <span class='ocrx_word' id='word_1_149' title='bbox 634 2856 859 2914; x_wconf 90' lang='lat' dir='ltr'><strong>possent</strong></span> <span class='ocrx_word' id='word_1_150' title='bbox 890 2847 946 2901; x_wconf 91' lang='lat' dir='ltr'><strong>in</strong></span> <span class='ocrx_word' id='word_1_151' title='bbox 978 2847 1102 2917; x_wconf 89' lang='lat' dir='ltr'><strong>ipso</strong></span> <span class='ocrx_word' id='word_1_152' title='bbox 1152 2848 1412 2916; x_wconf 87' lang='lat' dir='ltr'><strong>restituit,</strong></span> <span class='ocrx_word' id='word_1_153' title='bbox 1482 2858 1540 2905; x_wconf 92' lang='lat' dir='ltr'><strong>ut</strong></span> <span class='ocrx_word' id='word_1_154' title='bbox 1600 2851 1655 2905; x_wconf 92' lang='lat' dir='ltr'><strong>in</strong></span> <span class='ocrx_word' id='word_1_155' title='bbox 1690 2850 1884 2922; x_wconf 88' lang='lat' dir='ltr'><strong>primis</strong></span> <span class='ocrx_word' id='word_1_156' title='bbox 1911 2855 2081 2921; x_wconf 83' lang='lat' dir='ltr'><strong>Egidi</strong></span> 
     </span>
    </p>
   </div>
   <div class='ocr_carea' id='block_1_27' title="bbox 466 2939 2078 3017">
    <p class='ocr_par' dir='ltr' id='par_1_27' title="bbox 466 2939 2078 3017">
     <span class='ocr_line' id='line_1_27' title="bbox 466 2939 2078 3017; baseline 0.006 -26"><span class='ocrx_word' id='word_1_157' title='bbox 466 2953 567 3007; x_wconf 89' lang='lat' dir='ltr'><strong>pro</strong></span> <span class='ocrx_word' id='word_1_158' title='bbox 595 2939 761 3007; x_wconf 86' lang='lat' dir='ltr'><strong>Igidi,</strong></span> <span class='ocrx_word' id='word_1_159' title='bbox 784 2956 839 2994; x_wconf 94' lang='lat' dir='ltr'><strong>v.</strong></span> <span class='ocrx_word' id='word_1_160' title='bbox 870 2942 904 2994; x_wconf 77' lang='grc'><strong>4</strong></span> <span class='ocrx_word' id='word_1_161' title='bbox 924 2942 1119 3008; x_wconf 79' lang='lat' dir='ltr'><strong>favens</strong></span> <span class='ocrx_word' id='word_1_162' title='bbox 1136 2959 1239 3013; x_wconf 89' lang='lat' dir='ltr'><strong>pro</strong></span> <span class='ocrx_word' id='word_1_163' title='bbox 1267 2945 1454 3011; x_wconf 81' lang='lat' dir='ltr'><strong>fovens</strong></span> <span class='ocrx_word' id='word_1_164' title='bbox 1477 2961 1492 3010; x_wconf 91' lang='lat'><strong>;</strong></span> <span class='ocrx_word' id='word_1_165' title='bbox 1514 2945 1605 3010; x_wconf 73' lang='grc'><strong>24,</strong></span> <span class='ocrx_word' id='word_1_166' title='bbox 1619 2951 1762 3000; x_wconf 84' lang='lat' dir='ltr'><strong>sonet</strong></span> <span class='ocrx_word' id='word_1_167' title='bbox 1786 2962 1885 3017; x_wconf 91' lang='lat' dir='ltr'><strong>pro</strong></span> <span class='ocrx_word' id='word_1_168' title='bbox 1903 2954 2078 3015; x_wconf 81' lang='lat' dir='ltr'><strong>sonat,</strong></span> 
     </span>
    </p>
   </div>
   <div class='ocr_carea' id='block_1_28' title="bbox 471 3029 973 3102">
    <p class='ocr_par' dir='ltr' id='par_1_28' title="bbox 471 3029 973 3102">
     <span class='ocr_line' id='line_1_28' title="bbox 471 3029 973 3102; baseline 0.01 -20"><span class='ocrx_word' id='word_1_169' title='bbox 471 3035 525 3083; x_wconf 91' lang='lat' dir='ltr'><strong>et</strong></span> <span class='ocrx_word' id='word_1_170' title='bbox 555 3029 662 3084; x_wconf 89' lang='lat' dir='ltr'><strong>alia</strong></span> <span class='ocrx_word' id='word_1_171' title='bbox 700 3031 973 3102; x_wconf 58' lang='lat' dir='ltr'><strong>quaedam.</strong></span> 
     </span>
    </p>
   </div>
   <div class='ocr_carea' id='block_1_29' title="bbox 2107 802 3811 910">
    <p class='ocr_par' dir='ltr' id='par_1_29' title="bbox 2107 802 3811 910">
     <span class='ocr_line' id='line_1_29' title="bbox 2107 802 3811 910; baseline -0.001 -15"><span class='ocrx_word' id='word_1_172' title='bbox 2107 840 2163 910; x_wconf 85' lang='grc' dir='ltr'>Α</span> <span class='ocrx_word' id='word_1_173' title='bbox 2187 843 2332 907; x_wconf 87' lang='lat' dir='ltr'><strong>gesto</strong></span> <span class='ocrx_word' id='word_1_174' title='bbox 2354 839 2597 910; x_wconf 88' lang='lat' dir='ltr'><strong>pondera</strong></span> <span class='ocrx_word' id='word_1_175' title='bbox 2639 841 2768 892; x_wconf 85' lang='lat' dir='ltr'><strong>sunt</strong></span> <span class='ocrx_word' id='word_1_176' title='bbox 2812 842 3046 908; x_wconf 86' lang='lat' dir='ltr'><strong>reperta.</strong></span> <span class='ocrx_word' id='word_1_177' title='bbox 3102 836 3302 892; x_wconf 85' lang='lat' dir='ltr'><strong>Eadem</strong></span> <span class='ocrx_word' id='word_1_178' title='bbox 3352 852 3584 908; x_wconf 88' lang='lat' dir='ltr'><strong>prorsus</strong></span> <span class='ocrx_word' id='word_1_179' title='bbox 3637 837 3811 893; x_wconf 83' lang='lat' dir='ltr'><strong>habet</strong></span> 
     </span>
    </p>
   </div>
   <div class='ocr_carea' id='block_1_30' title="bbox 2183 929 3811 1005">
    <p class='ocr_par' dir='ltr' id='par_1_30' title="bbox 2183 929 3811 1005">
     <span class='ocr_line' id='line_1_30' title="bbox 2183 929 3811 1005; baseline -0.004 -14"><span class='ocrx_word' id='word_1_180' title='bbox 2183 934 2353 991; x_wconf 88' lang='lat' dir='ltr'><strong>verba</strong></span> <span class='ocrx_word' id='word_1_181' title='bbox 2372 930 2688 1005; x_wconf 82' lang='lat' dir='ltr'><strong>Gregorius,</strong></span> <span class='ocrx_word' id='word_1_182' title='bbox 2719 929 2805 984; x_wconf 87' lang='lat' dir='ltr'><strong>MS</strong></span> <span class='ocrx_word' id='word_1_183' title='bbox 2865 944 2969 1001; x_wconf 88' lang='lat' dir='ltr'><strong>pro</strong></span> <span class='ocrx_word' id='word_1_184' title='bbox 3026 934 3229 997; x_wconf 85' lang='lat' dir='ltr'><strong>regesto</strong></span> <span class='ocrx_word' id='word_1_185' title='bbox 3286 929 3485 985; x_wconf 85' lang='lat' dir='ltr'><strong>vitiose</strong></span> <span class='ocrx_word' id='word_1_186' title='bbox 3524 930 3664 1005; x_wconf 86' lang='lat' dir='ltr'><strong>legit</strong></span> <span class='ocrx_word' id='word_1_187' title='bbox 3721 948 3811 985; x_wconf 84' lang='lat' dir='ltr'><strong>re—</strong></span> 
     </span>
    </p>
   </div>
   <div class='ocr_carea' id='block_1_31' title="bbox 2182 1021 3810 1098">
    <p class='ocr_par' dir='ltr' id='par_1_31' title="bbox 2182 1021 3810 1098">
     <span class='ocr_line' id='line_1_31' title="bbox 2182 1021 3810 1098; baseline -0.001 -17"><span class='ocrx_word' id='word_1_188' title='bbox 2182 1032 2351 1096; x_wconf 79' lang='lat' dir='ltr'><strong>gesta.</strong></span> <span class='ocrx_word' id='word_1_189' title='bbox 2401 1025 2528 1089; x_wconf 61' lang='lat' dir='ltr'><strong>Quae</strong></span> <span class='ocrx_word' id='word_1_190' title='bbox 2557 1038 2659 1079; x_wconf 85' lang='lat' dir='ltr'><strong>vox</strong></span> <span class='ocrx_word' id='word_1_191' title='bbox 2691 1029 2966 1095; x_wconf 87' lang='lat' dir='ltr'><strong>regestum</strong></span> <span class='ocrx_word' id='word_1_192' title='bbox 2994 1021 3191 1077; x_wconf 91' lang='lat' dir='ltr'><strong>eodem</strong></span> <span class='ocrx_word' id='word_1_193' title='bbox 3219 1038 3342 1093; x_wconf 86' lang='lat' dir='ltr'><strong>cap.</strong></span> <span class='ocrx_word' id='word_1_194' title='bbox 3391 1038 3561 1094; x_wconf 85' lang='lat' dir='ltr'><strong>supra</strong></span> <span class='ocrx_word' id='word_1_195' title='bbox 3600 1024 3810 1098; x_wconf 83' lang='lat' dir='ltr'><strong>legitur</strong></span> 
     </span>
    </p>
   </div>
   <div class='ocr_carea' id='block_1_32' title="bbox 2184 1111 3805 1189">
    <p class='ocr_par' dir='ltr' id='par_1_32' title="bbox 2184 1111 3805 1189">
     <span class='ocr_line' id='line_1_32' title="bbox 2184 1111 3805 1189; baseline -0.001 -20"><span class='ocrx_word' id='word_1_196' title='bbox 2184 1116 2239 1169; x_wconf 91' lang='lat' dir='ltr'><strong>in</strong></span> <span class='ocrx_word' id='word_1_197' title='bbox 2262 1114 2544 1189; x_wconf 86' lang='lat' dir='ltr'><strong>Gregorio,</strong></span> <span class='ocrx_word' id='word_1_198' title='bbox 2576 1128 2701 1167; x_wconf 91' lang='lat' dir='ltr'><strong>cum</strong></span> <span class='ocrx_word' id='word_1_199' title='bbox 2725 1112 2893 1166; x_wconf 90' lang='lat' dir='ltr'><strong>dicit:</strong></span> <span class='ocrx_word' id='word_1_200' title='bbox 2931 1132 2960 1163; x_wconf 78' lang='grc' dir='ltr'>α</span> <span class='ocrx_word' id='word_1_201' title='bbox 2985 1111 3198 1181; x_wconf 88' lang='lat' dir='ltr'><strong>Scripta</strong></span> <span class='ocrx_word' id='word_1_202' title='bbox 3251 1111 3401 1166; x_wconf 90' lang='lat' dir='ltr'><strong>enim</strong></span> <span class='ocrx_word' id='word_1_203' title='bbox 3454 1112 3557 1167; x_wconf 89' lang='lat' dir='ltr'><strong>ista</strong></span> <span class='ocrx_word' id='word_1_204' title='bbox 3612 1113 3668 1167; x_wconf 90' lang='lat' dir='ltr'><strong>in</strong></span> <span class='ocrx_word' id='word_1_205' title='bbox 3704 1129 3805 1167; x_wconf 86' lang='lat' dir='ltr'><strong>re-</strong></span> 
     </span>
    </p>
   </div>
   <div class='ocr_carea' id='block_1_33' title="bbox 2184 1202 3807 1283">
    <p class='ocr_par' dir='ltr' id='par_1_33' title="bbox 2184 1202 3807 1283">
     <span class='ocr_line' id='line_1_33' title="bbox 2184 1202 3807 1283; baseline -0.002 -21"><span class='ocrx_word' id='word_1_206' title='bbox 2184 1215 2335 1283; x_wconf 86' lang='lat' dir='ltr'><strong>gesto</strong></span> <span class='ocrx_word' id='word_1_207' title='bbox 2369 1205 2659 1276; x_wconf 84' lang='lat' dir='ltr'><strong>Chilperici</strong></span> <span class='ocrx_word' id='word_1_208' title='bbox 2693 1204 2839 1279; x_wconf 88' lang='lat' dir='ltr'><strong>regis</strong></span> <span class='ocrx_word' id='word_1_209' title='bbox 2865 1204 2919 1258; x_wconf 89' lang='lat' dir='ltr'><strong>in</strong></span> <span class='ocrx_word' id='word_1_210' title='bbox 2938 1219 3051 1259; x_wconf 93' lang='lat' dir='ltr'><strong>uno</strong></span> <span class='ocrx_word' id='word_1_211' title='bbox 3081 1204 3411 1258; x_wconf 87' lang='lat' dir='ltr'><strong>scriniorum</strong></span> <span class='ocrx_word' id='word_1_212' title='bbox 3442 1202 3649 1274; x_wconf 89' lang='lat' dir='ltr'><strong>pariter</strong></span> <span class='ocrx_word' id='word_1_213' title='bbox 3670 1213 3807 1259; x_wconf 87' lang='lat' dir='ltr'><strong>sunt</strong></span> 
     </span>
    </p>
   </div>
   <div class='ocr_carea' id='block_1_34' title="bbox 2185 1294 3795 1370">
    <p class='ocr_par' dir='ltr' id='par_1_34' title="bbox 2185 1294 3795 1370">
     <span class='ocr_line' id='line_1_34' title="bbox 2185 1294 3795 1370; baseline -0.003 -17"><span class='ocrx_word' id='word_1_214' title='bbox 2185 1306 2421 1370; x_wconf 88' lang='lat' dir='ltr'><strong>reperta.</strong></span> <span class='ocrx_word' id='word_1_215' title='bbox 2451 1322 2475 1343; x_wconf 71' lang='grc'>»</span> <span class='ocrx_word' id='word_1_216' title='bbox 2499 1296 2753 1351; x_wconf 87' lang='lat' dir='ltr'><strong>Nicolaus</strong></span> <span class='ocrx_word' id='word_1_217' title='bbox 2778 1296 3061 1351; x_wconf 89' lang='lat' dir='ltr'><strong>Cbesneau</strong></span> <span class='ocrx_word' id='word_1_218' title='bbox 3093 1296 3299 1351; x_wconf 82' lang='lat' dir='ltr'><strong>Gallice</strong></span> <span class='ocrx_word' id='word_1_219' title='bbox 3340 1294 3506 1351; x_wconf 85' lang='lat' dir='ltr'><strong>vertit</strong></span> <span class='ocrx_word' id='word_1_220' title='bbox 3530 1300 3795 1365; x_wconf 69' lang='lat' dir='ltr'><strong>epam-ne.</strong></span> 
     </span>
    </p>
   </div>
   <div class='ocr_carea' id='block_1_35' title="bbox 2186 1382 3804 1460">
    <p class='ocr_par' dir='ltr' id='par_1_35' title="bbox 2186 1382 3804 1460">
     <span class='ocr_line' id='line_1_35' title="bbox 2186 1382 3804 1460; baseline -0.006 -17"><span class='ocrx_word' id='word_1_221' title='bbox 2186 1413 2211 1435; x_wconf 70' lang='grc' dir='ltr'>α</span> <span class='ocrx_word' id='word_1_222' title='bbox 2247 1388 2538 1460; x_wconf 82' lang='lat' dir='ltr'><strong>Regestum</strong></span> <span class='ocrx_word' id='word_1_223' title='bbox 2570 1385 2759 1440; x_wconf 88' lang='lat' dir='ltr'><strong>Latine</strong></span> <span class='ocrx_word' id='word_1_224' title='bbox 2805 1384 2915 1439; x_wconf 89' lang='lat' dir='ltr'><strong>dici</strong></span> <span class='ocrx_word' id='word_1_225' title='bbox 2966 1390 3177 1454; x_wconf 87' lang='lat' dir='ltr'><strong>potest,</strong></span> <span class='ocrx_word' id='word_1_226' title='bbox 3228 1383 3377 1455; x_wconf 89' lang='lat' dir='ltr'><strong>quod</strong></span> <span class='ocrx_word' id='word_1_227' title='bbox 3433 1382 3602 1457; x_wconf 81' lang='lat' dir='ltr'><strong>vulgo</strong></span> <span class='ocrx_word' id='word_1_228' title='bbox 3644 1383 3804 1455; x_wconf 79' lang='lat' dir='ltr'><strong>regi-</strong></span> 
     </span>
    </p>
   </div>
   <div class='ocr_carea' id='block_1_36' title="bbox 2181 1470 3807 1543">
    <p class='ocr_par' dir='ltr' id='par_1_36' title="bbox 2181 1470 3807 1543">
     <span class='ocr_line' id='line_1_36' title="bbox 2181 1470 3807 1543; baseline -0.002 -14"><span class='ocrx_word' id='word_1_229' title='bbox 2181 1484 2352 1529; x_wconf 90' lang='lat' dir='ltr'><strong>strum</strong></span> <span class='ocrx_word' id='word_1_230' title='bbox 2392 1490 2668 1539; x_wconf 82' lang='lat' dir='ltr'><strong>vocamus,</strong></span> <span class='ocrx_word' id='word_1_231' title='bbox 2694 1472 2873 1543; x_wconf 91' lang='lat' dir='ltr'><strong>inquit</strong></span> <span class='ocrx_word' id='word_1_232' title='bbox 2919 1473 3176 1526; x_wconf 69' lang='lat' dir='ltr'><strong>Budaeus.</strong></span> <span class='ocrx_word' id='word_1_233' title='bbox 3229 1471 3340 1526; x_wconf 85' lang='lat' dir='ltr'><strong>Hoc</strong></span> <span class='ocrx_word' id='word_1_234' title='bbox 3391 1470 3513 1526; x_wconf 91' lang='lat' dir='ltr'><strong>loco</strong></span> <span class='ocrx_word' id='word_1_235' title='bbox 3574 1470 3807 1525; x_wconf 87' lang='lat' dir='ltr'><strong>videtur</strong></span> 
     </span>
    </p>
   </div>
   <div class='ocr_carea' id='block_1_37' title="bbox 2184 1562 3802 1639">
    <p class='ocr_par' dir='ltr' id='par_1_37' title="bbox 2184 1562 3802 1639">
     <span class='ocr_line' id='line_1_37' title="bbox 2184 1562 3802 1639; baseline -0.003 -18"><span class='ocrx_word' id='word_1_236' title='bbox 2184 1563 2848 1639; x_wconf 84' lang='lat' dir='ltr'><strong>thesaurumsigniﬁcare,</strong></span> <span class='ocrx_word' id='word_1_237' title='bbox 2871 1564 2958 1619; x_wconf 87' lang='lat' dir='ltr'><strong>vel</strong></span> <span class='ocrx_word' id='word_1_238' title='bbox 3006 1564 3189 1619; x_wconf 90' lang='lat' dir='ltr'><strong>locum</strong></span> <span class='ocrx_word' id='word_1_239' title='bbox 3242 1562 3338 1617; x_wconf 90' lang='lat' dir='ltr'><strong>ubi</strong></span> <span class='ocrx_word' id='word_1_240' title='bbox 3388 1563 3682 1618; x_wconf 86' lang='lat' dir='ltr'><strong>thesaurus</strong></span> <span class='ocrx_word' id='word_1_241' title='bbox 3710 1578 3802 1617; x_wconf 84' lang='lat' dir='ltr'><strong>re—</strong></span> 
     </span>
    </p>
   </div>
   <div class='ocr_carea' id='block_1_38' title="bbox 2178 1651 3797 1728">
    <p class='ocr_par' dir='ltr' id='par_1_38' title="bbox 2178 1651 3797 1728">
     <span class='ocr_line' id='line_1_38' title="bbox 2178 1651 3797 1728; baseline -0.002 -18"><span class='ocrx_word' id='word_1_242' title='bbox 2178 1656 2417 1726; x_wconf 90' lang='lat' dir='ltr'><strong>ponitur.</strong></span> <span class='ocrx_word' id='word_1_243' title='bbox 2451 1677 2479 1705; x_wconf 73' lang='lat'><strong>»</strong></span> <span class='ocrx_word' id='word_1_244' title='bbox 2513 1655 2628 1720; x_wconf 87' lang='lat' dir='ltr'><strong>Qua</strong></span> <span class='ocrx_word' id='word_1_245' title='bbox 2653 1653 3063 1728; x_wconf 85' lang='lat' dir='ltr'><strong>signiﬁcatione</strong></span> <span class='ocrx_word' id='word_1_246' title='bbox 3110 1653 3313 1725; x_wconf 88' lang='lat' dir='ltr'><strong>accipit</strong></span> <span class='ocrx_word' id='word_1_247' title='bbox 3360 1651 3657 1726; x_wconf 85' lang='lat' dir='ltr'><strong>Gregorius</strong></span> <span class='ocrx_word' id='word_1_248' title='bbox 3678 1651 3797 1721; x_wconf 88' lang='lat' dir='ltr'><strong>jam</strong></span> 
     </span>
    </p>
   </div>
   <div class='ocr_carea' id='block_1_39' title="bbox 2179 1741 3155 1812">
    <p class='ocr_par' dir='ltr' id='par_1_39' title="bbox 2179 1741 3155 1812">
     <span class='ocr_line' id='line_1_39' title="bbox 2179 1741 3155 1812; baseline -0.001 -13"><span class='ocrx_word' id='word_1_249' title='bbox 2179 1745 2375 1812; x_wconf 90' lang='lat' dir='ltr'><strong>dictus,</strong></span> <span class='ocrx_word' id='word_1_250' title='bbox 2403 1744 2497 1801; x_wconf 90' lang='lat' dir='ltr'><strong>lib.</strong></span> <span class='ocrx_word' id='word_1_251' title='bbox 2529 1762 2581 1799; x_wconf 77' lang='grc' dir='ltr'>ιχ</span> <span class='ocrx_word' id='word_1_252' title='bbox 2612 1745 2770 1810; x_wconf 84' lang='lat' dir='ltr'><strong>Hist.,</strong></span> <span class='ocrx_word' id='word_1_253' title='bbox 2802 1761 2851 1800; x_wconf 94' lang='lat' dir='ltr'><strong>c.</strong></span> <span class='ocrx_word' id='word_1_254' title='bbox 2885 1744 2955 1799; x_wconf 86' lang='grc'><strong>10</strong></span> <span class='ocrx_word' id='word_1_255' title='bbox 2985 1749 3041 1798; x_wconf 91' lang='lat' dir='ltr'><strong>et</strong></span> <span class='ocrx_word' id='word_1_256' title='bbox 3068 1741 3155 1800; x_wconf 69' lang='lat'><strong>34.</strong></span> 
     </span>
    </p>
   </div>
   <div class='ocr_carea' id='block_1_40' title="bbox 2816 1832 3144 1890">
    <p class='ocr_par' dir='ltr' id='par_1_40' title="bbox 2816 1832 3144 1890">
     <span class='ocr_line' id='line_1_40' title="bbox 2816 1832 3144 1890; baseline -0.009 -1"><span class='ocrx_word' id='word_1_257' title='bbox 2816 1833 3025 1890; x_wconf 85' lang='lat' dir='ltr'><strong>CAPUT</strong></span> <span class='ocrx_word' id='word_1_258' title='bbox 3052 1832 3144 1888; x_wconf 89' lang='lat' dir='ltr'><strong>lll.</strong></span> 
     </span>
    </p>
   </div>
   <div class='ocr_carea' id='block_1_41' title="bbox 2247 1918 3795 1993">
    <p class='ocr_par' dir='ltr' id='par_1_41' title="bbox 2247 1918 3795 1993">
     <span class='ocr_line' id='line_1_41' title="bbox 2247 1918 3795 1993; baseline -0.003 -15"><span class='ocrx_word' id='word_1_259' title='bbox 2247 1924 2323 1978; x_wconf 92' lang='lat' dir='ltr'><strong>De</strong></span> <span class='ocrx_word' id='word_1_260' title='bbox 2342 1924 2398 1979; x_wconf 93' lang='lat' dir='ltr'><strong>S.</strong></span> <span class='ocrx_word' id='word_1_261' title='bbox 2428 1924 2642 1989; x_wconf 90' lang='lat' dir='ltr'><strong>Basolo,</strong></span> <span class='ocrx_word' id='word_1_262' title='bbox 2676 1923 2879 1979; x_wconf 88' lang='lat' dir='ltr'><strong>Gallice</strong></span> <span class='ocrx_word' id='word_1_263' title='bbox 2909 1925 3057 1979; x_wconf 83' lang='lat' dir='ltr'><strong>saint</strong></span> <span class='ocrx_word' id='word_1_264' title='bbox 3084 1922 3261 1990; x_wconf 81' lang='lat' dir='ltr'><strong>Basle,</strong></span> <span class='ocrx_word' id='word_1_265' title='bbox 3293 1921 3407 1993; x_wconf 80' lang='lat' dir='ltr'><strong>agit</strong></span> <span class='ocrx_word' id='word_1_266' title='bbox 3451 1919 3706 1977; x_wconf 78' lang='lat' dir='ltr'><strong>Molanus</strong></span> <span class='ocrx_word' id='word_1_267' title='bbox 3739 1918 3795 1973; x_wconf 89' lang='lat' dir='ltr'><strong>in</strong></span> 
     </span>
    </p>
   </div>
   <div class='ocr_carea' id='block_1_42' title="bbox 2176 2012 3795 2084">
    <p class='ocr_par' dir='ltr' id='par_1_42' title="bbox 2176 2012 3795 2084">
     <span class='ocr_line' id='line_1_42' title="bbox 2176 2012 3795 2084; baseline -0.002 -15"><span class='ocrx_word' id='word_1_268' title='bbox 2176 2015 2458 2071; x_wconf 89' lang='lat' dir='ltr'><strong>additione</strong></span> <span class='ocrx_word' id='word_1_269' title='bbox 2487 2015 2557 2070; x_wconf 90' lang='lat' dir='ltr'><strong>ad</strong></span> <span class='ocrx_word' id='word_1_270' title='bbox 2590 2014 2899 2071; x_wconf 88' lang='lat' dir='ltr'><strong>Usuardum</strong></span> <span class='ocrx_word' id='word_1_271' title='bbox 2933 2014 3005 2069; x_wconf 82' lang='lat'><strong>26</strong></span> <span class='ocrx_word' id='word_1_272' title='bbox 3032 2012 3379 2080; x_wconf 85' lang='lat' dir='ltr'><strong>Novembris,</strong></span> <span class='ocrx_word' id='word_1_273' title='bbox 3424 2027 3536 2084; x_wconf 87' lang='lat' dir='ltr'><strong>quo</strong></span> <span class='ocrx_word' id='word_1_274' title='bbox 3564 2012 3658 2067; x_wconf 88' lang='lat' dir='ltr'><strong>die</strong></span> <span class='ocrx_word' id='word_1_275' title='bbox 3685 2012 3795 2066; x_wconf 87' lang='lat' dir='ltr'><strong>hoc</strong></span> 
     </span>
    </p>
   </div>
   <div class='ocr_carea' id='block_1_43' title="bbox 2177 2108 3793 2185">
    <p class='ocr_par' dir='ltr' id='par_1_43' title="bbox 2177 2108 3793 2185">
     <span class='ocr_line' id='line_1_43' title="bbox 2177 2108 3793 2185; baseline -0.003 -18"><span class='ocrx_word' id='word_1_276' title='bbox 2177 2126 2297 2182; x_wconf 90' lang='lat' dir='ltr'><strong>cap.</strong></span> <span class='ocrx_word' id='word_1_277' title='bbox 2322 2111 2527 2167; x_wconf 90' lang='lat' dir='ltr'><strong>obiisse</strong></span> <span class='ocrx_word' id='word_1_278' title='bbox 2575 2111 2797 2185; x_wconf 87' lang='lat' dir='ltr'><strong>legitur.</strong></span> <span class='ocrx_word' id='word_1_279' title='bbox 2858 2111 2995 2165; x_wconf 84' lang='lat' dir='ltr'><strong>Item</strong></span> <span class='ocrx_word' id='word_1_280' title='bbox 3047 2108 3323 2179; x_wconf 79' lang='lat' dir='ltr'><strong>Martyrol.</strong></span> <span class='ocrx_word' id='word_1_281' title='bbox 3384 2108 3694 2164; x_wconf 80' lang='lat' dir='ltr'><strong>Romanum</strong></span> <span class='ocrx_word' id='word_1_282' title='bbox 3723 2124 3793 2163; x_wconf 76' lang='lat' dir='ltr'><strong>ex</strong></span> 
     </span>
    </p>
   </div>
   <div class='ocr_carea' id='block_1_44' title="bbox 2178 2200 3796 2274">
    <p class='ocr_par' dir='ltr' id='par_1_44' title="bbox 2178 2200 3796 2274">
     <span class='ocr_line' id='line_1_44' title="bbox 2178 2200 3796 2274; baseline -0.002 -15"><span class='ocrx_word' id='word_1_283' title='bbox 2178 2204 2462 2259; x_wconf 86' lang='lat' dir='ltr'><strong>veteribus</strong></span> <span class='ocrx_word' id='word_1_284' title='bbox 2509 2202 2920 2274; x_wconf 86' lang='lat' dir='ltr'><strong>manuscriptis,</strong></span> <span class='ocrx_word' id='word_1_285' title='bbox 2971 2210 3034 2258; x_wconf 93' lang='lat' dir='ltr'><strong>ut</strong></span> <span class='ocrx_word' id='word_1_286' title='bbox 3061 2208 3221 2258; x_wconf 89' lang='lat' dir='ltr'><strong>notat</strong></span> <span class='ocrx_word' id='word_1_287' title='bbox 3267 2200 3475 2256; x_wconf 87' lang='lat' dir='ltr'><strong>ibidem</strong></span> <span class='ocrx_word' id='word_1_288' title='bbox 3504 2200 3796 2256; x_wconf 74' lang='lat' dir='ltr'><strong>Batonius.</strong></span> 
     </span>
    </p>
   </div>
   <div class='ocr_carea' id='block_1_45' title="bbox 2180 2290 3799 2369">
    <p class='ocr_par' dir='ltr' id='par_1_45' title="bbox 2180 2290 3799 2369">
     <span class='ocr_line' id='line_1_45' title="bbox 2180 2290 3799 2369; baseline -0.002 -19"><span class='ocrx_word' id='word_1_289' title='bbox 2180 2295 2467 2365; x_wconf 65' lang='lat' dir='ltr'><strong>Petrusjn</strong></span> <span class='ocrx_word' id='word_1_290' title='bbox 2498 2294 2774 2369; x_wconf 88' lang='lat' dir='ltr'><strong>Catalogo,</strong></span> <span class='ocrx_word' id='word_1_291' title='bbox 2830 2294 2931 2349; x_wconf 91' lang='lat' dir='ltr'><strong>lib.</strong></span> <span class='ocrx_word' id='word_1_292' title='bbox 2986 2312 3062 2362; x_wconf 77' lang='lat' dir='ltr'><strong>ix,</strong></span> <span class='ocrx_word' id='word_1_293' title='bbox 3111 2310 3160 2350; x_wconf 92' lang='lat' dir='ltr'><strong>c.</strong></span> <span class='ocrx_word' id='word_1_294' title='bbox 3201 2293 3301 2360; x_wconf 86' lang='lat'><strong>69;</strong></span> <span class='ocrx_word' id='word_1_295' title='bbox 3331 2292 3607 2349; x_wconf 86' lang='lat' dir='ltr'><strong>Arnoldus</strong></span> <span class='ocrx_word' id='word_1_296' title='bbox 3633 2290 3799 2347; x_wconf 88' lang='lat' dir='ltr'><strong>Wion</strong></span> 
     </span>
    </p>
   </div>
   <div class='ocr_carea' id='block_1_46' title="bbox 2179 2384 3797 2462">
    <p class='ocr_par' dir='ltr' id='par_1_46' title="bbox 2179 2384 3797 2462">
     <span class='ocr_line' id='line_1_46' title="bbox 2179 2384 3797 2462; baseline -0.003 -20"><span class='ocrx_word' id='word_1_297' title='bbox 2179 2388 2235 2443; x_wconf 92' lang='lat' dir='ltr'><strong>in</strong></span> <span class='ocrx_word' id='word_1_298' title='bbox 2262 2388 2648 2462; x_wconf 82' lang='lat' dir='ltr'><strong>Martyrologio</strong></span> <span class='ocrx_word' id='word_1_299' title='bbox 2699 2402 2800 2443; x_wconf 88' lang='lat' dir='ltr'><strong>suo</strong></span> <span class='ocrx_word' id='word_1_300' title='bbox 2849 2386 3177 2454; x_wconf 89' lang='lat' dir='ltr'><strong>monastico,</strong></span> <span class='ocrx_word' id='word_1_301' title='bbox 3234 2387 3351 2442; x_wconf 84' lang='lat' dir='ltr'><strong>sive</strong></span> <span class='ocrx_word' id='word_1_302' title='bbox 3393 2385 3497 2442; x_wconf 91' lang='lat' dir='ltr'><strong>lib.</strong></span> <span class='ocrx_word' id='word_1_303' title='bbox 3534 2402 3594 2440; x_wconf 80' lang='grc' dir='ltr'>ιιι</span> <span class='ocrx_word' id='word_1_304' title='bbox 3636 2384 3797 2461; x_wconf 84' lang='lat' dir='ltr'><strong>Ligni</strong></span> 
     </span>
    </p>
   </div>
   <div class='ocr_carea' id='block_1_47' title="bbox 2177 2475 3796 2545">
    <p class='ocr_par' dir='ltr' id='par_1_47' title="bbox 2177 2475 3796 2545">
     <span class='ocr_line' id='line_1_47' title="bbox 2177 2475 3796 2545; baseline 0 -13"><span class='ocrx_word' id='word_1_305' title='bbox 2177 2479 2312 2533; x_wconf 68' lang='lat' dir='ltr'><strong>Vita:</strong></span> <span class='ocrx_word' id='word_1_306' title='bbox 2329 2478 2397 2533; x_wconf 89' lang='lat' dir='ltr'><strong>ad</strong></span> <span class='ocrx_word' id='word_1_307' title='bbox 2462 2478 2720 2533; x_wconf 89' lang='lat' dir='ltr'><strong>eumdem</strong></span> <span class='ocrx_word' id='word_1_308' title='bbox 2760 2478 2931 2545; x_wconf 89' lang='lat' dir='ltr'><strong>diem,</strong></span> <span class='ocrx_word' id='word_1_309' title='bbox 2972 2478 3149 2534; x_wconf 87' lang='lat' dir='ltr'><strong>citans</strong></span> <span class='ocrx_word' id='word_1_310' title='bbox 3176 2476 3514 2532; x_wconf 85' lang='lat' dir='ltr'><strong>Galesinium</strong></span> <span class='ocrx_word' id='word_1_311' title='bbox 3553 2484 3610 2531; x_wconf 87' lang='lat' dir='ltr'><strong>et</strong></span> <span class='ocrx_word' id='word_1_312' title='bbox 3634 2475 3796 2543; x_wconf 82' lang='lat' dir='ltr'><strong>alios,</strong></span> 
     </span>
    </p>
   </div>
   <div class='ocr_carea' id='block_1_48' title="bbox 2176 2565 3795 2637">
    <p class='ocr_par' dir='ltr' id='par_1_48' title="bbox 2176 2565 3795 2637">
     <span class='ocr_line' id='line_1_48' title="bbox 2176 2565 3795 2637; baseline -0.001 -14"><span class='ocrx_word' id='word_1_313' title='bbox 2176 2585 2239 2623; x_wconf 86' lang='lat' dir='ltr'><strong>ac</strong></span> <span class='ocrx_word' id='word_1_314' title='bbox 2290 2567 2617 2623; x_wconf 89' lang='lat' dir='ltr'><strong>nominatim</strong></span> <span class='ocrx_word' id='word_1_315' title='bbox 2683 2567 3029 2622; x_wconf 90' lang='lat' dir='ltr'><strong>Vincentium</strong></span> <span class='ocrx_word' id='word_1_316' title='bbox 3074 2568 3131 2621; x_wconf 93' lang='lat' dir='ltr'><strong>in</strong></span> <span class='ocrx_word' id='word_1_317' title='bbox 3189 2566 3446 2637; x_wconf 89' lang='lat' dir='ltr'><strong>Speculo,</strong></span> <span class='ocrx_word' id='word_1_318' title='bbox 3515 2565 3616 2621; x_wconf 88' lang='lat' dir='ltr'><strong>lib.</strong></span> <span class='ocrx_word' id='word_1_319' title='bbox 3682 2583 3795 2634; x_wconf 73' lang='lat' dir='ltr'><strong>xxx,</strong></span> 
     </span>
    </p>
   </div>
   <div class='ocr_carea' id='block_1_49' title="bbox 2179 2656 3793 2731">
    <p class='ocr_par' dir='ltr' id='par_1_49' title="bbox 2179 2656 3793 2731">
     <span class='ocr_line' id='line_1_49' title="bbox 2179 2656 3793 2731; baseline -0.002 -16"><span class='ocrx_word' id='word_1_320' title='bbox 2179 2660 2447 2731; x_wconf 74' lang='lat' dir='ltr'><strong>cap.116.</strong></span> <span class='ocrx_word' id='word_1_321' title='bbox 2474 2660 2549 2715; x_wconf 91' lang='lat' dir='ltr'><strong>De</strong></span> <span class='ocrx_word' id='word_1_322' title='bbox 2584 2659 2782 2715; x_wconf 90' lang='lat' dir='ltr'><strong>eodem</strong></span> <span class='ocrx_word' id='word_1_323' title='bbox 2833 2658 3094 2713; x_wconf 88' lang='lat' dir='ltr'><strong>Trithem.</strong></span> <span class='ocrx_word' id='word_1_324' title='bbox 3147 2657 3224 2712; x_wconf 89' lang='lat' dir='ltr'><strong>De</strong></span> <span class='ocrx_word' id='word_1_325' title='bbox 3274 2656 3404 2711; x_wconf 87' lang='lat' dir='ltr'><strong>viris</strong></span> <span class='ocrx_word' id='word_1_326' title='bbox 3451 2656 3625 2711; x_wconf 89' lang='lat' dir='ltr'><strong>illust.</strong></span> <span class='ocrx_word' id='word_1_327' title='bbox 3670 2657 3793 2712; x_wconf 87' lang='lat' dir='ltr'><strong>0rd.</strong></span> 
     </span>
    </p>
   </div>
   <div class='ocr_carea' id='block_1_50' title="bbox 2180 2742 3797 2817">
    <p class='ocr_par' dir='ltr' id='par_1_50' title="bbox 2180 2742 3797 2817">
     <span class='ocr_line' id='line_1_50' title="bbox 2180 2742 3797 2817; baseline -0.001 -16"><span class='ocrx_word' id='word_1_328' title='bbox 2180 2747 2234 2803; x_wconf 90' lang='lat' dir='ltr'><strong>S.</strong></span> <span class='ocrx_word' id='word_1_329' title='bbox 2271 2746 2574 2812; x_wconf 88' lang='lat' dir='ltr'><strong>Benedicti,</strong></span> <span class='ocrx_word' id='word_1_330' title='bbox 2594 2746 2689 2800; x_wconf 92' lang='lat' dir='ltr'><strong>lib.</strong></span> <span class='ocrx_word' id='word_1_331' title='bbox 2721 2762 2802 2813; x_wconf 81' lang='grc' dir='ltr'><strong>ιιι,</strong></span> <span class='ocrx_word' id='word_1_332' title='bbox 2833 2761 2955 2816; x_wconf 90' lang='lat' dir='ltr'><strong>cap.</strong></span> <span class='ocrx_word' id='word_1_333' title='bbox 2988 2746 3080 2811; x_wconf 81' lang='grc'><strong>45,</strong></span> <span class='ocrx_word' id='word_1_334' title='bbox 3112 2753 3168 2799; x_wconf 91' lang='lat' dir='ltr'><strong>et</strong></span> <span class='ocrx_word' id='word_1_335' title='bbox 3195 2744 3520 2817; x_wconf 87' lang='lat' dir='ltr'><strong>Sigebertus</strong></span> <span class='ocrx_word' id='word_1_336' title='bbox 3539 2744 3597 2798; x_wconf 90' lang='lat' dir='ltr'><strong>in</strong></span> <span class='ocrx_word' id='word_1_337' title='bbox 3630 2742 3797 2800; x_wconf 85' lang='lat' dir='ltr'><strong>Chro-</strong></span> 
     </span>
    </p>
   </div>
   <div class='ocr_carea' id='block_1_51' title="bbox 2183 2836 3801 2908">
    <p class='ocr_par' dir='ltr' id='par_1_51' title="bbox 2183 2836 3801 2908">
     <span class='ocr_line' id='line_1_51' title="bbox 2183 2836 3801 2908; baseline -0.001 -16"><span class='ocrx_word' id='word_1_338' title='bbox 2183 2839 2307 2894; x_wconf 89' lang='lat' dir='ltr'><strong>nico</strong></span> <span class='ocrx_word' id='word_1_339' title='bbox 2337 2854 2482 2894; x_wconf 92' lang='lat' dir='ltr'><strong>anno</strong></span> <span class='ocrx_word' id='word_1_340' title='bbox 2513 2837 2730 2892; x_wconf 91' lang='lat' dir='ltr'><strong>Domini</strong></span> <span class='ocrx_word' id='word_1_341' title='bbox 2761 2839 2864 2891; x_wconf 71' lang='lat'><strong>567</strong></span> <span class='ocrx_word' id='word_1_342' title='bbox 2920 2838 2993 2892; x_wconf 91' lang='lat' dir='ltr'><strong>De</strong></span> <span class='ocrx_word' id='word_1_343' title='bbox 3024 2837 3271 2906; x_wconf 89' lang='lat' dir='ltr'><strong>ejusdem</strong></span> <span class='ocrx_word' id='word_1_344' title='bbox 3306 2836 3673 2892; x_wconf 88' lang='lat' dir='ltr'><strong>translatione</strong></span> <span class='ocrx_word' id='word_1_345' title='bbox 3701 2852 3801 2908; x_wconf 88' lang='lat' dir='ltr'><strong>per</strong></span> 
     </span>
    </p>
   </div>
   <div class='ocr_carea' id='block_1_52' title="bbox 2184 2928 3606 3003">
    <p class='ocr_par' dir='ltr' id='par_1_52' title="bbox 2184 2928 3606 3003">
     <span class='ocr_line' id='line_1_52' title="bbox 2184 2928 3606 3003; baseline -0.001 -18"><span class='ocrx_word' id='word_1_346' title='bbox 2184 2931 2532 2986; x_wconf 83' lang='lat' dir='ltr'><strong>Hincmarum</strong></span> <span class='ocrx_word' id='word_1_347' title='bbox 2566 2929 2709 2985; x_wconf 90' lang='lat' dir='ltr'><strong>facta</strong></span> <span class='ocrx_word' id='word_1_348' title='bbox 2725 2930 2838 3003; x_wconf 88' lang='lat' dir='ltr'><strong>agit</strong></span> <span class='ocrx_word' id='word_1_349' title='bbox 2853 2929 3101 2985; x_wconf 78' lang='lat' dir='ltr'><strong>Molanus</strong></span> <span class='ocrx_word' id='word_1_350' title='bbox 3120 2929 3211 2984; x_wconf 90' lang='lat' dir='ltr'><strong>die</strong></span> <span class='ocrx_word' id='word_1_351' title='bbox 3234 2928 3304 2984; x_wconf 82' lang='grc'><strong>15</strong></span> <span class='ocrx_word' id='word_1_352' title='bbox 3330 2928 3606 2985; x_wconf 89' lang='lat' dir='ltr'><strong>Octobris.</strong></span> 
     </span>
    </p>
   </div>
   <div class='ocr_carea' id='block_1_53' title="bbox 2251 3021 3800 3091">
    <p class='ocr_par' dir='ltr' id='par_1_53' title="bbox 2251 3021 3800 3091">
     <span class='ocr_line' id='line_1_53' title="bbox 2251 3021 3800 3091; baseline 0.001 -16"><span class='ocrx_word' id='word_1_353' title='bbox 2251 3022 2416 3088; x_wconf 83' lang='lat' dir='ltr'><strong>Quem</strong></span> <span class='ocrx_word' id='word_1_354' title='bbox 2438 3037 2623 3076; x_wconf 89' lang='lat' dir='ltr'><strong>nemus</strong></span> <span class='ocrx_word' id='word_1_355' title='bbox 2652 3021 2782 3075; x_wconf 87' lang='lat' dir='ltr'><strong>inde</strong></span> <span class='ocrx_word' id='word_1_356' title='bbox 2841 3023 3110 3091; x_wconf 83' lang='lat' dir='ltr'><strong>incipiens</strong></span> <span class='ocrx_word' id='word_1_357' title='bbox 3163 3022 3448 3076; x_wconf 84' lang='lat' dir='ltr'><strong>obumbrat</strong></span> <span class='ocrx_word' id='word_1_358' title='bbox 3504 3022 3800 3089; x_wconf 82' lang='lat' dir='ltr'><strong>Rigetium.</strong></span> 
     </span>
    </p>
   </div>
   <div class='ocr_carea' id='block_1_54' title="bbox 537 3112 3801 3197">
    <p class='ocr_par' dir='ltr' id='par_1_54' title="bbox 537 3112 3801 3197">
     <span class='ocr_line' id='line_1_54' title="bbox 537 3112 3801 3197; baseline -0.002 -25"><span class='ocrx_word' id='word_1_359' title='bbox 537 3118 690 3185; x_wconf 85' lang='lat' dir='ltr'><strong>Quod</strong></span> <span class='ocrx_word' id='word_1_360' title='bbox 716 3120 926 3187; x_wconf 82' lang='lat' dir='ltr'><strong>legatus</strong></span> <span class='ocrx_word' id='word_1_361' title='bbox 954 3137 1021 3175; x_wconf 80' lang='lat' dir='ltr'><strong>ea:</strong></span> <span class='ocrx_word' id='word_1_362' title='bbox 1049 3126 1205 3190; x_wconf 80' lang='lat' dir='ltr'><strong>parte</strong></span> <span class='ocrx_word' id='word_1_363' title='bbox 1252 3124 1582 3182; x_wconf 66' lang='lat' dir='ltr'><strong>Chitdeberti</strong></span> <span class='ocrx_word' id='word_1_364' title='bbox 1616 3131 1782 3197; x_wconf 59' lang='lat' dir='ltr'><strong>regis,</strong></span> <span class='ocrx_word' id='word_1_365' title='bbox 1816 3130 2083 3197; x_wconf 68' lang='grc' dir='ltr'><strong>δίρρδρνιί</strong></span> <span class='ocrx_word' id='word_1_366' title='bbox 2182 3113 2272 3169; x_wconf 88' lang='lat' dir='ltr'><strong>Sic</strong></span> <span class='ocrx_word' id='word_1_367' title='bbox 2295 3113 2330 3169; x_wconf 89' lang='lat' dir='ltr'><strong>C</strong></span> <span class='ocrx_word' id='word_1_368' title='bbox 2356 3121 2410 3169; x_wconf 90' lang='lat' dir='ltr'><strong>et</strong></span> <span class='ocrx_word' id='word_1_369' title='bbox 2438 3114 2487 3168; x_wconf 83' lang='lat' dir='ltr'><strong>J.</strong></span> <span class='ocrx_word' id='word_1_370' title='bbox 2522 3115 2621 3169; x_wconf 90' lang='lat' dir='ltr'><strong>sed</strong></span> <span class='ocrx_word' id='word_1_371' title='bbox 2651 3114 2757 3181; x_wconf 85' lang='lat' dir='ltr'><strong>MS,</strong></span> <span class='ocrx_word' id='word_1_372' title='bbox 2790 3114 3130 3189; x_wconf 84' lang='lat' dir='ltr'><strong>Rigentium.</strong></span> <span class='ocrx_word' id='word_1_373' title='bbox 3167 3115 3225 3168; x_wconf 90' lang='lat' dir='ltr'><strong>In</strong></span> <span class='ocrx_word' id='word_1_374' title='bbox 3257 3112 3536 3169; x_wconf 88' lang='lat' dir='ltr'><strong>breviario</strong></span> <span class='ocrx_word' id='word_1_375' title='bbox 3563 3113 3801 3169; x_wconf 81' lang='lat' dir='ltr'><strong>Remen-</strong></span> 
     </span>
    </p>
   </div>
   <div class='ocr_carea' id='block_1_55' title="bbox 459 3210 2077 3290">
    <p class='ocr_par' dir='ltr' id='par_1_55' title="bbox 459 3210 2077 3290">
     <span class='ocr_line' id='line_1_55' title="bbox 459 3210 2077 3290; baseline 0.008 -27"><span class='ocrx_word' id='word_1_376' title='bbox 459 3210 585 3278; x_wconf 82' lang='lat' dir='ltr'><strong>ﬁlii,</strong></span> <span class='ocrx_word' id='word_1_377' title='bbox 627 3210 701 3265; x_wconf 88' lang='lat' dir='ltr'><strong>ad</strong></span> <span class='ocrx_word' id='word_1_378' title='bbox 724 3211 1095 3281; x_wconf 84' lang='lat' dir='ltr'><strong>Chilpericum</strong></span> <span class='ocrx_word' id='word_1_379' title='bbox 1123 3229 1301 3282; x_wconf 81' lang='lat' dir='ltr'><strong>regem</strong></span> <span class='ocrx_word' id='word_1_380' title='bbox 1353 3222 1613 3286; x_wconf 82' lang='lat' dir='ltr'><strong>patruum</strong></span> <span class='ocrx_word' id='word_1_381' title='bbox 1653 3222 1830 3290; x_wconf 78' lang='lat' dir='ltr'><strong>ipsius</strong></span> <span class='ocrx_word' id='word_1_382' title='bbox 1861 3221 2077 3277; x_wconf 86' lang='lat' dir='ltr'><strong>Childe-</strong></span> 
     </span>
    </p>
   </div>
   <div class='ocr_carea' id='block_1_56' title="bbox 462 3306 2073 3387">
    <p class='ocr_par' dir='ltr' id='par_1_56' title="bbox 462 3306 2073 3387">
     <span class='ocr_line' id='line_1_56' title="bbox 462 3306 2073 3387; baseline 0.009 -28"><span class='ocrx_word' id='word_1_383' title='bbox 462 3306 728 3373; x_wconf 82' lang='lat' dir='ltr'><strong>berti,etc.</strong></span> <span class='ocrx_word' id='word_1_384' title='bbox 756 3306 1077 3381; x_wconf 89' lang='lat' dir='ltr'><strong>Sigebertus</strong></span> <span class='ocrx_word' id='word_1_385' title='bbox 1110 3308 1210 3365; x_wconf 90' lang='lat' dir='ltr'><strong>iste</strong></span> <span class='ocrx_word' id='word_1_386' title='bbox 1257 3328 1347 3367; x_wconf 83' lang='lat' dir='ltr'><strong>rex</strong></span> <span class='ocrx_word' id='word_1_387' title='bbox 1379 3313 1672 3370; x_wconf 69' lang='lat' dir='ltr'><strong>Austrasiee</strong></span> <span class='ocrx_word' id='word_1_388' title='bbox 1704 3324 1787 3370; x_wconf 85' lang='lat' dir='ltr'><strong>est</strong></span> <span class='ocrx_word' id='word_1_389' title='bbox 1811 3316 1905 3387; x_wconf 90' lang='lat' dir='ltr'><strong>qui</strong></span> <span class='ocrx_word' id='word_1_390' title='bbox 1929 3332 2073 3372; x_wconf 86' lang='lat' dir='ltr'><strong>uxo-</strong></span> 
     </span>
    </p>
   </div>
   <div class='ocr_carea' id='block_1_57' title="bbox 462 3395 2075 3467">
    <p class='ocr_par' dir='ltr' id='par_1_57' title="bbox 462 3395 2075 3467">
     <span class='ocr_line' id='line_1_57' title="bbox 462 3395 2075 3467; baseline 0.007 -19"><span class='ocrx_word' id='word_1_391' title='bbox 462 3410 582 3448; x_wconf 91' lang='lat' dir='ltr'><strong>rem</strong></span> <span class='ocrx_word' id='word_1_392' title='bbox 614 3395 804 3451; x_wconf 89' lang='lat' dir='ltr'><strong>habuit</strong></span> <span class='ocrx_word' id='word_1_393' title='bbox 830 3397 1125 3467; x_wconf 88' lang='lat' dir='ltr'><strong>pessimam</strong></span> <span class='ocrx_word' id='word_1_394' title='bbox 1166 3399 1619 3467; x_wconf 88' lang='lat' dir='ltr'><strong>Brunechildem,</strong></span> <span class='ocrx_word' id='word_1_395' title='bbox 1652 3403 1850 3460; x_wconf 85' lang='lat' dir='ltr'><strong>fratres</strong></span> <span class='ocrx_word' id='word_1_396' title='bbox 1889 3415 2075 3462; x_wconf 87' lang='lat' dir='ltr'><strong>autem</strong></span> 
     </span>
    </p>
   </div>
   <div class='ocr_carea' id='block_1_58' title="bbox 2181 3203 3799 3270">
    <p class='ocr_par' dir='ltr' id='par_1_58' title="bbox 2181 3203 3799 3270">
     <span class='ocr_line' id='line_1_58' title="bbox 2181 3203 3799 3270; baseline 0.001 -13"><span class='ocrx_word' id='word_1_397' title='bbox 2181 3205 2257 3259; x_wconf 89' lang='lat' dir='ltr'><strong>sis</strong></span> <span class='ocrx_word' id='word_1_398' title='bbox 2278 3203 2534 3259; x_wconf 73' lang='lat' dir='ltr'><strong>Ecclesiae</strong></span> <span class='ocrx_word' id='word_1_399' title='bbox 2554 3206 2786 3269; x_wconf 85' lang='lat' dir='ltr'><strong>Bietum,</strong></span> <span class='ocrx_word' id='word_1_400' title='bbox 2844 3203 3047 3259; x_wconf 86' lang='lat' dir='ltr'><strong>Gallice</strong></span> <span class='ocrx_word' id='word_1_401' title='bbox 3100 3203 3352 3270; x_wconf 82' lang='lat' dir='ltr'><strong>vertitur,</strong></span> <span class='ocrx_word' id='word_1_402' title='bbox 3409 3204 3574 3259; x_wconf 71' lang='lat' dir='ltr'><strong>Feret</strong></span> <span class='ocrx_word' id='word_1_403' title='bbox 3624 3203 3691 3261; x_wconf 83' lang='lat' dir='ltr'><strong>de</strong></span> <span class='ocrx_word' id='word_1_404' title='bbox 3745 3204 3799 3258; x_wconf 79' lang='lat' dir='ltr'><strong>la</strong></span> 
     </span>
    </p>
   </div>
   <div class='ocr_carea' id='block_1_59' title="bbox 2174 3300 2359 3354">
    <p class='ocr_par' dir='ltr' id='par_1_59' title="bbox 2174 3300 2359 3354">
     <span class='ocr_line' id='line_1_59' title="bbox 2174 3300 2359 3354; baseline -0.022 0"><span class='ocrx_word' id='word_1_405' title='bbox 2174 3300 2359 3354; x_wconf 84' lang='lat' dir='ltr'><strong>Route.</strong></span> 
     </span>
    </p>
   </div>
   <div class='ocr_carea' id='block_1_60' title="bbox 2246 3386 3803 3458">
    <p class='ocr_par' dir='ltr' id='par_1_60' title="bbox 2246 3386 3803 3458">
     <span class='ocr_line' id='line_1_60' title="bbox 2246 3386 3803 3458; baseline -0.001 -16"><span class='ocrx_word' id='word_1_406' title='bbox 2246 3389 2401 3443; x_wconf 74' lang='lat' dir='ltr'><strong>Misit</strong></span> <span class='ocrx_word' id='word_1_407' title='bbox 2427 3387 2502 3441; x_wconf 87' lang='lat' dir='ltr'><strong>ad</strong></span> <span class='ocrx_word' id='word_1_408' title='bbox 2557 3390 2800 3457; x_wconf 82' lang='lat' dir='ltr'><strong>nepotem</strong></span> <span class='ocrx_word' id='word_1_409' title='bbox 2843 3402 3008 3441; x_wconf 85' lang='lat' dir='ltr'><strong>suum</strong></span> <span class='ocrx_word' id='word_1_410' title='bbox 3063 3388 3275 3442; x_wconf 81' lang='lat' dir='ltr'><strong>nomine</strong></span> <span class='ocrx_word' id='word_1_411' title='bbox 3321 3386 3680 3455; x_wconf 80' lang='lat' dir='ltr'><strong>Balsemium,</strong></span> <span class='ocrx_word' id='word_1_412' title='bbox 3706 3389 3803 3458; x_wconf 77' lang='lat' dir='ltr'><strong>qui</strong></span> 
     </span>
    </p>
   </div>
   <div class='ocr_carea' id='block_1_61' title="bbox 458 3478 2075 3562">
    <p class='ocr_par' dir='ltr' id='par_1_61' title="bbox 458 3480 2075 3562">
     <span class='ocr_line' id='line_1_61' title="bbox 458 3480 2075 3562; baseline 0.01 -27"><span class='ocrx_word' id='word_1_413' title='bbox 458 3480 878 3552; x_wconf 87' lang='lat' dir='ltr'><strong>Guntramnum,</strong></span> <span class='ocrx_word' id='word_1_414' title='bbox 907 3485 1001 3557; x_wconf 90' lang='lat' dir='ltr'><strong>qui</strong></span> <span class='ocrx_word' id='word_1_415' title='bbox 1027 3486 1127 3541; x_wconf 90' lang='lat' dir='ltr'><strong>fuit</strong></span> <span class='ocrx_word' id='word_1_416' title='bbox 1164 3504 1258 3542; x_wconf 86' lang='lat' dir='ltr'><strong>rex</strong></span> <span class='ocrx_word' id='word_1_417' title='bbox 1279 3489 1627 3562; x_wconf 77' lang='lat' dir='ltr'><strong>Bergundiae,</strong></span> <span class='ocrx_word' id='word_1_418' title='bbox 1695 3493 2075 3550; x_wconf 89' lang='lat' dir='ltr'><strong>Charibertum</strong></span> 
     </span>
    </p>
   </div>
   <div class='ocr_carea' id='block_1_62' title="bbox 2188 3478 3800 3562">
    <p class='ocr_par' dir='ltr' id='par_1_62' title="bbox 2188 3478 3800 3549">
     <span class='ocr_line' id='line_1_62' title="bbox 2188 3478 3800 3549; baseline 0.001 -15"><span class='ocrx_word' id='word_1_419' title='bbox 2188 3495 2295 3534; x_wconf 77' lang='lat' dir='ltr'><strong>mm</strong></span> <span class='ocrx_word' id='word_1_420' title='bbox 2316 3479 2390 3532; x_wconf 90' lang='lat' dir='ltr'><strong>ad</strong></span> <span class='ocrx_word' id='word_1_421' title='bbox 2417 3494 2472 3533; x_wconf 87' lang='lat' dir='ltr'><strong>se</strong></span> <span class='ocrx_word' id='word_1_422' title='bbox 2508 3496 2543 3533; x_wconf 91' lang='lat' dir='ltr'><strong>a</strong></span> <span class='ocrx_word' id='word_1_423' title='bbox 2570 3481 2917 3535; x_wconf 86' lang='lat' dir='ltr'><strong>Lemovicina</strong></span> <span class='ocrx_word' id='word_1_424' title='bbox 2954 3480 3169 3547; x_wconf 79' lang='lat' dir='ltr'><strong>regione</strong></span> <span class='ocrx_word' id='word_1_425' title='bbox 3206 3478 3541 3549; x_wconf 85' lang='lat' dir='ltr'><strong>perduceret.</strong></span> <span class='ocrx_word' id='word_1_426' title='bbox 3592 3478 3800 3536; x_wconf 84' lang='lat' dir='ltr'><strong>Vitiose</strong></span> 
     </span>
    </p>
   </div>
   <div class='ocr_carea' id='block_1_63' title="bbox 456 3555 2075 3651">
    <p class='ocr_par' dir='ltr' id='par_1_63' title="bbox 456 3555 2074 3651">
     <span class='ocr_line' id='line_1_63' title="bbox 456 3555 2074 3651; baseline 0.006 -22"><span class='ocrx_word' id='word_1_427' title='bbox 456 3581 513 3629; x_wconf 91' lang='lat' dir='ltr'><strong>et</strong></span> <span class='ocrx_word' id='word_1_428' title='bbox 568 3555 958 3647; x_wconf 79' lang='lat' dir='ltr'><strong>Chilpericum,</strong></span> <span class='ocrx_word' id='word_1_429' title='bbox 1020 3580 1116 3651; x_wconf 92' lang='lat' dir='ltr'><strong>qui</strong></span> <span class='ocrx_word' id='word_1_430' title='bbox 1154 3595 1349 3636; x_wconf 90' lang='lat' dir='ltr'><strong>omnes</strong></span> <span class='ocrx_word' id='word_1_431' title='bbox 1383 3555 1631 3640; x_wconf 49' lang='lat' dir='ltr'><strong>&quot;fuerunt</strong></span> <span class='ocrx_word' id='word_1_432' title='bbox 1687 3584 1788 3639; x_wconf 84' lang='lat' dir='ltr'><strong>filii</strong></span> <span class='ocrx_word' id='word_1_433' title='bbox 1857 3585 2074 3642; x_wconf 87' lang='lat' dir='ltr'><strong>Clotarii</strong></span> 
     </span>
    </p>
   </div>
   <div class='ocr_carea' id='block_1_64' title="bbox 2188 3555 3798 3651">
    <p class='ocr_par' dir='ltr' id='par_1_64' title="bbox 2188 3570 3798 3640">
     <span class='ocr_line' id='line_1_64' title="bbox 2188 3570 3798 3640; baseline 0.001 -15"><span class='ocrx_word' id='word_1_434' title='bbox 2188 3570 2200 3625; x_wconf 91' lang='grc' dir='ltr'><strong>Ι</strong></span> <span class='ocrx_word' id='word_1_435' title='bbox 2239 3572 2587 3626; x_wconf 87' lang='lat' dir='ltr'><strong>Balsennum.</strong></span> <span class='ocrx_word' id='word_1_436' title='bbox 2637 3570 2840 3626; x_wconf 88' lang='lat' dir='ltr'><strong>Gallice</strong></span> <span class='ocrx_word' id='word_1_437' title='bbox 2885 3573 3036 3627; x_wconf 85' lang='lat' dir='ltr'><strong>saint</strong></span> <span class='ocrx_word' id='word_1_438' title='bbox 3089 3573 3389 3640; x_wconf 87' lang='lat' dir='ltr'><strong>Bassange.</strong></span> <span class='ocrx_word' id='word_1_439' title='bbox 3439 3570 3577 3626; x_wconf 70' lang='lat' dir='ltr'><strong>Viue</strong></span> <span class='ocrx_word' id='word_1_440' title='bbox 3633 3571 3798 3639; x_wconf 84' lang='lat' dir='ltr'><strong>hujus</strong></span> 
     </span>
    </p>
   </div>
   <div class='ocr_carea' id='block_1_65' title="bbox 452 3667 2073 3750">
    <p class='ocr_par' dir='ltr' id='par_1_65' title="bbox 452 3667 2073 3750">
     <span class='ocr_line' id='line_1_65' title="bbox 452 3667 2073 3750; baseline 0.008 -29"><span class='ocrx_word' id='word_1_441' title='bbox 452 3667 639 3738; x_wconf 89' lang='lat' dir='ltr'><strong>primi.</strong></span> <span class='ocrx_word' id='word_1_442' title='bbox 672 3669 918 3725; x_wconf 84' lang='lat' dir='ltr'><strong>Mortuus</strong></span> <span class='ocrx_word' id='word_1_443' title='bbox 941 3678 1025 3726; x_wconf 90' lang='lat' dir='ltr'><strong>est</strong></span> <span class='ocrx_word' id='word_1_444' title='bbox 1050 3680 1235 3728; x_wconf 89' lang='lat' dir='ltr'><strong>autem</strong></span> <span class='ocrx_word' id='word_1_445' title='bbox 1290 3675 1613 3750; x_wconf 87' lang='lat' dir='ltr'><strong>Sigebertus</strong></span> <span class='ocrx_word' id='word_1_446' title='bbox 1639 3694 1785 3735; x_wconf 90' lang='lat' dir='ltr'><strong>anno</strong></span> <span class='ocrx_word' id='word_1_447' title='bbox 1825 3679 1952 3748; x_wconf 79' lang='lat'><strong>578,</strong></span> <span class='ocrx_word' id='word_1_448' title='bbox 1984 3681 2073 3736; x_wconf 91' lang='lat' dir='ltr'><strong>cui</strong></span> 
     </span>
    </p>
   </div>
   <div class='ocr_carea' id='block_1_66' title="bbox 451 3759 1321 3821">
    <p class='ocr_par' dir='ltr' id='par_1_66' title="bbox 451 3759 1321 3821">
     <span class='ocr_line' id='line_1_66' title="bbox 451 3759 1321 3821; baseline 0.01 -9"><span class='ocrx_word' id='word_1_449' title='bbox 451 3759 718 3815; x_wconf 89' lang='lat' dir='ltr'><strong>successit</strong></span> <span class='ocrx_word' id='word_1_450' title='bbox 742 3760 891 3817; x_wconf 86' lang='lat' dir='ltr'><strong>ﬁlius</strong></span> <span class='ocrx_word' id='word_1_451' title='bbox 916 3761 1321 3821; x_wconf 87' lang='lat' dir='ltr'><strong>Childebertus.</strong></span> 
     </span>
    </p>
   </div>
   <div class='ocr_carea' id='block_1_67' title="bbox 522 3853 2071 3932">
    <p class='ocr_par' dir='ltr' id='par_1_67' title="bbox 522 3853 2071 3932">
     <span class='ocr_line' id='line_1_67' title="bbox 522 3853 2071 3932; baseline 0.009 -27"><span class='ocrx_word' id='word_1_452' title='bbox 522 3853 591 3906; x_wconf 91' lang='lat' dir='ltr'><strong>Ut</strong></span> <span class='ocrx_word' id='word_1_453' title='bbox 617 3853 800 3907; x_wconf 87' lang='lat' dir='ltr'><strong>ablato</strong></span> <span class='ocrx_word' id='word_1_454' title='bbox 822 3854 1153 3912; x_wconf 85' lang='lat' dir='ltr'><strong>Guntramni</strong></span> <span class='ocrx_word' id='word_1_455' title='bbox 1167 3862 1328 3927; x_wconf 82' lang='lat' dir='ltr'><strong>regis,</strong></span> <span class='ocrx_word' id='word_1_456' title='bbox 1363 3860 1653 3931; x_wconf 85' lang='lat' dir='ltr'><strong>Chilperici</strong></span> <span class='ocrx_word' id='word_1_457' title='bbox 1662 3862 1861 3929; x_wconf 86' lang='lat' dir='ltr'><strong>fratris</strong></span> <span class='ocrx_word' id='word_1_458' title='bbox 1886 3879 2071 3932; x_wconf 82' lang='lat' dir='ltr'><strong>reg-no.</strong></span> 
     </span>
    </p>
   </div>
   <div class='ocr_carea' id='block_1_68' title="bbox 446 3940 2062 4008">
    <p class='ocr_par' dir='ltr' id='par_1_68' title="bbox 446 3940 2062 4008">
     <span class='ocr_line' id='line_1_68' title="bbox 446 3940 2062 4008; baseline 0.007 -13"><span class='ocrx_word' id='word_1_459' title='bbox 446 3940 658 3995; x_wconf 83' lang='lat' dir='ltr'><strong>Nomen</strong></span> <span class='ocrx_word' id='word_1_460' title='bbox 691 3940 1019 3997; x_wconf 89' lang='lat' dir='ltr'><strong>Guntramni</strong></span> <span class='ocrx_word' id='word_1_461' title='bbox 1052 3945 1139 4000; x_wconf 86' lang='lat' dir='ltr'><strong>vel</strong></span> <span class='ocrx_word' id='word_1_462' title='bbox 1191 3946 1510 4003; x_wconf 89' lang='lat' dir='ltr'><strong>Gontramni</strong></span> <span class='ocrx_word' id='word_1_463' title='bbox 1575 3950 1726 4005; x_wconf 89' lang='lat' dir='ltr'><strong>varie</strong></span> <span class='ocrx_word' id='word_1_464' title='bbox 1777 3951 2062 4008; x_wconf 89' lang='lat' dir='ltr'><strong>scribitur.</strong></span> 
     </span>
    </p>
   </div>
   <div class='ocr_carea' id='block_1_69' title="bbox 2176 3660 3798 3736">
    <p class='ocr_par' dir='ltr' id='par_1_69' title="bbox 2176 3660 3798 3736">
     <span class='ocr_line' id='line_1_69' title="bbox 2176 3660 3798 3736; baseline 0.002 -21"><span class='ocrx_word' id='word_1_465' title='bbox 2176 3660 2432 3716; x_wconf 89' lang='lat' dir='ltr'><strong>Balsemii</strong></span> <span class='ocrx_word' id='word_1_466' title='bbox 2462 3660 2717 3732; x_wconf 85' lang='lat' dir='ltr'><strong>martyris</strong></span> <span class='ocrx_word' id='word_1_467' title='bbox 2746 3660 3313 3736; x_wconf 87' lang='lat' dir='ltr'><strong>exstatfragmentum</strong></span> <span class='ocrx_word' id='word_1_468' title='bbox 3331 3661 3386 3715; x_wconf 89' lang='lat' dir='ltr'><strong>in</strong></span> <span class='ocrx_word' id='word_1_469' title='bbox 3410 3660 3798 3733; x_wconf 83' lang='lat' dir='ltr'><strong>Pramptuario</strong></span> 
     </span>
    </p>
   </div>
   <div class='ocr_carea' id='block_1_70' title="bbox 2175 3752 3800 3828">
    <p class='ocr_par' dir='ltr' id='par_1_70' title="bbox 2175 3752 3800 3828">
     <span class='ocr_line' id='line_1_70' title="bbox 2175 3752 3800 3828; baseline 0.002 -20"><span class='ocrx_word' id='word_1_470' title='bbox 2175 3768 2455 3808; x_wconf 87' lang='lat' dir='ltr'><strong>sacrarum</strong></span> <span class='ocrx_word' id='word_1_471' title='bbox 2483 3752 2872 3825; x_wconf 89' lang='lat' dir='ltr'><strong>antiquitatum</strong></span> <span class='ocrx_word' id='word_1_472' title='bbox 2898 3754 3220 3810; x_wconf 73' lang='lat' dir='ltr'><strong>Tricassinte</strong></span> <span class='ocrx_word' id='word_1_473' title='bbox 3241 3754 3525 3821; x_wconf 70' lang='lat' dir='ltr'><strong>dimcesis,</strong></span> <span class='ocrx_word' id='word_1_474' title='bbox 3557 3771 3800 3828; x_wconf 86' lang='lat' dir='ltr'><strong>eumque</strong></span> 
     </span>
    </p>
   </div>
   <div class='ocr_carea' id='block_1_71' title="bbox 2174 3843 3798 3919">
    <p class='ocr_par' dir='ltr' id='par_1_71' title="bbox 2174 3843 3798 3919">
     <span class='ocr_line' id='line_1_71' title="bbox 2174 3843 3798 3919; baseline 0.004 -22"><span class='ocrx_word' id='word_1_475' title='bbox 2174 3843 2377 3912; x_wconf 90' lang='lat' dir='ltr'><strong>adjecit</strong></span> <span class='ocrx_word' id='word_1_476' title='bbox 2400 3843 2645 3899; x_wconf 88' lang='lat' dir='ltr'><strong>Usuardo</strong></span> <span class='ocrx_word' id='word_1_477' title='bbox 2677 3844 2925 3899; x_wconf 89' lang='lat' dir='ltr'><strong>Molanus</strong></span> <span class='ocrx_word' id='word_1_478' title='bbox 2954 3844 3024 3899; x_wconf 84' lang='grc'>16</span> <span class='ocrx_word' id='word_1_479' title='bbox 3052 3843 3306 3919; x_wconf 80' lang='lat' dir='ltr'><strong>Augusti,</strong></span> <span class='ocrx_word' id='word_1_480' title='bbox 3330 3858 3442 3915; x_wconf 90' lang='lat' dir='ltr'><strong>quo</strong></span> <span class='ocrx_word' id='word_1_481' title='bbox 3471 3845 3567 3901; x_wconf 90' lang='lat' dir='ltr'><strong>die</strong></span> <span class='ocrx_word' id='word_1_482' title='bbox 3596 3844 3798 3903; x_wconf 85' lang='lat' dir='ltr'><strong>festum</strong></span> 
     </span>
    </p>
   </div>
   <div class='ocr_carea' id='block_1_72' title="bbox 2175 3935 3343 4005">
    <p class='ocr_par' dir='ltr' id='par_1_72' title="bbox 2175 3935 3343 4005">
     <span class='ocr_line' id='line_1_72' title="bbox 2175 3935 3343 4005; baseline 0 -14"><span class='ocrx_word' id='word_1_483' title='bbox 2175 3937 2296 4005; x_wconf 88' lang='lat' dir='ltr'><strong>ejus</strong></span> <span class='ocrx_word' id='word_1_484' title='bbox 2327 3935 2641 3991; x_wconf 87' lang='lat' dir='ltr'><strong>celebratur</strong></span> <span class='ocrx_word' id='word_1_485' title='bbox 2669 3935 2726 3991; x_wconf 89' lang='lat' dir='ltr'><strong>in</strong></span> <span class='ocrx_word' id='word_1_486' title='bbox 2749 3936 3062 3992; x_wconf 88' lang='lat' dir='ltr'><strong>Tricassina</strong></span> <span class='ocrx_word' id='word_1_487' title='bbox 3090 3935 3343 3991; x_wconf 79' lang='lat' dir='ltr'><strong>ditecesi.</strong></span> 
     </span>
    </p>
   </div>
   <div class='ocr_carea' id='block_1_73' title="bbox 2232 4028 3792 4098">
    <p class='ocr_par' dir='ltr' id='par_1_73' title="bbox 2232 4028 3792 4098">
     <span class='ocr_line' id='line_1_73' title="bbox 2232 4028 3792 4098; baseline 0.002 -15"><span class='ocrx_word' id='word_1_488' title='bbox 2232 4028 2422 4098; x_wconf 85' lang='lat' dir='ltr'><strong>Ibique</strong></span> <span class='ocrx_word' id='word_1_489' title='bbox 2447 4031 2710 4083; x_wconf 86' lang='lat' dir='ltr'><strong>metatum</strong></span> <span class='ocrx_word' id='word_1_490' title='bbox 2738 4043 2902 4084; x_wconf 88' lang='lat' dir='ltr'><strong>suum</strong></span> <span class='ocrx_word' id='word_1_491' title='bbox 2930 4032 3338 4096; x_wconf 82' lang='lat' dir='ltr'><strong>constituentes,</strong></span> <span class='ocrx_word' id='word_1_492' title='bbox 3365 4029 3470 4083; x_wconf 85' lang='lat' dir='ltr'><strong>huc</strong></span> <span class='ocrx_word' id='word_1_493' title='bbox 3499 4030 3792 4086; x_wconf 82' lang='lat' dir='ltr'><strong>undecun-</strong></span> 
     </span>
    </p>
   </div>
   <div class='ocr_carea' id='block_1_74' title="bbox 2161 4120 3788 4194">
    <p class='ocr_par' dir='ltr' id='par_1_74' title="bbox 2161 4120 3788 4194">
     <span class='ocr_line' id='line_1_74' title="bbox 2161 4120 3788 4194; baseline 0.002 -20"><span class='ocrx_word' id='word_1_494' title='bbox 2161 4120 2525 4190; x_wconf 77' lang='lat' dir='ltr'><strong>queprcedatu</strong></span> <span class='ocrx_word' id='word_1_495' title='bbox 2550 4123 2749 4176; x_wconf 83' lang='lat' dir='ltr'><strong>reverti</strong></span> <span class='ocrx_word' id='word_1_496' title='bbox 2784 4125 3074 4192; x_wconf 66' lang='lat' dir='ltr'><strong>czperunt.</strong></span> <span class='ocrx_word' id='word_1_497' title='bbox 3109 4121 3398 4178; x_wconf 89' lang='lat' dir='ltr'><strong>Sicomnia</strong></span> <span class='ocrx_word' id='word_1_498' title='bbox 3428 4122 3788 4194; x_wconf 84' lang='lat' dir='ltr'><strong>exemplaria,</strong></span> 
     </span>
    </p>
   </div>
   <div class='ocr_carea' id='block_1_75' title="bbox 447 4028 2065 4110">
    <p class='ocr_par' dir='ltr' id='par_1_75' title="bbox 447 4028 2065 4110">
     <span class='ocr_line' id='line_1_75' title="bbox 447 4028 2065 4110; baseline 0.009 -27"><span class='ocrx_word' id='word_1_499' title='bbox 447 4029 537 4085; x_wconf 91' lang='lat' dir='ltr'><strong>Sic</strong></span> <span class='ocrx_word' id='word_1_500' title='bbox 566 4028 715 4085; x_wconf 90' lang='lat' dir='ltr'><strong>enim</strong></span> <span class='ocrx_word' id='word_1_501' title='bbox 755 4039 1071 4089; x_wconf 90' lang='lat' dir='ltr'><strong>constanter</strong></span> <span class='ocrx_word' id='word_1_502' title='bbox 1126 4036 1261 4110; x_wconf 85' lang='lat' dir='ltr'><strong>legit</strong></span> <span class='ocrx_word' id='word_1_503' title='bbox 1314 4037 1361 4092; x_wconf 89' lang='lat' dir='ltr'><strong><em>M</em></strong></span> <span class='ocrx_word' id='word_1_504' title='bbox 1412 4054 1536 4094; x_wconf 93' lang='lat' dir='ltr'><strong>cum</strong></span> <span class='ocrx_word' id='word_1_505' title='bbox 1597 4040 1778 4096; x_wconf 89' lang='lat' dir='ltr'><strong>littera</strong></span> <span class='ocrx_word' id='word_1_506' title='bbox 1806 4040 1941 4096; x_wconf 89' lang='lat' dir='ltr'><strong>min</strong></span> <span class='ocrx_word' id='word_1_507' title='bbox 1972 4057 2065 4097; x_wconf 89' lang='lat' dir='ltr'><strong>se-</strong></span> 
     </span>
    </p>
   </div>
   <div class='ocr_carea' id='block_1_76' title="bbox 447 4118 2059 4201">
    <p class='ocr_par' dir='ltr' id='par_1_76' title="bbox 447 4118 2059 4201">
     <span class='ocr_line' id='line_1_76' title="bbox 447 4118 2059 4201; baseline 0.006 -27"><span class='ocrx_word' id='word_1_508' title='bbox 447 4121 631 4195; x_wconf 89' lang='lat' dir='ltr'><strong>cunda</strong></span> <span class='ocrx_word' id='word_1_509' title='bbox 675 4118 905 4192; x_wconf 88' lang='lat' dir='ltr'><strong>syllaba,</strong></span> <span class='ocrx_word' id='word_1_510' title='bbox 936 4123 963 4178; x_wconf 84' lang='lat' dir='ltr'><strong>J</strong></span> <span class='ocrx_word' id='word_1_511' title='bbox 992 4140 1215 4196; x_wconf 91' lang='lat' dir='ltr'><strong>semper</strong></span> <span class='ocrx_word' id='word_1_512' title='bbox 1250 4128 1631 4196; x_wconf 87' lang='lat' dir='ltr'><strong>Guntrannus,</strong></span> <span class='ocrx_word' id='word_1_513' title='bbox 1655 4130 1935 4201; x_wconf 90' lang='lat' dir='ltr'><strong>quomodo</strong></span> <span class='ocrx_word' id='word_1_514' title='bbox 1964 4130 2059 4185; x_wconf 90' lang='lat' dir='ltr'><strong>in-</strong></span> 
     </span>
    </p>
   </div>
   <div class='ocr_carea' id='block_1_77' title="bbox 446 4210 2075 4293">
    <p class='ocr_par' dir='ltr' id='par_1_77' title="bbox 446 4212 2056 4293">
     <span class='ocr_line' id='line_1_77' title="bbox 446 4212 2056 4293; baseline 0.006 -27"><span class='ocrx_word' id='word_1_515' title='bbox 446 4212 663 4267; x_wconf 89' lang='lat' dir='ltr'><strong>terdum</strong></span> <span class='ocrx_word' id='word_1_516' title='bbox 689 4212 853 4267; x_wconf 89' lang='lat' dir='ltr'><strong>etiam</strong></span> <span class='ocrx_word' id='word_1_517' title='bbox 886 4212 939 4268; x_wconf 88' lang='lat' dir='ltr'><strong>C.</strong></span> <span class='ocrx_word' id='word_1_518' title='bbox 983 4215 1084 4271; x_wconf 88' lang='lat' dir='ltr'><strong>Pro</strong></span> <span class='ocrx_word' id='word_1_519' title='bbox 1107 4216 1291 4287; x_wconf 89' lang='lat' dir='ltr'><strong>priore</strong></span> <span class='ocrx_word' id='word_1_520' title='bbox 1320 4218 1561 4275; x_wconf 90' lang='lat' dir='ltr'><strong>lectione</strong></span> <span class='ocrx_word' id='word_1_521' title='bbox 1586 4219 1716 4275; x_wconf 87' lang='lat' dir='ltr'><strong>facit</strong></span> <span class='ocrx_word' id='word_1_522' title='bbox 1746 4221 1895 4293; x_wconf 89' lang='lat' dir='ltr'><strong>quod</strong></span> <span class='ocrx_word' id='word_1_523' title='bbox 1924 4219 2056 4275; x_wconf 87' lang='lat' dir='ltr'><strong>Gre-</strong></span> 
     </span>
    </p>
   </div>
   <div class='ocr_carea' id='block_1_78' title="bbox 2188 4210 3790 4293">
    <p class='ocr_par' dir='ltr' id='par_1_78' title="bbox 2188 4212 3790 4285">
     <span class='ocr_line' id='line_1_78' title="bbox 2188 4212 3790 4285; baseline 0.004 -18"><span class='ocrx_word' id='word_1_524' title='bbox 2188 4212 2649 4284; x_wconf 76' lang='lat' dir='ltr'><strong>destapmdatu</strong></span> <span class='ocrx_word' id='word_1_525' title='bbox 2697 4214 2815 4270; x_wconf 88' lang='lat' dir='ltr'><strong>sive</strong></span> <span class='ocrx_word' id='word_1_526' title='bbox 2872 4216 3236 4285; x_wconf 77' lang='lat' dir='ltr'><strong>prcedatione.</strong></span> <span class='ocrx_word' id='word_1_527' title='bbox 3271 4217 3447 4282; x_wconf 87' lang='lat' dir='ltr'><strong>Quare</strong></span> <span class='ocrx_word' id='word_1_528' title='bbox 3496 4231 3614 4273; x_wconf 89' lang='lat' dir='ltr'><strong>non</strong></span> <span class='ocrx_word' id='word_1_529' title='bbox 3642 4224 3790 4273; x_wconf 86' lang='lat' dir='ltr'><strong>recte</strong></span> 
     </span>
    </p>
   </div>
   <div class='ocr_carea' id='block_1_79' title="bbox 442 4302 3787 4389">
    <p class='ocr_par' dir='ltr' id='par_1_79' title="bbox 442 4302 3787 4389">
     <span class='ocr_line' id='line_1_79' title="bbox 442 4302 3787 4389; baseline 0.004 -29"><span class='ocrx_word' id='word_1_530' title='bbox 442 4306 631 4381; x_wconf 88' lang='lat' dir='ltr'><strong>gorius</strong></span> <span class='ocrx_word' id='word_1_531' title='bbox 650 4307 1008 4377; x_wconf 88' lang='lat' dir='ltr'><strong>Turonensis,</strong></span> <span class='ocrx_word' id='word_1_532' title='bbox 1064 4311 1202 4367; x_wconf 91' lang='lat' dir='ltr'><strong>locis</strong></span> <span class='ocrx_word' id='word_1_533' title='bbox 1254 4313 1311 4367; x_wconf 91' lang='lat' dir='ltr'><strong>in</strong></span> <span class='ocrx_word' id='word_1_534' title='bbox 1369 4320 1516 4369; x_wconf 86' lang='lat' dir='ltr'><strong>textu</strong></span> <span class='ocrx_word' id='word_1_535' title='bbox 1582 4315 1782 4383; x_wconf 88' lang='lat' dir='ltr'><strong>citatis,</strong></span> <span class='ocrx_word' id='word_1_536' title='bbox 1847 4317 2061 4389; x_wconf 86' lang='lat' dir='ltr'><strong>integre</strong></span> <span class='ocrx_word' id='word_1_537' title='bbox 2162 4302 2196 4357; x_wconf 77' lang='grc' dir='ltr'>δ</span> <span class='ocrx_word' id='word_1_538' title='bbox 2225 4305 2535 4360; x_wconf 60' lang='lat' dir='ltr'><strong>mni-3min</strong></span> <span class='ocrx_word' id='word_1_539' title='bbox 2571 4306 2827 4376; x_wconf 65' lang='grc' dir='ltr'><strong>Ρνόεάαΐίο</strong></span> <span class='ocrx_word' id='word_1_540' title='bbox 2890 4306 3170 4363; x_wconf 69' lang='lat' dir='ltr'><strong>Prioribus</strong></span> <span class='ocrx_word' id='word_1_541' title='bbox 3226 4307 3412 4365; x_wconf 70' lang='lat' dir='ltr'><strong>verbis</strong></span> <span class='ocrx_word' id='word_1_542' title='bbox 3441 4307 3787 4383; x_wconf 74' lang='lat' dir='ltr'><strong>signiﬁcatur</strong></span> 
     </span>
    </p>
   </div>
   <div class='ocr_carea' id='block_1_80' title="bbox 446 4393 3784 4482">
    <p class='ocr_par' dir='ltr' id='par_1_80' title="bbox 446 4393 3784 4482">
     <span class='ocr_line' id='line_1_80' title="bbox 446 4393 3784 4482; baseline 0.002 -37"><span class='ocrx_word' id='word_1_543' title='bbox 446 4416 649 4456; x_wconf 76' lang='lat' dir='ltr'><strong>nomen</strong></span> <span class='ocrx_word' id='word_1_544' title='bbox 675 4401 810 4458; x_wconf 73' lang='lat' dir='ltr'><strong>illud</strong></span> <span class='ocrx_word' id='word_1_545' title='bbox 878 4404 1081 4460; x_wconf 64' lang='lat' dir='ltr'><strong>scribat</strong></span> <span class='ocrx_word' id='word_1_546' title='bbox 1135 4407 1635 4477; x_wconf 56' lang='lat' dir='ltr'><strong>Gunthchmmnus’</strong></span> <span class='ocrx_word' id='word_1_547' title='bbox 1690 4425 1789 4480; x_wconf 64' lang='lat' dir='ltr'><strong>pro</strong></span> <span class='ocrx_word' id='word_1_548' title='bbox 1846 4425 1954 4482; x_wconf 75' lang='lat' dir='ltr'><strong>quo</strong></span> <span class='ocrx_word' id='word_1_549' title='bbox 2009 4411 2066 4466; x_wconf 70' lang='lat' dir='ltr'><strong>in</strong></span> <span class='ocrx_word' id='word_1_550' title='bbox 2168 4407 2265 4448; x_wconf 87' lang='lat' dir='ltr'><strong>eos</strong></span> <span class='ocrx_word' id='word_1_551' title='bbox 2291 4393 2365 4447; x_wconf 88' lang='lat' dir='ltr'><strong>ibi</strong></span> <span class='ocrx_word' id='word_1_552' title='bbox 2392 4393 2759 4450; x_wconf 83' lang='lat' dir='ltr'><strong>ﬁxamsedem</strong></span> <span class='ocrx_word' id='word_1_553' title='bbox 2790 4411 2889 4451; x_wconf 91' lang='lat' dir='ltr'><strong>seu</strong></span> <span class='ocrx_word' id='word_1_554' title='bbox 2927 4396 3227 4451; x_wconf 90' lang='lat' dir='ltr'><strong>tentorium</strong></span> <span class='ocrx_word' id='word_1_555' title='bbox 3255 4395 3546 4463; x_wconf 88' lang='lat' dir='ltr'><strong>habuisse,</strong></span> <span class='ocrx_word' id='word_1_556' title='bbox 3580 4396 3784 4453; x_wconf 85' lang='lat' dir='ltr'><strong>Gallice</strong></span> 
     </span>
    </p>
   </div>
   <div class='ocr_carea' id='block_1_81' title="bbox 442 4486 3784 4567">
    <p class='ocr_par' dir='ltr' id='par_1_81' title="bbox 442 4486 3784 4567">
     <span class='ocr_line' id='line_1_81' title="bbox 442 4486 3784 4567; baseline 0.002 -31"><span class='ocrx_word' id='word_1_557' title='bbox 442 4494 609 4549; x_wconf 66' lang='lat' dir='ltr'><strong>tomis</strong></span> <span class='ocrx_word' id='word_1_558' title='bbox 636 4494 1003 4552; x_wconf 64' lang='lat' dir='ltr'><strong>conciliorum</strong></span> <span class='ocrx_word' id='word_1_559' title='bbox 1033 4498 1265 4567; x_wconf 60' lang='lat' dir='ltr'><strong>etalibi,</strong></span> <span class='ocrx_word' id='word_1_560' title='bbox 1301 4501 1762 4557; x_wconf 47' lang='lat' dir='ltr'><strong>Gunthemmnm.</strong></span> <span class='ocrx_word' id='word_1_561' title='bbox 2172 4487 2419 4553; x_wconf 83' lang='lat' dir='ltr'><strong>retraite,</strong></span> <span class='ocrx_word' id='word_1_562' title='bbox 2471 4487 2619 4541; x_wconf 91' lang='lat' dir='ltr'><strong>unde</strong></span> <span class='ocrx_word' id='word_1_563' title='bbox 2675 4486 2860 4541; x_wconf 88' lang='lat' dir='ltr'><strong>Latine</strong></span> <span class='ocrx_word' id='word_1_564' title='bbox 2915 4486 3153 4543; x_wconf 86' lang='lat' dir='ltr'><strong>dicimus</strong></span> <span class='ocrx_word' id='word_1_565' title='bbox 3204 4489 3609 4544; x_wconf 89' lang='lat' dir='ltr'><strong>castrametari.</strong></span> <span class='ocrx_word' id='word_1_566' title='bbox 3656 4489 3784 4544; x_wconf 87' lang='lat' dir='ltr'><strong>Vide</strong></span> 
     </span>
    </p>
   </div>
   <div class='ocr_carea' id='block_1_82' title="bbox 512 4572 2883 4659">
    <p class='ocr_par' dir='ltr' id='par_1_82' title="bbox 512 4572 2883 4659">
     <span class='ocr_line' id='line_1_82' title="bbox 512 4572 2883 4659; baseline 0.002 -19"><span class='ocrx_word' id='word_1_567' title='bbox 512 4586 562 4640; x_wconf 85' lang='grc' dir='ltr'><em>Α</em></span> <span class='ocrx_word' id='word_1_568' title='bbox 587 4587 945 4655; x_wconf 86' lang='lat' dir='ltr'><strong>Fredegunda</strong></span> <span class='ocrx_word' id='word_1_569' title='bbox 965 4592 1157 4657; x_wconf 83' lang='lat' dir='ltr'><strong>regina</strong></span> <span class='ocrx_word' id='word_1_570' title='bbox 1177 4593 1362 4659; x_wconf 82' lang='lat' dir='ltr'><strong>fuerat</strong></span> <span class='ocrx_word' id='word_1_571' title='bbox 1392 4595 1614 4647; x_wconf 87' lang='lat' dir='ltr'><strong>missus.</strong></span> <span class='ocrx_word' id='word_1_572' title='bbox 1646 4593 1768 4647; x_wconf 70' lang='lat' dir='ltr'><strong>Haec</strong></span> <span class='ocrx_word' id='word_1_573' title='bbox 1798 4601 2068 4650; x_wconf 82' lang='lat' dir='ltr'><strong>eratuxor</strong></span> <span class='ocrx_word' id='word_1_574' title='bbox 2170 4572 2310 4629; x_wconf 64' lang='lat' dir='ltr'><strong>infra</strong></span> <span class='ocrx_word' id='word_1_575' title='bbox 2324 4575 2391 4629; x_wconf 71' lang='lat' dir='ltr'><strong>ad</strong></span> <span class='ocrx_word' id='word_1_576' title='bbox 2410 4591 2532 4646; x_wconf 72' lang='lat' dir='ltr'><strong>caP-</strong></span> <span class='ocrx_word' id='word_1_577' title='bbox 2561 4576 2650 4643; x_wconf 71' lang='grc' dir='ltr'><strong>1οι</strong></span> <span class='ocrx_word' id='word_1_578' title='bbox 2685 4574 2780 4632; x_wconf 64' lang='grc' dir='ltr'><strong>Ῐίῦ-</strong></span> <span class='ocrx_word' id='word_1_579' title='bbox 2813 4593 2883 4631; x_wconf 80' lang='grc' dir='ltr'><strong>ιν·</strong></span> 
     </span>
    </p>
   </div>
   <div class='ocr_carea' id='block_1_83' title="bbox 442 4664 3134 4755">
    <p class='ocr_par' dir='ltr' id='par_1_83' title="bbox 442 4664 3134 4755">
     <span class='ocr_line' id='line_1_83' title="bbox 442 4664 3134 4755; baseline 0.001 -23"><span class='ocrx_word' id='word_1_580' title='bbox 442 4675 761 4748; x_wconf 90' lang='lat' dir='ltr'><strong>Chilperici,</strong></span> <span class='ocrx_word' id='word_1_581' title='bbox 794 4680 951 4749; x_wconf 91' lang='lat' dir='ltr'><strong>cujus</strong></span> <span class='ocrx_word' id='word_1_582' title='bbox 1001 4680 1232 4752; x_wconf 83' lang='lat' dir='ltr'><strong>perﬁdia</strong></span> <span class='ocrx_word' id='word_1_583' title='bbox 1290 4683 1412 4753; x_wconf 90' lang='lat' dir='ltr'><strong>ipse</strong></span> <span class='ocrx_word' id='word_1_584' title='bbox 1469 4684 1809 4755; x_wconf 89' lang='lat' dir='ltr'><strong>Chilpericus</strong></span> <span class='ocrx_word' id='word_1_585' title='bbox 1841 4685 2061 4740; x_wconf 89' lang='lat' dir='ltr'><strong>tandem</strong></span> <span class='ocrx_word' id='word_1_586' title='bbox 2809 4664 3017 4722; x_wconf 67' lang='lat' dir='ltr'><strong>CAPUT</strong></span> <span class='ocrx_word' id='word_1_587' title='bbox 3051 4666 3134 4721; x_wconf 72' lang='lat' dir='ltr'><strong>1V-</strong></span> 
     </span>
    </p>
   </div>
   <div class='ocr_carea' id='block_1_84' title="bbox 441 4757 2075 4846">
    <p class='ocr_par' dir='ltr' id='par_1_84' title="bbox 441 4766 2062 4846">
     <span class='ocr_line' id='line_1_84' title="bbox 441 4766 2062 4846; baseline 0.004 -26"><span class='ocrx_word' id='word_1_588' title='bbox 441 4766 760 4823; x_wconf 88' lang='lat' dir='ltr'><strong>interfectus</strong></span> <span class='ocrx_word' id='word_1_589' title='bbox 791 4778 893 4824; x_wconf 91' lang='lat' dir='ltr'><strong>est.</strong></span> <span class='ocrx_word' id='word_1_590' title='bbox 928 4770 1001 4824; x_wconf 90' lang='lat' dir='ltr'><strong>De</strong></span> <span class='ocrx_word' id='word_1_591' title='bbox 1061 4787 1124 4825; x_wconf 90' lang='lat' dir='ltr'><strong>ea</strong></span> <span class='ocrx_word' id='word_1_592' title='bbox 1161 4771 1450 4826; x_wconf 83' lang='lat' dir='ltr'><strong>Aimoinus</strong></span> <span class='ocrx_word' id='word_1_593' title='bbox 1494 4772 1592 4826; x_wconf 91' lang='lat' dir='ltr'><strong>lib.</strong></span> <span class='ocrx_word' id='word_1_594' title='bbox 1650 4789 1708 4826; x_wconf 81' lang='grc' dir='ltr'><strong>ιιι</strong></span> <span class='ocrx_word' id='word_1_595' title='bbox 1763 4773 1837 4827; x_wconf 92' lang='lat' dir='ltr'><strong>De</strong></span> <span class='ocrx_word' id='word_1_596' title='bbox 1892 4775 2062 4846; x_wconf 87' lang='lat' dir='ltr'><strong>gestis</strong></span> 
     </span>
    </p>
   </div>
   <div class='ocr_carea' id='block_1_85' title="bbox 2188 4757 3775 4846">
    <p class='ocr_par' dir='ltr' id='par_1_85' title="bbox 2232 4757 3775 4832">
     <span class='ocr_line' id='line_1_85' title="bbox 2232 4757 3775 4832; baseline 0.003 -21"><span class='ocrx_word' id='word_1_597' title='bbox 2232 4759 2357 4812; x_wconf 90' lang='lat' dir='ltr'><strong>Post</strong></span> <span class='ocrx_word' id='word_1_598' title='bbox 2387 4757 2624 4824; x_wconf 85' lang='lat' dir='ltr'><strong>Egidum</strong></span> <span class='ocrx_word' id='word_1_599' title='bbox 2646 4758 2950 4825; x_wconf 80' lang='lat' dir='ltr'><strong>Romulfus.</strong></span> <span class='ocrx_word' id='word_1_600' title='bbox 2992 4757 3041 4810; x_wconf 86' lang='lat' dir='ltr'><strong>M</strong></span> <span class='ocrx_word' id='word_1_601' title='bbox 3079 4757 3348 4824; x_wconf 77' lang='lat' dir='ltr'><strong>Remulfus</strong></span> <span class='ocrx_word' id='word_1_602' title='bbox 3378 4757 3519 4832; x_wconf 84' lang='lat' dir='ltr'><strong>legit</strong></span> <span class='ocrx_word' id='word_1_603' title='bbox 3560 4760 3667 4816; x_wconf 89' lang='lat' dir='ltr'><strong>hoc</strong></span> <span class='ocrx_word' id='word_1_604' title='bbox 3690 4759 3775 4816; x_wconf 89' lang='lat' dir='ltr'><strong>lo—</strong></span> 
     </span>
    </p>
   </div>
   <div class='ocr_carea' id='block_1_86' title="bbox 438 4846 3778 4937">
    <p class='ocr_par' dir='ltr' id='par_1_86' title="bbox 438 4846 3778 4937">
     <span class='ocr_line' id='line_1_86' title="bbox 438 4846 3778 4937; baseline 0.003 -25"><span class='ocrx_word' id='word_1_605' title='bbox 438 4858 789 4927; x_wconf 90' lang='lat' dir='ltr'><strong>Francorum,</strong></span> <span class='ocrx_word' id='word_1_606' title='bbox 822 4878 869 4916; x_wconf 91' lang='lat' dir='ltr'><strong>c.</strong></span> <span class='ocrx_word' id='word_1_607' title='bbox 903 4863 992 4916; x_wconf 78' lang='lat'><strong>56.</strong></span> <span class='ocrx_word' id='word_1_608' title='bbox 1028 4884 1050 4914; x_wconf 78' lang='grc' dir='ltr'><strong><em>α</em></strong></span> <span class='ocrx_word' id='word_1_609' title='bbox 1076 4863 1218 4929; x_wconf 86' lang='lat' dir='ltr'><strong>Erat,</strong></span> <span class='ocrx_word' id='word_1_610' title='bbox 1256 4863 1454 4935; x_wconf 89' lang='lat' dir='ltr'><strong>inquit,</strong></span> <span class='ocrx_word' id='word_1_611' title='bbox 1482 4864 1862 4937; x_wconf 84' lang='lat' dir='ltr'><strong>Fredegundis</strong></span> <span class='ocrx_word' id='word_1_612' title='bbox 1884 4864 2059 4921; x_wconf 87' lang='lat' dir='ltr'><strong>forma</strong></span> <span class='ocrx_word' id='word_1_613' title='bbox 2088 4935 2117 4937; x_wconf 95' lang='lat'>_</span> <span class='ocrx_word' id='word_1_614' title='bbox 2161 4860 2245 4911; x_wconf 70' lang='grc' dir='ltr'><strong>θον</strong></span> <span class='ocrx_word' id='word_1_615' title='bbox 2280 4854 2336 4900; x_wconf 72' lang='grc' dir='ltr'>θί</span> <span class='ocrx_word' id='word_1_616' title='bbox 2364 4862 2486 4917; x_wconf 77' lang='lat' dir='ltr'><strong>caP-</strong></span> <span class='ocrx_word' id='word_1_617' title='bbox 2509 4862 2627 4918; x_wconf 69' lang='lat'><strong>59(1-</strong></span> <span class='ocrx_word' id='word_1_618' title='bbox 2666 4865 2679 4912; x_wconf 69' lang='grc' dir='ltr'><strong>ἱ</strong></span> <span class='ocrx_word' id='word_1_619' title='bbox 2712 4846 2808 4901; x_wconf 70' lang='lat' dir='ltr'><strong>sed</strong></span> <span class='ocrx_word' id='word_1_620' title='bbox 2840 4846 2894 4900; x_wconf 79' lang='grc' dir='ltr'><strong>ίη</strong></span> <span class='ocrx_word' id='word_1_621' title='bbox 2962 4846 3260 4902; x_wconf 45' lang='lat' dir='ltr'><strong>summa?”</strong></span> <span class='ocrx_word' id='word_1_622' title='bbox 3311 4847 3476 4916; x_wconf 65' lang='lat' dir='ltr'><strong>huius</strong></span> <span class='ocrx_word' id='word_1_623' title='bbox 3534 4865 3659 4921; x_wconf 71' lang='grc'><strong>(³³1)·</strong></span> <span class='ocrx_word' id='word_1_624' title='bbox 3726 4856 3778 4904; x_wconf 71' lang='grc' dir='ltr'><strong>εί</strong></span> 
     </span>
    </p>
   </div>
   <div class='ocr_carea' id='block_1_87' title="bbox 439 4935 2075 5027">
    <p class='ocr_par' dir='ltr' id='par_1_87' title="bbox 439 4935 2053 5027">
     <span class='ocr_line' id='line_1_87' title="bbox 439 4935 2053 5027; baseline 0.006 -27"><span class='ocrx_word' id='word_1_625' title='bbox 439 4947 685 5021; x_wconf 85' lang='lat' dir='ltr'><strong>egregia,</strong></span> <span class='ocrx_word' id='word_1_626' title='bbox 723 4950 955 5005; x_wconf 88' lang='lat' dir='ltr'><strong>consilio</strong></span> <span class='ocrx_word' id='word_1_627' title='bbox 987 4951 1206 5019; x_wconf 90' lang='lat' dir='ltr'><strong>callida,</strong></span> <span class='ocrx_word' id='word_1_628' title='bbox 1233 4951 1374 5007; x_wconf 86' lang='lat' dir='ltr'><strong>dolis</strong></span> <span class='ocrx_word' id='word_1_629' title='bbox 1394 4935 2053 5027; x_wconf 65' lang='lat' dir='ltr'><strong>(exceptabruneehilde)</strong></span> 
     </span>
    </p>
   </div>
   <div class='ocr_carea' id='block_1_88' title="bbox 2188 4935 3778 5027">
    <p class='ocr_par' dir='ltr' id='par_1_88' title="bbox 2190 4938 3778 5017">
     <span class='ocr_line' id='line_1_88' title="bbox 2190 4938 3778 5017; baseline 0.003 -27"><span class='ocrx_word' id='word_1_630' title='bbox 2190 4952 2326 5007; x_wconf 88' lang='lat' dir='ltr'><strong>upra</strong></span> <span class='ocrx_word' id='word_1_631' title='bbox 2355 4954 2409 4995; x_wconf 91' lang='lat' dir='ltr'><strong>c.</strong></span> <span class='ocrx_word' id='word_1_632' title='bbox 2435 4938 2469 4992; x_wconf 80' lang='lat'>2</span> <span class='ocrx_word' id='word_1_633' title='bbox 2497 4945 2553 4993; x_wconf 90' lang='lat' dir='ltr'><strong>et</strong></span> <span class='ocrx_word' id='word_1_634' title='bbox 2609 4939 2664 4992; x_wconf 93' lang='lat' dir='ltr'><strong>in</strong></span> <span class='ocrx_word' id='word_1_635' title='bbox 2723 4946 2872 4993; x_wconf 89' lang='lat' dir='ltr'><strong>textu</strong></span> <span class='ocrx_word' id='word_1_636' title='bbox 2907 4940 3214 5007; x_wconf 82' lang='lat' dir='ltr'><strong>Romulfus,</strong></span> <span class='ocrx_word' id='word_1_637' title='bbox 3265 4941 3551 5011; x_wconf 90' lang='lat' dir='ltr'><strong>quomodo</strong></span> <span class='ocrx_word' id='word_1_638' title='bbox 3590 4941 3778 5017; x_wconf 86' lang='lat' dir='ltr'><strong>legunt</strong></span> 
     </span>
    </p>
   </div>
   <div class='ocr_carea' id='block_1_89' title="bbox 438 5030 3771 5119">
    <p class='ocr_par' dir='ltr' id='par_1_89' title="bbox 438 5030 3771 5119">
     <span class='ocr_line' id='line_1_89' title="bbox 438 5030 3771 5119; baseline 0.002 -38"><span class='ocrx_word' id='word_1_639' title='bbox 438 5054 627 5109; x_wconf 72' lang='lat' dir='ltr'><strong>parem</strong></span> <span class='ocrx_word' id='word_1_640' title='bbox 666 5057 775 5096; x_wconf 81' lang='grc' dir='ltr'><strong>ηοη</strong></span> <span class='ocrx_word' id='word_1_641' title='bbox 829 5058 1159 5118; x_wconf 56' lang='lat' dir='ltr'><strong>agnoscens,</strong></span> <span class='ocrx_word' id='word_1_642' title='bbox 1212 5064 1236 5095; x_wconf 82' lang='lat'><strong>,,</strong></span> <span class='ocrx_word' id='word_1_643' title='bbox 1276 5051 1381 5101; x_wconf 47' lang='lat' dir='ltr'><strong>em.</strong></span> <span class='ocrx_word' id='word_1_644' title='bbox 1427 5044 1556 5111; x_wconf 52' lang='lat' dir='ltr'><strong>Qua}</strong></span> <span class='ocrx_word' id='word_1_645' title='bbox 1613 5062 1743 5102; x_wconf 63' lang='lat' dir='ltr'><strong>vero</strong></span> <span class='ocrx_word' id='word_1_646' title='bbox 1795 5047 2059 5119; x_wconf 70' lang='lat' dir='ltr'><strong>deinceps</strong></span> <span class='ocrx_word' id='word_1_647' title='bbox 2159 5036 2357 5085; x_wconf 66' lang='lat' dir='ltr'><strong>caetera</strong></span> <span class='ocrx_word' id='word_1_648' title='bbox 2385 5030 2745 5102; x_wconf 86' lang='lat' dir='ltr'><strong>exemplaria,</strong></span> <span class='ocrx_word' id='word_1_649' title='bbox 2778 5037 2833 5086; x_wconf 90' lang='lat' dir='ltr'><strong>et</strong></span> <span class='ocrx_word' id='word_1_650' title='bbox 2862 5031 3156 5106; x_wconf 87' lang='lat' dir='ltr'><strong>Gregorius</strong></span> <span class='ocrx_word' id='word_1_651' title='bbox 3186 5031 3390 5087; x_wconf 89' lang='lat' dir='ltr'><strong>Turon.</strong></span> <span class='ocrx_word' id='word_1_652' title='bbox 3425 5031 3527 5087; x_wconf 90' lang='lat' dir='ltr'><strong>lib.</strong></span> <span class='ocrx_word' id='word_1_653' title='bbox 3558 5051 3613 5089; x_wconf 76' lang='lat' dir='ltr'><strong>1x</strong></span> <span class='ocrx_word' id='word_1_654' title='bbox 3640 5034 3771 5088; x_wconf 80' lang='lat' dir='ltr'><strong>Hist.</strong></span> 
     </span>
    </p>
   </div>
   <div class='ocr_carea' id='block_1_90' title="bbox 434 5116 3772 5210">
    <p class='ocr_par' dir='ltr' id='par_1_90' title="bbox 434 5116 3772 5210">
     <span class='ocr_line' id='line_1_90' title="bbox 434 5116 3772 5210; baseline 0.003 -26"><span class='ocrx_word' id='word_1_655' title='bbox 434 5131 737 5202; x_wconf 87' lang='lat' dir='ltr'><strong>hoccapite</strong></span> <span class='ocrx_word' id='word_1_656' title='bbox 766 5116 1079 5206; x_wconf 81' lang='lat' dir='ltr'><strong>sequuntur</strong></span> <span class='ocrx_word' id='word_1_657' title='bbox 1100 5137 1171 5191; x_wconf 85' lang='lat' dir='ltr'><strong>ad</strong></span> <span class='ocrx_word' id='word_1_658' title='bbox 1201 5136 1434 5192; x_wconf 85' lang='lat' dir='ltr'><strong>verbum</strong></span> <span class='ocrx_word' id='word_1_659' title='bbox 1466 5154 1609 5210; x_wconf 90' lang='lat' dir='ltr'><strong>pene</strong></span> <span class='ocrx_word' id='word_1_660' title='bbox 1668 5147 1889 5210; x_wconf 88' lang='lat' dir='ltr'><strong>sumpta</strong></span> <span class='ocrx_word' id='word_1_661' title='bbox 1928 5116 2056 5195; x_wconf 84' lang='lat' dir='ltr'><strong>sunt</strong></span> <span class='ocrx_word' id='word_1_662' title='bbox 2157 5116 2507 5210; x_wconf 52' lang='grc' dir='ltr'><strong>ξΐεξξιξτίξτυτη)</strong></span> <span class='ocrx_word' id='word_1_663' title='bbox 2562 5135 2631 5210; x_wconf 47' lang='grc' dir='ltr'><strong>θη</strong></span> <span class='ocrx_word' id='word_1_664' title='bbox 2671 5117 2761 5188; x_wconf 75' lang='grc' dir='ltr'><strong>3ον</strong></span> <span class='ocrx_word' id='word_1_665' title='bbox 2801 5119 2901 5210; x_wconf 66' lang='lat' dir='ltr'><strong>_‘_1_b&#39;</strong></span> <span class='ocrx_word' id='word_1_666' title='bbox 2981 5120 3298 5210; x_wconf 63' lang='grc' dir='ltr'><strong>ηοπηξηειιιπ</strong></span> <span class='ocrx_word' id='word_1_667' title='bbox 3350 5135 3542 5177; x_wconf 71' lang='lat' dir='ltr'><strong>comes</strong></span> <span class='ocrx_word' id='word_1_668' title='bbox 3591 5121 3772 5193; x_wconf 52' lang='lat' dir='ltr'><strong>Palatii</strong></span> 
     </span>
    </p>
   </div>
   <div class='ocr_carea' id='block_1_91' title="bbox 437 5205 2075 5296">
    <p class='ocr_par' dir='ltr' id='par_1_91' title="bbox 437 5205 2049 5296">
     <span class='ocr_line' id='line_1_91' title="bbox 437 5205 2049 5296; baseline 0.008 -23"><span class='ocrx_word' id='word_1_669' title='bbox 437 5235 503 5273; x_wconf 86' lang='lat' dir='ltr'><strong>ex</strong></span> <span class='ocrx_word' id='word_1_670' title='bbox 533 5220 797 5294; x_wconf 85' lang='lat' dir='ltr'><strong>Gregorio</strong></span> <span class='ocrx_word' id='word_1_671' title='bbox 846 5205 1172 5291; x_wconf 84' lang='lat' dir='ltr'><strong>Turonensi,</strong></span> <span class='ocrx_word' id='word_1_672' title='bbox 1227 5225 1327 5281; x_wconf 90' lang='lat' dir='ltr'><strong>lib.</strong></span> <span class='ocrx_word' id='word_1_673' title='bbox 1388 5244 1421 5282; x_wconf 89' lang='lat' dir='ltr'><strong>x</strong></span> <span class='ocrx_word' id='word_1_674' title='bbox 1466 5205 1854 5296; x_wconf 27' lang='lat' dir='ltr'><strong>vllistoriarum,</strong></span> <span class='ocrx_word' id='word_1_675' title='bbox 1883 5245 1930 5284; x_wconf 93' lang='lat' dir='ltr'><strong>c.</strong></span> <span class='ocrx_word' id='word_1_676' title='bbox 1965 5231 2049 5285; x_wconf 85' lang='grc'><strong>19.</strong></span> 
     </span>
    </p>
   </div>
   <div class='ocr_carea' id='block_1_92' title="bbox 2188 5205 3158 5296">
    <p class='ocr_par' dir='ltr' id='par_1_92' title="bbox 2188 5205 3158 5282">
     <span class='ocr_line' id='line_1_92' title="bbox 2188 5205 3158 5282; baseline 0.004 -24"><span class='ocrx_word' id='word_1_677' title='bbox 2188 5205 2496 5262; x_wconf 74' lang='lat' dir='ltr'><strong>lhildeberti</strong></span> <span class='ocrx_word' id='word_1_678' title='bbox 2516 5207 2686 5282; x_wconf 89' lang='lat' dir='ltr'><strong>regis,</strong></span> <span class='ocrx_word' id='word_1_679' title='bbox 2718 5214 2773 5262; x_wconf 93' lang='lat' dir='ltr'><strong>et</strong></span> <span class='ocrx_word' id='word_1_680' title='bbox 2800 5206 2898 5261; x_wconf 91' lang='lat' dir='ltr'><strong>lib.</strong></span> <span class='ocrx_word' id='word_1_681' title='bbox 2918 5225 2952 5262; x_wconf 89' lang='lat' dir='ltr'><strong>x</strong></span> <span class='ocrx_word' id='word_1_682' title='bbox 3007 5207 3158 5265; x_wconf 73' lang='lat' dir='ltr'><strong>c.19.</strong></span> 
     </span>
    </p>
   </div>
   <div class='ocr_carea' id='block_1_93' title="bbox 438 5310 3116 5394">
    <p class='ocr_par' dir='ltr' id='par_1_93' title="bbox 438 5310 3116 5394">
     <span class='ocr_line' id='line_1_93' title="bbox 438 5310 3116 5394; baseline 0.003 -32"><span class='ocrx_word' id='word_1_683' title='bbox 438 5310 695 5381; x_wconf 86' lang='lat' dir='ltr'><strong>Synodus</strong></span> <span class='ocrx_word' id='word_1_684' title='bbox 725 5325 907 5371; x_wconf 89' lang='lat' dir='ltr'><strong>autem</strong></span> <span class='ocrx_word' id='word_1_685' title='bbox 964 5317 1082 5371; x_wconf 64' lang='lat' dir='ltr'><strong>haec</strong></span> <span class='ocrx_word' id='word_1_686' title='bbox 1134 5317 1413 5386; x_wconf 86' lang='lat' dir='ltr'><strong>Metensis,</strong></span> <span class='ocrx_word' id='word_1_687' title='bbox 1446 5326 1501 5373; x_wconf 91' lang='lat' dir='ltr'><strong>et</strong></span> <span class='ocrx_word' id='word_1_688' title='bbox 1548 5319 1746 5394; x_wconf 66' lang='lat' dir='ltr'><strong>{Egidii</strong></span> <span class='ocrx_word' id='word_1_689' title='bbox 1777 5320 2055 5391; x_wconf 88' lang='lat' dir='ltr'><strong>depositio</strong></span> <span class='ocrx_word' id='word_1_690' title='bbox 2788 5313 2997 5371; x_wconf 78' lang='lat' dir='ltr'><strong>CAPUT</strong></span> <span class='ocrx_word' id='word_1_691' title='bbox 3042 5315 3116 5372; x_wconf 86' lang='lat' dir='ltr'><strong>V.</strong></span> 
     </span>
    </p>
   </div>
   <div class='ocr_carea' id='block_1_94' title="bbox 438 5406 3766 5485">
    <p class='ocr_par' dir='ltr' id='par_1_94' title="bbox 438 5406 3766 5485">
     <span class='ocr_line' id='line_1_94' title="bbox 438 5406 3766 5485; baseline 0.004 -32"><span class='ocrx_word' id='word_1_692' title='bbox 438 5409 521 5455; x_wconf 88' lang='lat' dir='ltr'><strong>est</strong></span> <span class='ocrx_word' id='word_1_693' title='bbox 539 5417 685 5458; x_wconf 89' lang='lat' dir='ltr'><strong>anno</strong></span> <span class='ocrx_word' id='word_1_694' title='bbox 716 5408 842 5475; x_wconf 67' lang='grc'><strong>594,</strong></span> <span class='ocrx_word' id='word_1_695' title='bbox 883 5414 943 5463; x_wconf 74' lang='lat' dir='ltr'><strong>ut</strong></span> <span class='ocrx_word' id='word_1_696' title='bbox 970 5416 1105 5464; x_wconf 73' lang='lat' dir='ltr'><strong>tom,</strong></span> <span class='ocrx_word' id='word_1_697' title='bbox 1146 5409 1191 5463; x_wconf 88' lang='lat' dir='ltr'><strong>II</strong></span> <span class='ocrx_word' id='word_1_698' title='bbox 1249 5409 1454 5466; x_wconf 80' lang='lat' dir='ltr'><strong>Concil,</strong></span> <span class='ocrx_word' id='word_1_699' title='bbox 1510 5410 1793 5467; x_wconf 71' lang='lat' dir='ltr'><strong>adnotavit</strong></span> <span class='ocrx_word' id='word_1_700' title='bbox 1844 5412 2054 5467; x_wconf 78' lang='lat' dir='ltr'><strong>Severi-</strong></span> <span class='ocrx_word' id='word_1_701' title='bbox 2223 5409 2298 5461; x_wconf 90' lang='lat' dir='ltr'><strong>De</strong></span> <span class='ocrx_word' id='word_1_702' title='bbox 2317 5406 2576 5464; x_wconf 86' lang='lat' dir='ltr'><strong>Sonnatio</strong></span> <span class='ocrx_word' id='word_1_703' title='bbox 2605 5410 2865 5479; x_wconf 86' lang='lat' dir='ltr'><strong>episcopo.</strong></span> <span class='ocrx_word' id='word_1_704' title='bbox 2897 5409 3020 5464; x_wconf 83' lang='lat' dir='ltr'><strong>Haec</strong></span> <span class='ocrx_word' id='word_1_705' title='bbox 3046 5415 3128 5464; x_wconf 88' lang='lat' dir='ltr'><strong>est</strong></span> <span class='ocrx_word' id='word_1_706' title='bbox 3155 5410 3473 5467; x_wconf 89' lang='lat' dir='ltr'><strong>communis</strong></span> <span class='ocrx_word' id='word_1_707' title='bbox 3502 5412 3766 5485; x_wconf 86' lang='lat' dir='ltr'><strong>scriptura</strong></span> 
     </span>
    </p>
   </div>
   <div class='ocr_carea' id='block_1_95' title="bbox 438 5486 3763 5577">
    <p class='ocr_par' dir='ltr' id='par_1_95' title="bbox 438 5486 3763 5577">
     <span class='ocr_line' id='line_1_95' title="bbox 438 5486 3763 5577; baseline 0.008 -41"><span class='ocrx_word' id='word_1_708' title='bbox 438 5486 784 5577; x_wconf 32' lang='lat' dir='ltr'><strong>nusABinius.</strong></span> <span class='ocrx_word' id='word_1_709' title='bbox 2151 5504 2568 5575; x_wconf 86' lang='lat' dir='ltr'><strong>exemplarium,</strong></span> <span class='ocrx_word' id='word_1_710' title='bbox 2612 5513 2721 5561; x_wconf 88' lang='lat' dir='ltr'><strong>tam</strong></span> <span class='ocrx_word' id='word_1_711' title='bbox 2790 5507 2896 5562; x_wconf 91' lang='lat' dir='ltr'><strong>hoc</strong></span> <span class='ocrx_word' id='word_1_712' title='bbox 2947 5522 3067 5577; x_wconf 85' lang='lat' dir='ltr'><strong>cap.</strong></span> <span class='ocrx_word' id='word_1_713' title='bbox 3101 5521 3264 5577; x_wconf 91' lang='lat' dir='ltr'><strong>quam</strong></span> <span class='ocrx_word' id='word_1_714' title='bbox 3299 5509 3660 5577; x_wconf 64' lang='lat' dir='ltr'><strong>praecedenti.</strong></span> <span class='ocrx_word' id='word_1_715' title='bbox 3709 5505 3763 5562; x_wconf 85' lang='lat' dir='ltr'><strong>M</strong></span> 
     </span>
    </p>
   </div>
   <div class='ocr_carea' id='block_1_96' title="bbox 505 5574 3756 5671">
    <p class='ocr_par' dir='ltr' id='par_1_96' title="bbox 505 5574 3756 5671">
     <span class='ocr_line' id='line_1_96' title="bbox 505 5574 3756 5671; baseline 0.008 -43"><span class='ocrx_word' id='word_1_716' title='bbox 505 5574 681 5631; x_wconf 82' lang='lat' dir='ltr'><strong>Multa</strong></span> <span class='ocrx_word' id='word_1_717' title='bbox 723 5585 863 5638; x_wconf 83' lang='lat' dir='ltr'><strong>enim</strong></span> <span class='ocrx_word' id='word_1_718' title='bbox 893 5585 1024 5639; x_wconf 84' lang='lat' dir='ltr'><strong>auri</strong></span> <span class='ocrx_word' id='word_1_719' title='bbox 1054 5590 1374 5657; x_wconf 84' lang='lat' dir='ltr'><strong>argentique</strong></span> <span class='ocrx_word' id='word_1_720' title='bbox 1402 5591 1464 5644; x_wconf 88' lang='lat' dir='ltr'><strong>in</strong></span> <span class='ocrx_word' id='word_1_721' title='bbox 1493 5589 1657 5660; x_wconf 79' lang='lat' dir='ltr'><strong>hujus</strong></span> <span class='ocrx_word' id='word_1_722' title='bbox 1688 5592 1943 5660; x_wconf 84' lang='lat' dir='ltr'><strong>Episcopi</strong></span> <span class='ocrx_word' id='word_1_723' title='bbox 1963 5607 2047 5647; x_wconf 86' lang='lat' dir='ltr'><strong>re-</strong></span> <span class='ocrx_word' id='word_1_724' title='bbox 2149 5590 2263 5647; x_wconf 86' lang='lat' dir='ltr'><strong>fere</strong></span> <span class='ocrx_word' id='word_1_725' title='bbox 2284 5574 2474 5650; x_wconf 88' lang='lat' dir='ltr'><strong>scribit</strong></span> <span class='ocrx_word' id='word_1_726' title='bbox 2526 5595 2912 5667; x_wconf 87' lang='lat' dir='ltr'><strong>Sompnacius,</strong></span> <span class='ocrx_word' id='word_1_727' title='bbox 2942 5602 2997 5651; x_wconf 89' lang='lat' dir='ltr'><strong>et</strong></span> <span class='ocrx_word' id='word_1_728' title='bbox 3015 5574 3316 5652; x_wconf 61' lang='lat' dir='ltr'><strong>interdum</strong></span> <span class='ocrx_word' id='word_1_729' title='bbox 3335 5598 3713 5671; x_wconf 74' lang='lat' dir='ltr'><strong>Sompniaeius</strong></span> <span class='ocrx_word' id='word_1_730' title='bbox 3740 5613 3756 5667; x_wconf 72' lang='grc' dir='ltr'><strong><em>ς</em></strong></span> 
     </span>
    </p>
   </div>
  </div>
