3972 6206
183 286 282 341 361

1620 281 1682 334 IN
1729 276 1975 331 LIBRUM
2017 279 2082 331 ll.

3416 301 3520 355 362

184 419 244 482 C,
278 418 596 470 Sonnacius.
625 413 912 468 Bernensis
953 425 1084 465 vero
1124 411 1368 480 synodus
1396 411 1498 464 sub
1531 427 1596 464 eo
1627 411 1811 464 habita
1836 411 1888 478 Α
1913 415 2157 475 tempore
2190 413 2434 482 regnavit
2455 414 2621 470 frater
2671 417 3133 488 ipsiustllotarius
3160 425 3389 495 primus,
3423 432 3515 500 qui

182 509 254 560 de
289 525 398 578 qua
431 509 535 562 hoc
563 524 686 577 cap.
713 504 1009 560 admodum
1025 502 1262 556 celebris
1279 502 1401 569 fuit,
1427 511 1477 556 et
1510 505 1807 573 plusquam

183 596 572 658 Provincialis,
606 600 792 664 utpote
853 592 940 645 cui
987 591 1141 644 multi
1203 590 1367 643 etiam
1422 591 1648 643 aliarum
1685 606 1808 659 pro—

182 687 494 741 vinciarum
549 683 958 752 archiepise0pi
997 680 1366 748 interfueriut,
1428 699 1548 752 quae
1601 683 1806 735 utinam

184 786 427 831 exstaret
462 778 514 830 in
546 776 708 831 tomis
743 773 1130 829 Conciliorum.

269 873 514 930 Palladio
582 865 1063 922 .tntissioclorensi.
1132 864 1215 916 lliS
1270 864 1735 918 Altissiodoreusi.
1781 864 1802 916 .l

183 973 458 1037 perpetuo
482 960 675 1014 scribit
704 957 1166 1021 Autisiodorensi,
1188 955 1272 1008 cui
1306 955 1449 1009 favet
1477 971 1579 1009 vox
1609 954 1807 1008 Gallica

187 1061 468 1112 Δίκωνι-ο.

258 1149 531 1202 Ansarico
564 1146 958 1199 Suessionensi.
999 1142 1087 1205 CJ,
1116 1144 1394 1199 Anserico.

262 1239 489 1296 Claudio
520 1237 752 1291 Reiensi.
805 1235 891 1288 Sic
946 1235 1130 1290 omnia
1189 1233 1544 1303 exemplaria.
1580 1231 1810 1286 Videtur

188 1348 311 1385 esse
340 1333 515 1385 Rieua:
548 1329 601 1382 in
634 1327 1111 1396 arcliiepisc0patu
1145 1327 1438 1389 Tolosano,
1472 1341 1502 1379 a
1535 1340 1643 1396 quo
1675 1325 1811 1379 alias

188 1422 447 1476 Rivensis
500 1427 553 1473 et
594 1419 917 1473 Rivenensis
973 1419 1269 1489 episcopus
1323 1419 1652 1474 nominatur.
1699 1418 1809 1471 Nisi

186 1511 312 1581 quis
341 1508 638 1579 legendum
682 1512 836 1576 putet
905 1510 1152 1573 Περίεηεὶ
1217 1506 1331 1560 sive
1398 1509 1624 1572 ltegensi
1678 1507 1806 1558 Nam

190 1604 451 1658 Claudius
507 1601 794 1674 llegiensis
849 1602 1143 1671 episc0pus
1209 1601 1552 1671 subscriptus
1608 1601 1808 1674 legitur

187 1698 425 1753 consilio
458 1714 493 1750 ιι
536 1695 909 1761 Cabilonensi,
977 1696 1255 1750 celebrato
1307 1696 1453 1749 circa
1485 1695 1600 1749 haec
1660 1703 1804 1748 tem-

190 1809 348 1862 pora,
381 1791 646 1845 videlicet
687 1807 833 1844 anno
883 1792 1006 1852 658,
1049 1791 1131 1844 vel
1200 1798 1258 1844 ut
1300 1791 1414 1854 alii,
1449 1790 1575 1842 664.
1613 1787 1668 1842 In
1701 1804 1810 1859 quo

191 1887 360 1942 etiam
394 1885 690 1955 subscripti
749 1887 1007 1957 leguntur
1045 1885 1154 1938 duo
1213 1883 1330 1947 alii,
1400 1884 1493 1954 qui
1547 1883 1673 1936 huic
1705 1881 1812 1936 Re-

191 1979 370 2033 mensi
398 1977 788 2040 interfuerunt,
833 1978 1074 2030 bonatus
1113 1975 1506 2038 Visontiensis,
1540 1982 1596 2028 et
1635 1973 1812 2028 Palla-

190 2068 854 2125 diusAntissiodorensis.
899 2067 1094 2121 Verum
1155 2067 1209 2121 in
1266 2076 1414 2122 torno
1442 2066 1644 2121 Concil.
1678 2066 1812 2121 forte

190 2162 488 2236 legendum
552 2163 810 2227 Reiensis,
880 2159 1027 2231 quod
1097 2166 1181 2213 est
1250 2159 1509 2232 ignotius,
1544 2175 1641 2228 pro
1709 2161 1808 2214 Re-

187 2265 413 2316 gzenszs.

266 2341 402 2392 Vero
432 2338 882 2394 Rutenensi.vSic
945 2338 995 2402 .l,
1064 2336 1149 2392 cui
1219 2336 1430 2391 accedit
1489 2336 1592 2400 MS,
1655 2340 1815 2392 Rute-

179 2433 360 2484 me-nsi
426 2447 439 2494 ;
508 2429 562 2494 C,
629 2432 937 2484 Tercensi.
1010 2429 1101 2483 Est
1189 2437 1370 2482 autem
1439 2428 1810 2483 Ruthenensis

181 2519 561 2589 episcOpatus,
623 2517 829 2571 Gallice
891 2519 1063 2573 Rede:
1127 2517 1274 2585 (nam
1312 2518 1623 2570 Ruthenum
1677 2516 1810 2570 alias

188 2609 469 2664 Rhodium
503 2609 723 2678 dicitur)
767 2609 820 2662 in
850 2609 1326 2679 archiepiscopatu
1353 2609 1697 2664 Bituricensi.

259 2702 520 2769 Agricola
580 2702 888 2757 Gabalensi.
957 2702 1063 2756 Hoc
1119 2708 1223 2762 est,
1285 2709 1342 2754 ut.
1405 2701 1807 2771 posterioribus

186 2796 407 2851 saeculis
445 2805 690 2859 vocatur,
726 2795 1034 2848 lllimatensi
1067 2795 1119 2847 in
1176 2795 1370 2848 eodem
1429 2795 1806 2864 archiepisco-

187 2897 322 2959 patu
347 2887 696 2953 Bituricensi,
757 2888 811 2940 in
845 2903 952 2957 quo
985 2895 1070 2940 est
1129 2885 1486 2940 Arvernensis
1517 2894 1570 2941 et
1602 2887 1808 2941 Ruthe-

187 2977 402 3041 nensis,
437 2976 530 3047 qui
587 2976 830 3046 proxime
890 2975 1231 3045 przecedunt.
1297 2975 1423 3028 Nam
1477 2976 1680 3040 Gavali,
1712 2978 1807 3047 qui

1914 501 2001 554 hic
2033 502 2314 558 Lotharius
2345 508 2680 576 nominatur,
2715 520 2767 565 et
2806 513 2944 568 obiit
2974 531 3116 571 anno
3148 517 3268 572 565.
3311 521 3369 576 Et
3394 524 3521 593 qui-

1909 593 2032 646 dem
2063 595 2239 650 dictus
2269 598 2650 655 Childebertus
2701 604 2896 659 solium
2953 608 3106 678 regni
3165 613 3342 667 tenuit
3373 615 3523 669 Pari-

1908 683 2021 742 siis.
2053 684 2317 741 Clotarius
2343 697 2522 743 autem
2575 692 2889 761 Suessione,
2939 698 3033 751 sed
3076 701 3294 754 tandem
3355 705 3517 759 etiam

1909 776 2004 828 toti
2039 775 2224 832 Galliae
2257 780 2490 848 praefuit.
2524 781 2674 837 Unde
2715 787 3015 842 verisimile
3040 799 3121 846 est
3150 802 3271 862 pest
3313 812 3515 850 annum

1908 864 2012 917 559
2043 865 2374 922 celebratam
2434 887 2554 924 esse
2610 873 2749 928 hanc
2801 878 3068 946 synodum
3129 881 3514 954 Parisiensem,

1910 961 2054 1030 quod
2087 963 2294 1017 diserte
2317 965 2480 1019 docet
2512 967 2716 1022 Binius.

1980 1051 2074 1104 Ad
2100 1054 2445 1106 mutriculum
2480 1062 2740 1122 praeterea
2788 1067 2987 1115 sancta:
3025 1066 3297 1121 Remens-is
3327 1072 3514 1124 Eccle-

1909 1142 2022 1194 siae.
2057 1141 2196 1195 Ante
2230 1143 2342 1196 haec
2400 1147 2567 1199 verba
2615 1147 2698 1200 MS
2729 1149 2832 1202 etJ
2892 1151 3180 1220 adjiciunt,
3223 1158 3296 1209 ad
3360 1162 3520 1213 Busi-

1911 1232 2069 1285 licam
2101 1234 2158 1287 S.
2190 1235 2442 1289 Medardi
2471 1238 2667 1292 solidos
2704 1241 3025 1307 quindecim.
3072 1244 3198 1307 Qua:
3239 1249 3524 1304 omisimus

1911 1320 2016 1374 alia
2045 1323 2378 1393 exemplaria
2409 1327 2606 1392 secuti,
2652 1329 2779 1398 quia
2833 1346 2998 1401 supra
3051 1333 3119 1387 de
3179 1337 3412 1391 ecclesia
3465 1340 3498 1391 S

1913 1408 2153 1464 llledardi
2174 1412 2379 1467 dictum
2413 1412 2535 1469 fuit.

2553 1506 2762 1563 CAPUT
2795 1510 2876 1564 Vl.

1977 1596 2100 1649 Post
2141 1597 2280 1651 lunae
2327 1599 2534 1654 beatum
2578 1604 2756 1656 virum
2781 1605 3373 1671 Leudegisel-us,.-tttilze
3408 1614 3524 1679 epi-

1909 1688 2273 1753 scopifruter.
2318 1688 2408 1743 llic
2450 1691 2630 1757 Attila,
2684 1701 2740 1746 ut
2771 1710 2834 1748 ex
2900 1712 3020 1766 cap.
3067 1702 3318 1770 sequenti
3351 1710 3522 1770 patet,

1915 1775 2014 1830 fuit
2054 1779 2351 1850 episc0pus
2379 1781 2778 1838 Lauduncnsis.
2818 1787 2875 1840 In
2905 1789 3123 1842 'l‘abulis
3171 1790 3525 1846 Democharis

1914 1879 2127 1923 sextum
2161 1872 2336 1926 locum
2371 1874 2604 1942 obtinet,
2648 1895 2811 1947 quem
2854 1888 3010 1934 vocat
3072 1881 3329 1948 Attolam,
3355 1884 3431 1938 uti
3473 1892 3526 1938 et

1916 1961 2240 2016 llincmarus
2280 1964 2332 2017 in
2365 1968 2616 2035 opuscul.
2679 1986 2739 2022 Lv
2783 1969 2954 2040 Capit.
3007 1988 3053 2025 c.
3115 1974 3165 2041 j.
3221 1974 3526 2029 Consecra—

1914 2054 1989 2106 vit
2016 2055 2069 2110 S.
2129 2057 2446 2111 Autbertum
2506 2062 2983 2131 Campraeensem,
3027 2065 3348 2136 episc0pum
3380 2084 3526 2120 anno

1913 2144 2036 2208 64:2,
2069 2152 2126 2198 ut
2166 2147 2417 2203 adnotavi
2453 2150 2519 2203 ad
2555 2150 2861 2206 Chronicon
2905 2152 3320 2220 Cameracense,
3356 2155 3450 2209 lib.
3488 2173 3523 2220 ι,

1916 2252 1944 2289 c
1993 2237 2078 2291 19.
2103 2238 2363 2308 Sequitur

1989 2329 2239 2395 Tempore
2267 2331 2554 2396 Dagoberti
2581 2335 2722 2399 regis
2776 2335 3104 2403 episcopium
3127 2339 3289 2390 rexit.
3317 2336 3413 2390 llic
3444 2344 3526 2390 est

1915 2417 2254 2490 Dagobertus
2303 2422 2534 2490 primus,
2569 2425 2663 2494 qui
2715 2433 2835 2494 post
2875 2433 3085 2495 patrem
3144 2445 3302 2483 suum
3349 2429 3528 2483 Clota-

1911 2510 2051 2562 rium
2081 2513 2406 2580 secundum,
2468 2517 2717 2587 regnavit
2748 2519 2929 2573 adhuc
2979 2537 3154 2575 annos
3190 2523 3274 2585 14,
3311 2531 3365 2576 et
3389 2523 3525 2576 obiit

1909 2603 2032 2657 645.
2065 2606 2338 2660 Successit
2360 2609 2409 2661 ei
2435 2609 2580 2662 filius
2622 2619 2749 2665 natu
2783 2613 3052 2667 maximus
3091 2615 3432 2686 Sigeliertus,
3459 2616 3526 2668 de

1910 2697 2098 2766 quoin
2121 2698 2227 2752 ﬁne
2262 2702 2480 2770 capitis,
2525 2703 2615 2773 qui
2647 2703 2930 2760 obiit656.

1978 2790 2135 2842 Hunc
2165 2794 2408 2860 sequitur
2434 2794 2806 2859 Anglebertus.
2841 2795 2927 2849 Sic
2963 2797 3145 2850 omnia
3194 2798 3528 2869 exemplaria

1909 2882 2108 2945 prieter
2135 2878 2184 2942 J,
2218 2880 2365 2950 quod
2387 2888 2497 2935 toto
2527 2882 2628 2936 hoc
2660 2899 2780 2952 cap.
2818 2883 2952 2958 legit
2983 2887 3362 2953 Angelbertus.

2553 2973 2757 3027 CAPUT
2780 2973 2889 3027 Vll.

187 3077 242 3123 et
275 3069 472 3123 Gabali
512 3068 651 3121 Prol.
710 3075 764 3121 et
821 3067 1135 3132 Fortunato,
1191 3074 1248 3120 et
1305 3068 1532 3123 Gabales
1591 3067 1804 3134 Caasari,

1980 3059 2191 3110 Petente
2235 3061 2515 3113 Berecario
2569 3062 2780 3115 abbate.
2831 3063 2920 3115 Sic
2951 3065 3137 3118 omnia
3168 3066 3526 3137 exemplaria,

187 3158 370 3213 Plinio
394 3164 450 3211 et
488 3156 744 3211 Straboni
785 3156 1064 3218 dicuntur,
1117 3155 1317 3209 Gallice
1350 3158 1560 3222 Mende,
1591 3159 1696 3213 hoc
1725 3167 1807 3213 est

187 3252 469 3305 Mimatum
515 3250 569 3303 in
628 3249 918 3320 Aquitania
975 3250 1222 3321 regionis
1273 3250 1628 3317 Gavalitanae,
1689 3267 1808 3322 qua}

188 3337 486 3394 Gévaudan
521 3337 740 3399 dicitur,
771 3337 965 3391 civitas
1007 3337 1266 3407 primaria
1315 3344 1368 3391 et
1424 3347 1587 3406 caput
1616 3348 1718 3402 est,
1753 3348 1810 3391 ut

183 3427 350 3481 docet
416 3426 707 3495 Philippus
771 3425 1054 3480 Ferrarius
1111 3425 1166 3478 in
1227 3443 1366 3480 nova
1425 3427 1808 3500 Topographia

187 3517 559 3591 Martyrologii
619 3517 864 3570 Romani.
927 3517 1077 3581 Quod
1133 3517 1484 3580 adnotamus,
1548 3535 1616 3571 ne
1670 3518 1808 3573 forte

184 3608 310 3679 quis
339 3617 490 3678 putet
523 3623 644 3661 esse
677 3607 944 3678 Oppidum
982 3608 1365 3671 Cabilonense,
1397 3608 1542 3678 quod
1577 3617 1660 3662 est
1709 3609 1809 3661 sub

185 3702 665 3771 archiepiscOpatu
722 3701 1096 3772 Lugdunensi,
1151 3701 1453 3771 pra'xsertim
1509 3704 1631 3756 eum
1701 3702 1810 3758 Ro-

183 3797 378 3850 hertus
403 3795 636 3850 Caenalis
688 3795 894 3850 sentiat
933 3795 1165 3851 Gabales
1209 3813 1327 3850 esse
1389 3795 1786 3852 Cabilonenses

185 3889 250 3942 Et
280 3888 508 3960 quidem
542 3887 792 3960 Agricola
832 3887 1211 3942 Cabilonensis
1238 3889 1537 3958 episcopus
1563 3890 1807 3944 subscri-

186 3988 316 4050 ptus
346 3981 548 4054 legitur
578 3982 814 4036 concilio
872 3999 920 4035 ιν
965 3992 1074 4035 etv
1131 3983 1533 4048 Aurelianensi,
1575 4000 1807 4054 quorum

183 4074 466 4144 posterius
497 4075 742 4128 habitum
777 4082 860 4128 est
912 4090 1058 4128 anno
1096 4076 1222 4141 552,
1286 4076 1413 4130 item
1451 4076 1739 4131 Parisiensi
1772 4094 1808 4130 ιι

183 4170 239 4218 et
282 4163 636 4237 Lugdunensi
669 4182 705 4227 ι,
735 4165 879 4235 quod
914 4164 1162 4218 habitum
1208 4174 1290 4218 est
1321 4181 1467 4219 anno
1498 4165 1622 4220 570.
1652 4166 1802 4218 Prae—

182 4252 293 4306 fuit
318 4261 498 4307 autem
532 4253 784 4308 Ecclesiae
816 4269 927 4308 suae
959 4254 1120 4307 annis
1168 4255 1257 4316 48,
1291 4262 1348 4307 et
1377 4254 1508 4308 vixit.
1536 4271 1682 4310 anno
1713 4256 1801 4316 83,

187 4350 248 4395 ut
282 4341 450 4396 habet
481 4342 706 4413 Gregor.
767 4343 967 4397 Turon.
1019 4343 1114 4397 lib.
1170 4359 1199 4393 v
1243 4343 1399 4407 llist.,
1461 4361 1580 4414 cap.
1634 4343 1720 4409 45,
1751 4353 1806 4397 et

196 4447 263 4484 ex
300 4445 366 4484 eo
396 4430 593 4484 Baron.
630 4430 683 4484 in
726 4429 870 4484 notis
899 4431 966 4484 ad
1030 4431 1164 4485 Rom
1254 4431 1534 4496 Martyrol.
1595 4430 1685 4483 die
1737 4431 1804 4483 17

184 4523 388 4579 Martii.
421 4525 526 4578 Sed
557 4533 617 4579 ut
645 4525 715 4579 sit
745 4525 891 4579 idem
951 4541 1072 4580 cum
1131 4541 1196 4580 eo
1251 4526 1342 4598 qui
1393 4526 1520 4580 huic
1550 4525 1804 4579 Remensi

178 4615 400 4685 synodo
473 4616 740 4682 interfuit,
800 4617 1019 4675 obstare
1081 4619 1244 4673 etiam
1300 4619 1519 4674 videtur
1548 4618 1807 4673 distantia

184 4706 476 4776 temporis.

258 4797 532 4851 Auderico
563 4799 846 4851 Auscensi.
883 4797 1083 4858 Auscii.
1134 4797 1242 4852 alio
1266 4798 1492 4853 nomine
1531 4797 1805 4861 Auxitani,

180 4884 336 4939 unde
402 4886 704 4941 Auxitanus
754 4885 1268 4958 archiepiscopatus
1304 4931 1313 4941 .
1349 4887 1481 4941 Gall.
1552 4889 1712 4942 Auch
1752 4888 1806 4941 in

181 4975 481 5030 Vasconia.

263 5065 332 5117 Ut
361 5065 599 5132 capitulo
625 5079 896 5119 canonum
926 5067 1136 5120 Parisis
1177 5069 1300 5120 acta
1333 5067 1390 5119 in
1419 5065 1659 5134 generali
1682 5081 1811 5132 syn-

182 5153 311 5215 odo.
340 5155 398 5206 in
425 5154 664 5208 Basilica
713 5157 891 5208 sancti
920 5156 1084 5215 Petri,
1143 5155 1384 5209 Lotharii
1437 5156 1580 5223 regis
1629 5155 1811 5209 studio

181 5249 538 5311 congregata,
606 5247 753 5298 omni
812 5249 1067 5314 ﬁrmitate
1130 5249 1528 5304 custodiantur.
1589 5248 1813 5302 Videtur

185 5334 424 5409 intelligi
457 5334 760 5390 Concilium
829 5353 890 5390 ιιι
947 5338 1276 5404 Parisiense,
1337 5340 1496 5409 cujus
1547 5341 1813 5394 exstanti)

182 5425 430 5496 capitula
458 5433 592 5479 tom.
627 5425 669 5478 ll
717 5425 1091 5480 Conciliorum
1134 5444 1231 5497 per
1258 5427 1470 5482 Binium
1515 5428 1809 5486 editorum.

180 5517 295 5572 Nec
327 5517 511 5572 obstat
549 5515 705 5586 quod
737 5515 813 5569 ibi
847 5515 1059 5570 dicatur
1087 5517 1423 5574 celebratum
1454 5518 1556 5573 sub
1586 5518 1810 5574 Childe-

177 5607 365 5675 berto,
397 5605 531 5678 quia
595 5603 925 5675 intelligitur
991 5605 1376 5661 Childehertus
1430 5607 1640 5676 primus
1670 5606 1813 5662 filius

181 5697 450 5753 Clt-dovei
502 5694 708 5765 Magni,
767 5693 859 5762 qui
900 5695 1039 5748 obiit
1081 5711 1226 5750 anno
1268 5695 1386 5748 559.
1452 5696 1568 5758 Quo
1614 5696 1809 5751 eodem

494 5800 802 5858 PA’I'iiOL.
859 5795 1190 5856 CXXXV.

1910 3146 2114 3217 quodS
2160 3149 2387 3202 mutavit
2445 3149 2655 3219 ubique
2725 3151 2775 3202 in
2837 3153 3207 3219 Bercharium,
3267 3157 3408 3210 sicut
3478 3163 3531 3209 et

1909 3238 1956 3290 J.
1994 3241 2278 3301 Quomodo
2319 3257 2420 3310 per
2459 3242 2894 3295 contractionem
2963 3245 3162 3319 legitur
3228 3249 3374 3318 apud
3443 3248 3532 3301 Si-

1909 3330 2197 3402 gebertum
2267 3331 2318 3383 in
2359 3333 2646 3398 Chronico,
2712 3342 2766 3386 et
2811 3333 2864 3386 in
2932 3337 3311 3408 Promptuario
3345 3356 3532 3394 saera-

1914 3437 2030 3474 rum
2072 3422 2458 3492 antiquitatum
2501 3423 2818 3477 Tricassinte
2883 3427 3140 3483 diaeresis
3196 3431 3400 3485 Nicolai
3435 3433 3529 3485 Ca-

1911 3512 2125 3574 muza'i,
2163 3513 2214 3565 in
2243 3531 2351 3583 quo
2384 3515 2702 3568 continetur
2735 3516 2947 3588 integra
2974 3521 3086 3572 Vita
3120 3522 3240 3588 ejus
3264 3531 3316 3576 et
3351 3526 3530 3593 passio

1913 3605 2225 3674 conscripta
2249 3622 2346 3674 per
2391 3607 2657 3660 Assonem
2728 3606 2986 3663 abbatem
3058 3612 3410 3679 [lervensem,
3477 3626 3530 3671 et

1913 3697 2059 3765 apud
2089 3697 2306 3750 Surium
2345 3707 2472 3752 tom.
2523 3699 2583 3763 V,
2647 3698 2741 3752 ubi
2803 3699 3024 3754 brevem
3059 3703 3304 3770 ejusdem
3356 3708 3528 3764 Vitam

1915 3799 2168 3842 recenset
2195 3806 2258 3842 ex
2311 3790 2579 3844 Vineentii
2635 3792 2872 3861 Speculo
2926 3793 3193 3848 historiali
3251 3796 3345 3848 lib.
3380 3815 3527 3866 xxn',

1913 3875 2001 3929 die
2036 3878 2099 3929 16
2132 3877 2398 3931 Octobris.

1980 3969 2275 4021 Ecclesium
2306 3971 2363 4022 in
2428 3970 2701 4022 Viriziuco
2758 3971 2879 4024 .Ita
2931 3971 3226 4044 legendum
3290 3981 3434 4043 patet
3465 3992 3528 4030 ex

1909 4074 1956 4111 c.
2007 4061 2020 4107 t
2085 4064 2137 4111 et
2184 4059 2216 4108 3
2275 4059 2458 4132 hujus
2500 4058 2648 4121 libri,
2715 4059 2804 4112 ubi
2878 4070 3194 4115 constanter
3257 4062 3334 4114 sic
3391 4063 3531 4136 legi-

1911 4154 2012 4200 tur.
2049 4148 2164 4200 Gal.
2233 4149 2422 4215 Verzy.
2479 4147 2694 4217 Alioqui
2741 4156 2847 4202 tum
2887 4151 2988 4204 hoc
3039 4154 3177 4209 loco.
3209 4160 3320 4204 tum
3385 4153 3530 4209 intra

1907 4257 1952 4294 c.
1979 4241 2046 4293 10
2078 4241 2287 4294 variant
2309 4241 2644 4310 exemplaria
2679 4259 2690 4294 :
2726 4242 2789 4308 ill,
2837 4245 3052 4298 Viriuco
3091 4263 3103 4298 :
3136 4246 3192 4312 C,
3237 4248 3525 4316 Viriciueo,

1908 4333 2182 4404 quomodo
2207 4332 2250 4385 Μ
2281 4333 2411 4406 legit
2442 4349 2562 4402 cap.
2597 4332 2684 4397 10,
2714 4333 2807 4386 ubi
2850 4333 2884 4387 C
2915 4335 3049 4409 legit
3081 4339 3434 4403 Virigiucum.

1987 4426 2086 4478 Cui
2113 4426 2416 4479 Ludovicus
2444 4442 2653 4494 quoque
2683 4442 2801 4479 rear.
2847 4428 3181 4502 lntelligitur
3227 4430 3530 4486 Clodoveus

1915 4516 1980 4573 ιι,
2019 4516 2270 4586 quiobiit
2299 4517 2423 4571 669..

1982 4611 2159 4680 Hujus
2222 4614 2384 4664 etiam
2440 4615 2667 4678 tempore
2693 4611 2930 4664 tradidit
2963 4612 3308 4667 Grimouldus
3339 4617 3426 4668 vir
3458 4617 3526 4668 il-

1912 4703 2099 4756 lustris
2123 4704 2173 4755 S.
2210 4704 2472 4768 Remigio,
2529 4709 2633 4754 etc.
2698 4701 2793 4754 Hic
2833 4702 3051 4756 videtur
3111 4703 3278 4757 fuisse
3327 4707 3529 4776 major-

1912 4791 2108 4844 domus
2128 4807 2223 4844 seu
2283 4791 2544 4863 magister
2588 4790 2775 4860 palatii
2826 4791 3176 4857 Francorum,
3214 4791 3357 4845 tilius
3383 4795 3524 4850 beati

1914 4882 2131 4952 Pippini
2165 4882 2233 4935 de
2265 4882 2483 4946 Laudis,
2546 4892 2599 4935 et
2650 4881 2818 4936 frater
2871 4889 3182 4936 sanctarum
3243 4885 3527 4938 Gertrudis

1914 4969 2241 5042 ctBegghae,
2299 4969 2393 5039 qui
2443 4970 2578 5023 obiit
2627 4985 2772 5022 anno
2841 4970 2965 5024 658.
3027 4969 3328 5025 Concilium
3385 4990 3526 5041 prae-

1913 5060 2092 5114 sulum
2126 5059 2310 5112 Gallize
2361 5060 2643 5114 Namnetis
2682 5060 2930 5115 habitum
2991 5062 3238 5129 jussione
3297 5064 3522 5118 Romani

1914 5152 2212 5224 pontificis,
2273 5153 2428 5220 cujus
2481 5154 2568 5207 hic
2623 5157 2896 5221 meminit,
2969 5157 3187 5210 videtur
3241 5157 3434 5210 deesse
3472 5159 3522 5211 in

1915 5243 2489 5299 tomisConeiliorum.
2549 5245 2655 5297 Nisi
2729 5247 2864 5301 forte
2926 5248 2995 5301 sit
3064 5248 3194 5302 illud
3265 5250 3409 5318 quod
3458 5252 3525 5303 2i)

1914 5337 2208 5391 continens
2247 5336 2504 5406 capitula,
2561 5337 2783 5405 ponitur
2835 5346 2966 5392 tom.
3040 5341 3098 5392 lll
3164 5348 3282 5409 post.
3344 5341 3528 5396 conci-

1916 5428 2048 5481 lium
2081 5427 2429 5480 Triburiense
2499 5428 2747 5482 habitum
2807 5445 2950 5483 anno
3008 5430 3128 5482 995.
3205 5433 3274 5485 lle
3306 5450 3414 5503 quo
3448 5434 3526 5486 sic

1915 5527 2067 5575 notat
2100 5521 2303 5573 ibidem
2334 5520 2524 5574 Binius
2560 5539 2570 5574 :
2611 5545 2634 5565 η
2669 5522 2940 5576 Incertum
2976 5521 3370 5594 habemusquo
3395 5533 3527 5579 tem-

1917 5626 2046 5684 pore
2079 5616 2183 5668 hoc
2215 5615 2508 5669 concilium
2571 5618 2746 5670 actu’m
2784 5616 2870 5670 sit.
2914 5615 3094 5685 itaque
3123 5617 3224 5670 hoc
3258 5621 3373 5673 loco
3416 5619 3526 5670 eel-

1915 5702 2235 5756 locavimus.
2272 5723 2294 5750 η

3161 5807 3234 5868 12
