3972 6206
494 353 599 407 363

561 485 686 538 Post
714 483 821 536 haec
849 484 913 535 in
936 480 1207 534 ecciesiola
1263 482 1319 536 S.
1383 480 1600 551 Maria)
1638 496 1805 552 quam
1833 483 1892 535 in
1923 481 2103 537 eodem
2134 488 2179 551 Α

489 574 810 627 monasterio
858 574 1261 633 construxerat,
1323 571 1518 625 abiisse
1567 574 1769 638 fertur.
1814 571 1983 636 Quam
2014 588 2108 628 so-

496 664 707 717 lemnes
734 659 969 714 Nivardo
1016 658 1276 711 exhibita:
1331 656 1538 712 fuerint
1562 660 1839 731 exscquite
1870 660 2105 715 refertur

494 756 587 809 ubi
613 770 799 825 supra,
824 753 877 806 in
903 752 1022 806 Vita
1048 760 1102 805 et
1132 751 1392 821 passione
1448 752 1497 802 S.
1540 752 1810 806 Bercharii
1867 752 2096 806 abbatis.

495 848 642 903 Obiit
668 845 927 900 Kalendis
956 843 1318 914 Septembris,
1376 843 1444 896 ad
1502 860 1668 915 quem
1692 843 1837 898 diem
1865 844 1932 898 ad
1968 844 2107 898 Usu-

497 933 690 987 ardum
713 931 917 1001 adjecit
947 932 1192 987 Molanus
1225 949 1238 985 :
1267 951 1292 981 α
1323 932 1382 984 ln
1431 932 1541 987 alto
1590 932 1795 1000 Villari,
1829 933 2105 1003 depositio

496 1029 669 1083 sancti
713 1028 935 1083 Nivardi
984 1027 1231 1098 episcopi
1264 1028 1571 1082 Remensis.
1628 1048 1652 1079 »
1683 1028 1799 1094 Quo
1830 1030 1921 1084 die
1952 1031 2106 1101 ponit

498 1120 756 1176 eumdem
796 1120 852 1174 in
908 1136 1011 1175 suo
1055 1119 1439 1194 Martyrologio
1507 1120 1699 1176 Petrus
1765 1121 2102 1177 Galesianus.

501 1211 747 1267 Meminit
776 1210 1026 1278 ejusdem
1051 1210 1375 1285 Sigebertus
1418 1210 1473 1264 in
1515 1210 1781 1266 Chronico
1808 1227 1953 1266 anno
1980 1214 2105 1279 661,

501 1305 589 1358 his
609 1304 836 1359 verbis:
876 1326 895 1354 ι
970 1305 1202 1360 Sanctus
1248 1304 1515 1360 Nivardus
1574 1306 1865 1362 Remensis
1924 1308 2106 1362 archi-

501 1394 821 1465 episcOpus,
879 1401 934 1448 et
996 1394 1201 1449 Reolus
1262 1409 1549 1451 successor
1600 1395 1741 1463 ejus:
1790 1396 2117 1452 Bercharius

505 1497 726 1554 quoque
758 1490 985 1553 martyr,
1017 1482 1110 1553 qui
1168 1482 1269 1535 fuit
1316 1483 1485 1537 abbas
1509 1483 1719 1553 primus
1752 1485 2117 1541 Altivillaren-

504 1572 671 1637 sium,
702 1578 890 1626 sancta
922 1573 1084 1626 etiam
1112 1572 1308 1626 Bertha
1335 1582 1542 1643 martyr
1571 1579 1624 1627 et
1656 1574 1953 1643 abbatissa,
1986 1593 2117 1632 san-

505 1668 688 1723 ctitate
716 1668 924 1721 clarent
981 1668 1037 1720 in
1070 1667 1259 1722 Gallia.
1295 1692 1317 1714 ιν
1364 1669 1517 1723 lIunc
1553 1669 1749 1725 vitiose
1775 1672 1994 1743 quidam
2028 1674 2121 1727 Vi-

505 1764 753 1818 viardum
774 1770 970 1818 vocant

1135 1834 1340 1891 CAPUT
1361 1836 1497 1890 VIII.

579 1949 672 2005 Ad
691 1951 1046 2019 praenotatum
1100 1949 1264 2017 hujus
1292 1953 1468 2003 sancti
1490 1952 1605 2004 viri
1635 1950 1898 2021 (Nivardi)
1943 1969 2121 2009 cumo-

509 2039 654 2091 binm
689 2038 809 2091 tItOC
840 2043 923 2091 est
950 2036 1016 2090 ad
1047 2036 1438 2107 Altumvillare)
1468 2039 1633 2093 beatte
1676 2041 1887 2097 Helenae
1924 2045 2126 2110 reginae

506 2136 715 2187 constat
743 2147 933 2201 corpus
967 2134 1035 2187 ab
1064 2133 1194 2187 urbe
1223 2135 1391 2188 Roma
1418 2133 1709 2188 devectum.
1765 2134 1891 2189 Dies
1944 2142 2122 2190 trans-

508 2223 747 2287 lationis,
781 2232 835 2279 et
865 2224 1132 2280 adventus
1161 2225 1228 2277 ad
1269 2225 1374 2279 hoc
1400 2225 1798 2280 monasterium
1831 2228 2124 2283 adnotatur

505 2317 740 2387 septima
774 2316 1054 2372 Februarii
1120 2315 1173 2368 in
1231 2315 1402 2370 addit.
1460 2314 1662 2369 Molani
1695 2316 1763 2370 ad
1794 2315 2118 2373 Usuardum.

504 2407 732 2477 Scripsit
788 2404 1160 2460 translationis
1235 2403 1396 2473 hujus
1454 2404 1743 2459 Historiam
1822 2406 2122 2461 Almannus

504 2500 807 2555 monachus
862 2498 1300 2563 Altivillarensis,
1343 2505 1481 2553 teste
1534 2497 1823 2571 Sigeberto
1875 2500 1947 2555 De
1992 2503 2122 2557 viris

504 2592 828 2655 illustribus,
844 2608 962 2661 cap.
982 2590 1071 2655 99,
1088 2598 1161 2653 et,
1186 2598 1244 2645 ut
1271 2590 1479 2646 ibidem
1507 2592 1693 2657 refert,
1710 2594 1887 2649 Vitam
1900 2613 2122 2669 quoque

503 2684 557 2738 S.
590 2682 805 2736 Nivardi
837 2689 892 2735 et
951 2681 1003 2735 S.
1040 2682 1356 2751 Sindulphi,
1418 2685 1486 2739 de
1547 2703 1656 2758 quo
1689 2704 1807 2761 seq.
1841 2707 1963 2764 cap.
1997 2694 2121 2751 Haec

503 2788 686 2835 autem
727 2779 1012 2834 transtalio
1060 2779 1129 2833 ab
1180 2780 1314 2834 urbe
1370 2782 1543 2838 Roma
1597 2785 1653 2840 in
1705 2787 1924 2851 Gallias.
1981 2799 2121 2848 teste

503 2873 699 2928 eodem
726 2870 1013 2945 Sigeberlo
1040 2872 1095 2925 in
1147 2871 1437 2935 Chronico,
1490 2874 1631 2932 facta
1682 2888 1765 2934 est
1818 2897 1963 2937 anno
1993 2884 2118 2950 849,

503 2974 562 3021 ut
590 2966 757 3021 refert
785 2970 910 3035 post
939 2980 1063 3019 eum
1108 2979 1329 3036 quoque
1388 2967 1653 3024 Baronius
1690 2979 1819 3026 tom.
1854 2974 1895 3028 X
1927 2975 1983 3030 in
2012 2975 2122 3033 fine

502 3065 753 3135 ejusdem
785 3064 937 3126 anni,
966 3062 1178 3117 addens
1211 3078 1225 3116 :
1263 3083 1284 3111 α
1310 3062 1417 3117 Sed
1474 3064 1542 3119 de
1569 3065 1689 3133 ejus
1714 3082 1949 3137 corpore
1976 3068 2125 3124 inter

500 3157 723 3213 Latinos
778 3163 832 3212 et
895 3155 1108 3210 Graecos
1171 3155 1399 3227 antiqua
1441 3165 1525 3211 est
1578 3160 1978 3223 controversia,
2021 3162 2193 3238 ubiC

500 3252 778 3323 sepultum
833 3248 1021 3304 fuerit.
1063 3247 1254 3303 Veneti
1308 3248 1535 3319 insuper
1586 3250 1717 3305 illud
1771 3250 1840 3306 ab
1895 3252 2117 3310 Oriente

500 3343 742 3398 delatum
770 3340 1056 3411 possidere
1082 3356 1141 3394 se
1171 3339 1495 3413 gloriantur,
1528 3341 1673 3413 quod
1698 3352 1751 3398 et
1777 3344 1945 3419 digno
1968 3346 2116 3402 cultu

499 3444 932 3510 prosequuntur.
970 3456 995 3486 ι)
1032 3435 1156 3490 Haec
1184 3436 1475 3491 Baronius.

573 3533 791 3589 Gemino
821 3531 988 3585 ditati
1041 3529 1284 3597 gaudent
1348 3545 1510 3585 esoce.
1566 3529 1657 3583 Sic
1696 3530 1774 3585 Μ]
1828 3532 1862 3586 S
1895 3533 2119 3605 reliquit

502 3623 680 3678 locum
731 3636 983 3675 vacuum.
1041 3618 1349 3693 Significari
1408 3625 1631 3689 putatur
1656 3619 1846 3689 piscis,
1882 3622 1975 3693 qui
2008 3624 2118 3680 alio

501 3714 727 3771 nomine
756 3715 927 3769 salma
954 3711 1171 3767 dicitur.
1205 3711 1484 3781 Sulpicius
1511 3711 1749 3767 Severus
1773 3714 1876 3771 lib.
1907 3733 1967 3769 ιιι
1996 3716 2120 3772 Dia-

501 3804 609 3877 logi
660 3803 727 3857 de
780 3801 1076 3857 virtutibus
1131 3801 1189 3854 Β.
1237 3800 1475 3863 Martini,
1526 3817 1644 3871 cap.
1706 3803 1792 3868 13,
1852 3825 1879 3854 α
1910 3805 1986 3860 Ad
2007 3807 2123 3877 pri-

499 3913 648 3950 mum
682 3901 859 3950 actum
912 3892 1015 3948 reti
1066 3891 1389 3962 permodico
1421 3891 1718 3949 immanem
1752 3912 1970 3951 esocem
2003 3899 2120 3954 dia-

500 4002 673 4041 conus
699 3983 945 4039 extraxit.
972 4006 999 4031 »
1033 3982 1108 4036 Ad
1130 3998 1293 4053 quem
1311 3983 1490 4038 locum
1509 3983 1629 4037 Sur.
1650 3990 1784 4039 tom.
1817 3985 1880 4039 Vl
1911 3986 2121 4042 notavit

500 4078 570 4132 ad
601 4093 755 4150 marg
782 4094 794 4130 :
821 4079 1061 4139 Ezocem,
1114 4074 1176 4128 id
1212 4079 1313 4141 est,
1373 4076 1682 4130 salmonem.
1732 4076 1933 4131 Scribit
1967 4079 2113 4134 enim

500 4170 622 4239 ipse
654 4183 753 4237 per
791 4183 840 4220 z.
901 4164 1171 4219 Adrianus
1209 4163 1407 4218 Junius
1436 4163 1491 4217 in
1533 4178 1633 4217 suo
1674 4163 2113 4233 Nomenclatore,

500 4271 799 4311 recensens
848 4252 1074 4309 nomina
1124 4253 1377 4323 piscium,
1438 4251 1517 4306 ita
1546 4251 1741 4306 scribit
1770 4256 1928 4315 Exos,
1964 4254 2114 4326 quod

499 4348 721 4405 ossibus
750 4353 951 4412 careat,
984 4345 1092 4409 vel,
1124 4351 1185 4399 ut
1223 4344 1313 4398 alii
1342 4343 1555 4413 legunt,
1616 4359 1743 4398 esca:
1772 4344 1970 4400 Plinio.
2002 4348 2116 4401 An-

497 4437 641 4509 glice
671 4437 873 4501 aLaw,
933 4442 988 4488 et
1016 4431 1305 4505 distinguit
1352 4447 1383 4486 a
1432 4431 1702 4486 salmone.
1754 4433 1964 4488 Plinius
1993 4434 2111 4489 Nat.

498 4530 633 4584 Hist.
670 4529 746 4583 lib
795 4544 867 4591 ιιι,
903 4543 950 4581 c.
987 4527 1096 4581 15:
1134 4545 1159 4576 α
1184 4524 1323 4579 Sunt
1352 4532 1409 4579 et
1441 4524 1498 4578 in
1552 4524 1881 4597 quibusdam
1935 4527 2117 4582 amni-

496 4618 602 4673 bus
627 4617 774 4671 haud
805 4615 1070 4681 minores,
1124 4613 1326 4668 silurus
1376 4612 1430 4666 in
1480 4612 1623 4677 Nilo,
1653 4628 1781 4668 esox
1812 4612 1867 4667 in
1903 4613 2113 4682 Rheno,

497 4707 685 4763 attilus
706 4706 761 4761 in
812 4704 983 4760 Pado.
1029 4727 1052 4750 »
1083 4702 1183 4768 Qui
1214 4701 1420 4756 ibidem
1461 4717 1581 4772 cap.
1630 4703 1699 4756 18
1744 4702 1857 4777 agit
1879 4701 1947 4757 de
1986 4704 2103 4758 sal-

498 4811 689 4853 mone'
1142 4861 1350 4918 CAPUT
1387 4861 1474 4916 ιχ.

566 4962 640 5017 De
672 4960 730 5016 S.
768 4956 1021 5013 Sindulfo
1070 4955 1183 5028 agit
1238 4954 1492 5010 Molanus
1547 4953 1615 5009 ad
1647 4954 1955 5011 Usuardum
2020 4956 2114 5012 die

490 5051 561 5107 20
591 5049 857 5114 Octobris,
913 5048 1220 5103 Romanum
1269 5044 1544 5117 Martyrol.
1604 5061 1729 5101 cum
1786 5046 2025 5103 Baronio
2056 5055 2111 5103 et

494 5143 650 5199 Petro
707 5141 983 5197 Galesinio
1035 5139 1104 5194 ad
1158 5138 1414 5194 eumdem
1447 5137 1615 5202 diem,
1662 5137 1806 5193 sicut
1839 5147 1895 5194 et
1925 5139 2111 5196 Wion.

492 5232 626 5288 Item
683 5229 948 5285 Trithem.
1001 5228 1075 5283 De
1140 5227 1272 5283 viris
1336 5226 1504 5282 illust.
1571 5226 1690 5282 0rd.
1733 5227 1791 5282 S.
1823 5227 2111 5282 Benedicti

494 5324 697 5389 lib.m,
728 5339 851 5393 cap.
901 5322 989 5387 46,
1056 5320 1151 5392 qui
1200 5319 1393 5375 scribit
1449 5334 1575 5374 eum
1640 5317 1904 5373 claruisse
1963 5333 2111 5374 anno

487 5416 702 5473 Domini
732 5415 858 5483 600,
888 5424 943 5470 et
998 5414 1211 5470 socium
1262 5411 1429 5466 fuisse
1472 5410 1620 5465 beati
1650 5409 1829 5465 Basoli
1866 5409 2107 5469 abbatis.

488 5508 556 5564 de
575 5524 684 5580 quo
707 5525 875 5579 supra
930 5524 1050 5578 cap.
1112 5506 1164 5562 3.
1195 5504 1351 5559 Unde
1401 5504 1470 5558 de
1525 5503 1721 5556 iisdem
1769 5501 2111 5567 coniunctim

488 5586 661 5650 ait'in
705 5596 974 5651 Chronico
1032 5593 1356 5664 Sigebertus
1395 5592 1462 5646 ad
1516 5606 1718 5644 annum
1753 5589 1894 5644 567:
1942 5607 1964 5638 α
2008 5589 2116 5645 Ba-

488 5680 639 5733 solus
669 5681 858 5747 abbas,
911 5694 965 5736 et
1012 5679 1352 5748 Sindulphus
1381 5679 1667 5749 presbyter
1694 5682 1749 5731 et
1779 5677 2025 5732 reclusus
2050 5674 2110 5732 in

490 5767 721 5822 Francia
746 5770 982 5825 clarent.
1018 5790 1043 5820 ι)

1334 352 1721 407 COLVENERII
1762 352 2033 407 SCHOLIA
2076 354 2138 407 IN
2183 354 2348 410 HIST.
2394 355 2677 412 REMENS.
2724 356 2983 413 ECCLES.

3732 367 3827 422 364

2855 482 3064 539 CAPUT
3087 483 3150 538 X.

2276 572 2350 624 De
2378 576 2561 625 sancto
2612 572 2767 627 Reolo
2810 575 3072 641 episcOpo.
3129 573 3205 628 De
3243 573 3352 629 hoc
3407 575 3549 630 nihil
3610 576 3827 633 invenio

2207 657 2261 709 in
2285 657 2702 727 Martyrologiis.
2761 659 2856 715 Hic
2911 669 3041 715 ante
3095 662 3481 733 episc0patum
3515 673 3749 735 neptem
3778 667 3826 719 S.

2207 751 2446 818 Nivardi,
2508 751 2669 806 tiliam
2728 754 3019 809 Childerici
3077 756 3244 829 regis,
3315 772 3546 812 uxorem
3619 758 3829 823 habuit,

2210 847 2266 893 ut
2304 850 2518 896 constat
2546 859 2611 896 ex
2659 852 2882 897 auctore
2914 859 3081 913 supra
3121 860 3243 914 cap.
3292 845 3346 898 7.
3383 845 3511 900 Post
3544 846 3669 914 ejus
3692 862 3831 902 mor-

2209 940 2314 987 tem
2348 933 2566 1003 prmfuit
2612 935 2668 989 in
2719 936 2823 990 hoc
2878 936 3365 1006 archiepiscopatu
3418 938 3588 992 annis
3641 938 3734 1005 26,
3782 947 3833 993 ut

2209 1022 2409 1076 dicitur
2436 1022 2491 1076 in
2519 1022 2638 1076 Vita
2684 1022 2861 1077 sancti
2922 1023 3231 1092 Gumberti,
3282 1022 3466 1079 fratris
3503 1025 3561 1079 S.
3598 1026 3829 1087 Nivardi.

2209 1130 2330 1185 quae
2351 1120 2432 1168 est
2483 1115 2538 1167 in
2589 1114 2719 1168 Vitis
2763 1114 3089 1170 Sanctorum
3149 1115 3357 1172 Gallice
3385 1117 3551 1171 editis
3604 1135 3711 1189 per
3743 1119 3833 1173 Pa-

2211 1202 2471 1257 risienscs
2501 1203 2591 1256 die
2621 1202 2690 1257 29
2716 1202 2954 1273 Aprilis.
2987 1204 3140 1260 Hunc
3186 1204 3301 1272 alii,
3336 1214 3395 1259 ut
3421 1205 3683 1277 Papirius
3706 1207 3836 1262 Mas-

2213 1311 2383 1351 sonus
2451 1296 2505 1349 in
2550 1296 2665 1349 suis
2708 1296 3013 1351 Annalibus
3041 1303 3101 1352 'et
3147 1296 3388 1352 Iacobus
3412 1298 3759 1354 Sirmondus
3787 1300 3833 1353 in

2218 1389 2472 1463 Catalogo
2494 1389 3040 1461 archiepiscoporum
3070 1390 3448 1458 Remensium,
3502 1402 3715 1448 vocant
3742 1394 3833 1448 Re-

2216 1483 2429 1553 gutum.

2293 1571 2671 1626 Cruniciacam
2699 1575 2947 1637 montem,
3010 1571 3241 1628 Curbam
3284 1574 3497 1641 villam,
3530 1589 3658 1629 cum
3715 1578 3837 1629 Aci-

2220 1668 2373 1718 niaco
2404 1666 2461 1718 in
2520 1680 2664 1734 pago
2713 1666 3068 1721 Tardoncnsi.
3130 1667 3252 1722 Haec
3308 1668 3383 1722 ita
3435 1669 3611 1723 vertit
3642 1668 3838 1723 Gallice

2223 1756 2479 1811 Nicolaus
2510 1755 2814 1823 Chesneau,
2879 1757 2926 1810 le
2984 1762 3133 1812 mont
3170 1759 3235 1813 de
3288 1760 3492 1828 Cruny,
3548 1761 3837 1823 σθω-νεαρ,

2144 1854 2194 1920 Β
2219 1853 2269 1903 et
2300 1849 2467 1904 Acini
2502 1863 2565 1902 en
2598 1849 2907 1903 Tardenois.
2966 1849 3140 1921 Atque
3187 1850 3262 1904 ita
3301 1850 3495 1924 legunt
3515 1852 3711 1906 omnia
3734 1851 3838 1905 fere

2224 1937 2579 2007 exemplaria,
2638 1945 2751 1992 tum
2805 1939 2907 1992 hoc
2936 1938 3079 2005 loco,
3123 1947 3235 1993 tum
3266 1956 3315 1995 c.
3368 1940 3435 1995 17
3492 1939 3667 2008 hujus
3699 1941 3837 2003 libri,

2224 2026 2328 2080 nisi
2358 2027 2505 2097 quod
2528 2026 2614 2081 MS
2647 2027 2752 2082 hoc
2773 2016 2893 2083 loco
2907 2034 2961 2082 et
2986 2028 3112 2082 (λιι
3135 2029 3331 2104 legunt
3356 2031 3589 2085 Torbam
3620 2038 3682 2085 et
3716 2033 3842 2084 Tar-

2225 2121 2461 2177 donisse.

2867 2191 3089 2247 CAPUT
3100 2192 3188 2246 XI.

2295 2301 2614 2357 Gerniacam
2651 2305 2867 2356 cortem.
2900 2301 2976 2355 Ita
3007 2300 3098 2356 hic
3126 2308 3181 2356 et
3210 2303 3413 2373 sapius
3460 2303 3608 2358 infra
3655 2305 3839 2361 omnia

2223 2392 2576 2467 exemplaria,
2619 2392 2753 2447 Gall.
2790 2394 3132 2450 Gernicourt.
3188 2394 3290 2449 Pro
3316 2410 3426 2466 quo
3466 2395 3771 2467 aliquoties
3816 2395 3845 2448 S

2223 2463 2499 2537 substituit
2526 2482 2918 2547 Germanicam,
2951 2482 3101 2553 quod
3151 2463 3492 2555 supra—cap.
3538 2463 3580 2537 ἕξ
3616 2483 3848 2539 vertitur

2224 2572 2497 2639 Germyni.
2532 2571 2603 2624 Ex
2642 2572 2747 2627 hoc
2795 2571 2918 2627 loco
2948 2571 3309 2647 corrigendus
3357 2572 3573 2640 Surius,
3629 2573 3846 2628 Heraeus

2223 2666 2278 2714 et
2308 2660 2580 2731 Lippello,
2607 2661 2700 2732 qui
2728 2660 2783 2714 in
2850 2662 2967 2717 Vita
3023 2662 3076 2716 S.
3112 2662 3392 2736 Rigoherti
3425 2663 3517 2717 die
3548 2661 3844 2716 blanuarii

2223 2750 2415 2823 legunt
2444 2750 2725 2805 Gremaca.
2777 2749 2953 2805 Locus
3008 2758 3091 2805 eSt
3149 2767 3260 2806 non
3320 2750 3510 2823 procul
3541 2750 3755 2815 Remis,
3788 2757 3841 2803 ut

2222 2848 2437 2897 constat
2494 2858 2556 2895 ex
2592 2858 2713 2912 cap.
2756 2842 3029 2914 sequenti.
3094 2841 3493 2914 Corrigendum
3540 2848 3597 2896 et
3624 2841 3763 2896 illud
3792 2843 3841 2895 in

2221 2931 2422 2985 iisdem
2445 2932 2784 2997 auctoribus,
2827 2932 2975 3002 quod
3033 2948 3275 3006 pugnam
3323 2930 3498 2986 Caroli
3531 2947 3665 2986 cum
3700 2930 3839 2986 Chil-

2224 3022 2413 3093 perico
2440 3030 2495 3077 et
2530 3022 2880 3097 Ragemfrido
2912 3034 3121 3094 ponant
3152 3023 3418 3079 accidisse
3463 3040 3539 3078 xu
3578 3023 3844 3079 Kalendas

2224 3112 2474 3186 Augusti,
2522 3129 2646 3168 cum
2700 3112 2996 3186 legendum
3055 3112 3125 3167 sit
3182 3113 3418 3183 Aprilis.
3465 3112 3603 3167 Nam
3647 3115 3845 3169 accidit

2222 3202 2277 3256 in
2306 3202 2758 3276 Quadragesima,
2808 3201 3097 3256 Dominica
3151 3200 3240 3257 die
3298 3209 3427 3257 ante
3489 3202 3726 3271 Pascha,
3790 3212 3847 3259 ut

2220 3293 2426 3349 habent
2452 3294 2691 3350 Annales
2740 3295 3069 3349 Francorum
3101 3310 3132 3349 a
3178 3294 3391 3350 Pithmo
3445 3295 3608 3362 editi,
3672 3305 3729 3353 et
3754 3315 3849 3367 ap-

2221 3383 2424 3453 pcndix
2479 3382 2701 3457 Gregor.
2762 3383 3071 3438 Turonens.
3119 3383 3277 3452 cujus
3334 3392 3528 3440 auctor
3577 3385 3847 3459 Fregeda—

2219 3470 2334 3525 rius
2355 3470 2747 3535 Scholasticus,
2780 3471 2874 3543 qui
2906 3487 2996 3526 res
3026 3471 3113 3527 sui
3145 3474 3411 3544 temporis
3440 3474 3742 3531 describit.

2297 3566 2494 3620 Villam
2516 3569 2728 3621 nomine
2766 3568 3100 3622 Cartobram.
3136 3567 3225 3623 Sic
3258 3567 3337 3623 CR
3388 3577 3445 3624 et
3480 3569 3529 3625 J.
3602 3570 3723 3625 Alia
3751 3570 3847 3625 Ca-

2218 3655 2453 3709 robram.
2514 3654 2629 3709 Gal.
2666 3656 3017 3712 Chartreune.

2295 3745 2366 3797 Et
2394 3745 2453 3797 in
2480 3744 2613 3797 vilia
2649 3746 2738 3797 cui
2766 3759 2953 3799 nomen
2985 3746 3188 3801 Turba.
3219 3747 3298 3802 Ita
3328 3746 3420 3801 hic
3440 3749 3634 3803 omnia
3658 3766 3844 3807 exem-

2224 3837 2397 3907 plaria
2448 3838 2560 3893 Gal.
2593 3839 2814 3893 Tourbe.

2291 3931 2365 3982 De
2392 3929 2527 3982 villa
2556 3931 2849 3984 Bracaneio
2864 3945 3029 4000 super
3065 3932 3295 3999 ﬂuvium
3336 3934 3695 3992 Rotumnam.
3739 3937 3844 4002 RM,

2219 4021 2588 4085 Bracaneco,J
2623 4024 2936 4078 Bracaneto.

2286 4109 2337 4162 Α
2369 4110 2664 4175 Dagoberto
2689 4110 2919 4181 denique
2971 4127 3112 4179 rege.
3173 4112 3506 4186 lntelligitur
3564 4119 3849 4174 secundus

2217 4194 2380 4263 hujus
2408 4197 2828 4265 nominis,filius
2850 4198 3208 4266 Childeberti,
3238 4203 3331 4274 qui
3370 4204 3512 4259 obiit
3540 4222 3698 4263 anno
3721 4208 3844 4273 715,

2217 4289 2305 4342 cui
2333 4290 2597 4344 successit
2620 4290 2764 4346 filius
2791 4292 3167 4349 Theodoricus
3197 4295 3264 4350 II.

2287 4383 2350 4435 In
2381 4383 2647 4438 Rodonico
2701 4386 2884 4439 etiam.
2916 4384 3007 4440 Sic
3046 4384 3095 4451 «Ι,
3144 4386 3244 4441 sed
3301 4386 3410 4455 MS,
3441 4389 3718 4448 Rodinico
3750 4393 3844 4460 ;C,

2216 4473 2464 4528 Rodolito
2496 4474 2703 4542 ;aliud,
2736 4477 3024 4532 Rodocino.

2144 4541 2197 4609 ί)
2292 4567 2393 4621 Hic
2422 4541 2746 4623 venerabilis
2800 4570 3001 4639 praesul
3037 4571 3333 4640 Pippinum
3378 4572 3851 4641 majoremdomus

2220 4660 2381 4726 regio:
2409 4660 2654 4715 traditur
2681 4662 3074 4716 amicissimum
3120 4662 3394 4729 habuisse,
3445 4667 3539 4719 cui
3599 4670 3849 4739 eulogia:

2218 4770 2316 4823 pro
2347 4754 2706 4808 benedictione
2734 4754 2922 4808 crebro
2963 4754 3167 4810 solebat
3195 4758 3424 4811 mittere.
3476 4757 3578 4815 Hic
3606 4769 3697 4817 est
3722 4762 3846 4834 Pip—

2220 4844 2382 4914 pinus
2427 4843 2746 4908 Herstallus,
2795 4842 2941 4898 filius
2997 4844 3052 4899 S.
3116 4845 3377 4920 Begghte,
3438 4852 3606 4918 pater
3663 4850 3843 4908 Caroli

2216 4935 2446 4991 Martelli
2466 4951 2531 4990 ex
2556 4935 2770 5006 pellice.
2820 4935 3060 5011 Eulogiaa
3091 4944 3250 4991 erant
3305 4952 3479 5008 panes
3530 4938 3847 5011 benedicti,

2215 5025 2625 5081 communionis
2655 5033 2858 5081 mutuae
2888 5032 2944 5081 et
2959 5024 3215 5081 amicitiae
3241 5027 3515 5098 symbols,
3546 5030 3620 5086 de
3642 5034 3850 5105 quibus

2215 5113 2321 5168 late
2348 5114 2546 5168 Baron.
2576 5121 2709 5169 tom.
2762 5114 2831 5168 [II
2869 5112 3161 5168 Annalium
3182 5129 3331 5171 anno
3371 5114 3496 5172 313.
3531 5116 3845 5178 Concilium

2212 5201 2601 5268 Namnetense,
2641 5217 2763 5272 cap.
2821 5200 2876 5266 6,
2921 5200 2993 5256 de
3039 5215 3150 5274 quo
3178 5216 3372 5272 supra,
3393 5201 3633 5262 formam
3665 5208 3842 5266 bene-

2214 5298 2474 5354 dictionis
2497 5295 2776 5368 exprimit.

2282 5391 2347 5443 In
2368 5392 2545 5443 monte
2589 5386 2837 5442 Betelini.
2892 5383 2982 5440 Sic
3038 5384 3080 5440 R
3108 5391 3163 5440 et
3188 5382 3242 5453 Ι,
3293 5382 3383 5440 cui
3442 5386 3668 5444 accedit
3728 5389 3828 5444 MS.

2215 5479 2444 5534 Berilini
2465 5494 2479 5542 ;
2514 5474 2569 5543 C,
2600 5475 2795 5531 Belini.

2285 5576 2348 5628 1n
2402 5587 2540 5642 pago
2597 5571 2937 5625 Castricensi.
3003 5568 3094 5624 Sic
3147 5574 3206 5624 et
3255 5568 3401 5624 infra
3457 5571 3645 5640 c.18;
3679 5574 3833 5640 alias,

2213 5670 2273 5720 in
2300 5668 2416 5720 vico
2433 5664 2761 5722 Castricensi
2787 5679 2802 5728 ;
2834 5660 2923 5716 MS
2946 5661 3234 5731 conjunxit
3275 5662 3366 5719 hic
3396 5670 3726 5740 utrumque,
3782 5669 3833 5721 in

2210 5762 2344 5826 vico,
2372 5759 2432 5811 in
2454 5774 2600 5829 pago
2630 5757 2974 5819 Castﬁcensi.
