3972 6206
170 366 276 420 365

783 493 990 549 CAPUT
1035 496 1143 549 XII.

241 603 368 658 Orta
397 603 628 672 denique
656 605 929 657 simultate
964 608 1107 658 inter
1135 624 1313 674 regem
1349 610 1710 678 Chilpericum
1732 616 1780 664 et

165 693 424 747 Karolum
453 694 678 760 praefati
717 695 939 761 Pippini
965 695 1159 762 ﬁlium,
1206 697 1566 766 majoremque
1592 699 1779 752 domus

165 783 598 848 Ragcmfridum.
665 783 756 836 Hic
797 791 879 836 est
923 783 1244 855 Ghipericus
1299 787 1364 852 ll,
1404 786 1570 840 frater
1602 788 1780 859 [)ago-

165 870 305 925 berti
361 873 428 936 ll,
470 873 721 944 obiitque
762 890 910 928 anno
943 876 1066 941 719,
1112 878 1218 942 vel,
1261 884 1318 931 ut
1356 876 1466 939 alii,
1502 878 1622 932 726.
1661 878 1780 932 Haec

163 971 343 1016 autem
401 973 554 1037 gesta
602 972 728 1018 sunt
776 982 922 1021 anno
976 969 1101 1034 717,
1151 975 1209 1021 ut
1257 969 1502 1022 relerunt
1539 970 1776 1027 Annales

162 1056 490 1112 Francorum
551 1075 580 1112 a
630 1061 842 1115 Pitluno
890 1062 1042 1116 editi.
1079 1063 1402 1136 Sigebertus
1445 1073 1496 1120 et
1524 1066 1774 1135 Meyerus

160 1145 409 1201 tribuunt
439 1163 584 1203 anno
613 1149 737 1203 718.
774 1152 1008 1214 Qumstio
1040 1161 1154 1207 erat
1185 1154 1250 1208 de
1281 1155 1583 1210 obtinendo
1617 1155 1772 1225 prin-

159 1237 342 1306 cipatu
391 1238 505 1292 sive
563 1240 876 1313 magisterio
908 1243 1178 1313 equitum,
1226 1255 1282 1298 ut
1323 1253 1405 1299 est
1447 1246 1502 1298 in
1543 1245 1658 1298 Vita
1712 1244 1767 1298 S.

159 1329 461 1403 Rigoberti.
524 1331 656 1384 Nam
711 1331 1050 1404 Chilpericus
1106 1337 1426 1410 magistrum
1483 1341 1768 1410 equitum,

157 1419 269 1473 sive
353 1421 818 1489 majoremdomus
889 1426 1248 1481 constituerat
1321 1428 1463 1482 hunc
1531 1429 1769 1502 Regem-

161 1509 382 1565 fridum.

229 1601 380 1666 Quod
423 1618 526 1655 non
572 1603 655 1656 illi
692 1619 807 1658 eam
850 1607 1008 1673 prius
1050 1609 1303 1675 aperiret.
1365 1606 1452 1660 Sic
1506 1606 1585 1661 CR
1620 1618 1673 1663 et
1719 1609 1766 1663 .l.

154 1693 266 1756 Quo
299 1693 508 1747 accedit
540 1695 686 1764 quod
730 1697 782 1748 in
823 1696 872 1749 Μ
903 1697 1188 1771 legebatur
1219 1701 1486 1764 nonnulli,
1527 1701 1622 1753 sed
1667 1717 1768 1754 non

157 1781 476 1835 transfixum
518 1789 618 1844 est,
654 1792 706 1838 et
760 1785 1005 1839 relictum
1062 1795 1144 1840 est
1201 1789 1340 1841 nulli
1377 1789 1652 1858 quomodo
1685 1791 1762 1844 le-

151 1870 227 1942 git
259 1871 312 1922 S.

220 1959 567 2025 Rigobcrtum
598 1966 891 2028 patronum
921 1978 1098 2029 suum,
1133 1967 1246 2033 qui,
1273 1971 1332 2019 ut
1359 1967 1620 2032 traditur,
1652 1983 1769 2021 cum

154 2047 217 2100 de
258 2048 478 2101 lavacro
533 2054 718 2102 sancto
757 2057 1083 2120 susceperat,
1139 2056 1448 2122 episcopatu
1507 2056 1766 2108 det-urba-

150 2142 243 2194 vit.
290 2140 322 2192 S
371 2140 573 2211 corrigi
611 2142 724 2195 vult
759 2148 1060 2212 patrimi-in,
1098 2163 1284 2200 verum
1309 2148 1531 2202 obstant
1579 2149 1765 2204 omnia

147 2234 502 2304 exemplaria.
571 2235 626 2288 In
680 2236 797 2290 Vita
857 2239 1029 2308 ipsius
1077 2240 1275 2294 dicitur
1319 2243 1371 2298 S.
1431 2244 1759 2318 Rigobertus

147 2344 288 2382 nunc
337 2328 592 2383 Carolum
638 2330 964 2402 baptirasse,
1023 2343 1076 2388 et
1121 2336 1189 2388 de
1238 2352 1393 2391 sacro
1444 2338 1592 2392 fonte
1633 2357 1758 2394 sus-

137 2416 366 2486 cepisse.
436 2418 543 2472 Sed
602 2426 655 2473 et
705 2427 849 2474 recte
895 2430 1241 2492 susceptores
1291 2426 1504 2494 patroni
1559 2427 1756 2481 dicun-

139 2515 238 2562 tur.
310 2511 446 2578 Ejus
501 2511 905 2581 depositionem
966 2516 1032 2567 ab
1102 2517 1441 2587 episcopatu,
1498 2520 1637 2573 sicut
1702 2528 1755 2574 et

140 2597 393 2652 Eucherii
453 2601 880 2662 Aurelianensis,
918 2611 1109 2658 notant
1157 2605 1478 2678 Sigebertus
1509 2618 1562 2663 et
1615 2610 1752 2664 illas-

134 2709 302 2746 saeeus
331 2709 486 2747 anno
507 2694 629 2750 7‘23.

198 2785 270 2836 De
313 2798 427 2853 quo
463 2790 683 2851 patrum
741 2789 946 2854 scripta
1002 2788 1255 2841 relatione
1308 2792 1578 2857 traditur,
1641 2803 1743 2848 etc.

133 2869 353 2927 Historia
417 2873 486 2926 de
543 2873 751 2928 visione
786 2875 839 2928 S.
907 2879 1157 2933 Eucherii
1191 2883 1596 2939 Aurelianensis
1618 2888 1745 2958 epi-

140 2963 284 3033 scopi
362 2963 434 3017 de
513 2973 720 3018 aeterna
784 2967 1135 3024 damnatione
1203 2973 1429 3028 Martelli
1507 2977 1577 3030 ob
1655 2978 1744 3031 in-

136 3068 284 3106 vasas
343 3070 434 3107 res
479 3054 900 3122 ecclesiasticas,
958 3059 1152 3114 iisdem
1203 3062 1315 3117 fere
1358 3067 1537 3121 verbis
1576 3077 1748 3123 exstat

136 3142 187 3196 in
218 3144 478 3214 capitulis
511 3149 918 3217 manuscriptis,
961 3167 1082 3220 quae
1115 3155 1182 3206 ab
1211 3155 1484 3227 episcopis
1524 3161 1748 3229 provin-

133 3233 331 3288 ciarum
369 3235 660 3289 Remensis
711 3244 763 3291 et
804 3238 1261 3312 Rothomagensis
1302 3244 1578 3301 Ludovico
1635 3250 1748 3322 regi

133 3323 288 3377 missa
318 3323 588 3378 fuerunt:
647 3333 836 3396 estque
876 3329 1087 3396 adjecta
1121 3331 1170 3384 in
1232 3335 1376 3388 notis
1416 3335 1484 3388 ad
1545 3353 1746 3392 novum

131 3409 331 3482 Corpus
374 3413 716 3469 Canonicum
749 3420 897 3482 {cura
939 3417 1181 3489 Gregorii
1227 3422 1338 3476 Xlll
1407 3427 1742 3498 recognitum

130 3500 212 3566 16,
259 3518 358 3572 q.1,
415 3517 542 3572 cap.
594 3503 753 3569 Quia.
818 3504 997 3561 Exstat
1052 3508 1179 3562 item
1229 3511 1283 3564 in
1331 3512 1446 3566 Vita
1496 3515 1741 3585 ejusdem

130 3593 181 3646 S.
223 3595 478 3651 Eucherii
508 3597 654 3665 apud
705 3596 924 3651 Surium
956 3615 1144 3655 mense
1200 3603 1500 3670 Februarii,
1544 3609 1745 3678 scripta

127 3701 154 3738 a
205 3696 695 3759 contemporaneo,
749 3699 802 3743 et
854 3689 908 3744 in
957 3693 1072 3747 Vita
1123 3695 1298 3765 ipsius
1356 3699 1410 3753 S.
1462 3700 1742 3772 Rigoberti

128 3776 158 3829 4
179 3777 421 3833 Januarii
447 3797 463 3844 ;
500 3779 552 3832 in
575 3779 776 3851 quibus
802 3784 1062 3839 omnibus
1092 3788 1355 3841 asseritur
1381 3790 1584 3845 dictum
1609 3793 1747 3846 Mar-

126 3870 308 3925 tellum
344 3889 410 3926 ex
469 3888 613 3927 nunc
654 3873 707 3927 in
739 3891 969 3946 corpore
1015 3885 1068 3932 et
1106 3880 1287 3934 anima
1319 3884 1495 3952 poenis
1539 3886 1745 3956 sempi-

126 3964 291 4018 ternis
349 3979 476 4019 esse
517 3965 858 4035 deputatum.
901 3969 1148 4024 Meminit
1188 3972 1435 4040 ejusdem
1494 3976 1743 4032 llincma-

125 4069 209 4108 rus
232 4052 288 4110 in
331 4057 662 4127 praefatione
703 4059 834 4114 Vitae
875 4061 929 4115 S.
965 4062 1220 4135 Remigii,
1280 4074 1333 4120 et
1365 4067 1508 4122 inter
1546 4085 1740 4124 recen-

124 4145 284 4202 tiores
314 4149 522 4203 Paulus
551 4150 812 4207 fEmilius
835 4153 929 4208 lib.
968 4173 1024 4221 ιι,
1074 4157 1148 4209 De
1183 4158 1346 4212 rebus
1372 4161 1541 4232 gestis
1574 4163 1737 4218 Fran-

125 4254 325 4308 corum,
371 4251 426 4297 et
475 4243 664 4298 Petrns
713 4247 982 4318 Despinac
1035 4251 1482 4322 archiepis00pus
1516 4257 1736 4328 Lugdu-

125 4333 306 4386 nensis
378 4334 436 4388 in
514 4337 763 4392 oratione
834 4339 1020 4394 habita
1089 4341 1275 4396 Blossii
1358 4360 1538 4399 coram
1610 4366 1739 4423 rege

123 4419 358 4476 Francia:
416 4423 650 4479 Henrico
704 4427 793 4489 Ill,
840 4444 984 4483 anno
1021 4431 1174 4495 1575,
1228 4441 1286 4486 ut
1327 4436 1482 4489 testis
1536 4419 1739 4496 est

122 4510 315 4566 noldus
374 4514 559 4570 Wion.
593 4515 669 4569 lib
745 4533 802 4570 ιιι
838 4517 991 4592 Ligni
1024 4520 1174 4586 Vitae,
1207 4522 1295 4576 die
1327 4523 1396 4576 20
1429 4525 1726 4584 Februarii.

121 4601 308 4658 Verum
358 4606 449 4660 his
477 4608 802 4662 contradicit
833 4609 1026 4664 Petrus
1072 4611 1317 4669 Pithoeus
1345 4616 1400 4670 in
1457 4617 1732 4677 Glossario

119 4693 506 4763 capitulorum,
558 4696 739 4751 littera
772 4698 832 4763 R,
890 4707 944 4754 et
977 4701 1245 4757 Baronius
1275 4713 1404 4758 tom.
1457 4707 1519 4760 IX
1553 4711 1737 4764 Anna-

117 4779 269 4848 lium,
311 4775 469 4838 anno
496 4785 591 4839 741
625 4803 638 4850 ;
697 4786 860 4858 idque
901 4805 966 4842 ex
1011 4805 1078 4846 eo
1138 4793 1286 4863 quod
1323 4794 1623 4852 Eucherius
1679 4811 1737 4855 ut

121 4877 405 4934 minimum
439 4881 630 4936 decem
663 4884 823 4938 annis
850 4885 1050 4941 obierit
1077 4897 1203 4943 ante
1237 4891 1559 4946 Martellum.
1597 4895 1732 4958 Quin

117 4970 276 5025 etiam
325 4973 486 5028 addit
515 4975 710 5032 Baron.
771 4979 842 5033 de
887 4980 1061 5036 salute
1093 4981 1268 5052 ipsius
1321 4984 1466 5040 bene
1511 5004 1737 5058 speran-

116 5055 243 5113 dum
285 5077 436 5128 esse,
471 5077 538 5118 eo
570 5066 715 5135 quod
749 5069 1130 5138 paenitentiam
1164 5073 1360 5146 egerit.
1397 5055 1551 5139 Quid-
1573 5077 1642 5131 de
1672 5095 1737 5132 ea

115 5163 170 5201 re
228 5149 299 5205 sit
345 5153 667 5209 examinem
707 5157 818 5212 alii.
876 5159 1213 5216 Flodoardus
1264 5162 1498 5218 fideliter
1554 5176 1737 5223 narrat

114 5252 231 5308 quae
296 5257 362 5295 ex
436 5244 659 5315 scriptis
725 5255 938 5317 patrum
1022 5253 1255 5322 accepit,
1329 5271 1450 5326 qua:
1528 5264 1736 5314 temere

112 5329 484 5385 convellenda
524 5349 636 5388 non
695 5344 866 5406 sunt,
931 5346 986 5394 et
1041 5341 1320 5413 praecipue
1377 5345 1731 5401 conciliorum

111 5426 247 5473 acta.

178 5509 349 5578 Cujus
404 5513 466 5565 in
508 5521 834 5572 monasterio
900 5522 958 5576 S.
1021 5523 1286 5577 Trudonis
1338 5526 1619 5580 humatum
1658 5535 1732 5582 est

109 5613 316 5668 corpus.
357 5602 540 5658 Locus
581 5614 664 5660 est
692 5607 749 5662 in
780 5609 1072 5679 Hasbania,
1123 5629 1244 5684 quae
1279 5615 1580 5672 Brabantiae
1613 5636 1736 5688 pars

112 5698 215 5756 est,
248 5692 396 5749 intra
429 5695 699 5764 oppidum
731 5705 904 5758 sancti
932 5705 1228 5771 Trudonis,
1262 5707 1316 5760 in
1348 5723 1458 5779 quo
1488 5713 1738 5781 sepultus

113 5785 194 5832 est
239 5779 294 5836 S.
329 5781 658 5838 Eucherius.
707 5787 826 5843 Haec
868 5791 1143 5846 contrario
1173 5794 1338 5849 modo
1369 5779 1570 5850 Gallice.
1614 5815 1736 5856 ver—

1607 372 1671 424 lN
1712 372 1962 428 LIBRUM
2005 377 2069 430 ll.

1795 1829 1845 1894 B

3389 400 3492 456 366

1811 515 1854 571 Α
1888 505 1949 558 tit
1988 506 2242 563 Nieolaus
2282 510 2566 568 Chesneau
2596 515 2787 572 dicens
2820 536 2832 572 :
2894 537 2914 570 ι
2954 521 3010 574 ln
3067 528 3403 583 monasterio
3432 529 3485 584 S.

1884 601 2132 655 Eucherii
2154 604 2428 672 sepultum
2460 623 2578 662 esse
2611 624 2810 680 corpus
2840 611 2894 665 S.
2927 613 3214 671 Trudonis.
3252 642 3276 663 ››

1952 690 2056 755 Qui
2085 707 2354 758 regressus
2380 698 2588 762 petitur
2627 715 2660 750 (ι
2692 701 2904 764 Milone,
2957 711 3061 757 etc.
3105 705 3160 757 ld
3219 715 3300 760 est
3331 725 3493 779 roga-

1883 788 1986 847 tur,
2037 783 2354 854 requiritur.
2393 787 2481 840 Est
2530 789 2676 842 enim
2740 792 3036 860 passivum,
3097 797 3291 851 eodem
3324 801 3489 856 modo

1881 886 1990 940 quo
2032 888 2196 941 supra
2227 874 2330 928 hoc
2363 875 2503 930 libro
2535 893 2580 931 c.
2618 879 2668 933 3.
2704 882 3010 951 Petitusque
3040 889 3335 940 secretioris
3366 903 3488 942 con-

1876 962 2192 1015 versationis
2225 964 2591 1019 habitaculum
2634 969 2935 1024 conualere.
2976 972 3071 1024 Ubi
3117 984 3307 1027 contra
3365 991 3486 1029 orn-

1877 1047 1968 1101 nia
1997 1051 2327 1119 exemplaria
2360 1055 2499 1107 male
2529 1057 2760 1110 correxit
2792 1059 2847 1122 S,
2886 1065 3237 1130 petentisque.
3282 1065 3487 1120 Sensus

1875 1140 2038 1210 igitur
2093 1151 2176 1196 est
2221 1145 2366 1213 quod
2413 1146 2464 1198 S.
2518 1146 2846 1220 Rigobertus
2893 1151 3057 1206 fuerit
3112 1156 3409 1225 requisitus
3456 1175 3485 1212 a

1874 1228 2089 1283 Milone.

1943 1320 2225 1374 Habitavit
2283 1324 2338 1375 in
2393 1325 2658 1379 Ger-niaca
2695 1332 2838 1382 certe
2887 1334 3117 1399 tempore
3146 1348 3248 1386 non
3290 1350 3482 1402 pauco.

1874 1407 2042 1462 Annis
2091 1410 2157 1462 15
2194 1418 2288 1465 aut
2347 1414 2434 1479 17,
2468 1422 2526 1467 ut
2577 1416 2631 1468 in
2665 1434 2837 1489 marg.
2882 1419 3163 1475 adnotavit
3205 1425 3295 1492 qui
3319 1441 3482 1494 supra

1874 1497 1950 1550 lib
2043 1516 2056 1552 ι
2133 1500 2454 1558 Guillelmus
2505 1505 2573 1559 Le
2651 1508 2872 1581 Begue,
2936 1510 3192 1582 idemque
3259 1513 3483 1568 adnotat

1872 1606 1994 1643 eum
2047 1593 2293 1664 quinque
2339 1603 2430 1649 aut
2469 1604 2681 1667 septem
2739 1600 2899 1653 annis
2939 1603 3216 1658 exsulasse
3267 1604 3319 1657 in
3371 1605 3478 1659 Va-

1870 1685 2076 1738 sconia.

2489 1759 2694 1816 CAPUT
2726 1763 2866 1817 XIII.

1943 1870 2122 1938 Hujus
2180 1872 2320 1926 beati
2389 1879 2636 1942 przesulis
2695 1881 2983 1935 Adrianus
3055 1885 3197 1938 sedis
3262 1893 3477 1954 aposto-

1869 1958 1982 2011 licre
2007 1964 2258 2027 pontifex
2286 1969 2530 2020 meminit
2567 1972 2624 2022 in
2653 1973 2879 2039 epistola
2927 1989 3026 2026 sua
3088 1976 3302 2044 Tilpino
3359 1984 3474 2044 jost

1867 2055 2106 2121 episcopo
2175 2059 2417 2112 Itemensi
2472 2060 2696 2115 directa.
2769 2064 2946 2119 Exstat
3021 2067 3123 2122 hoc
3196 2069 3475 2141 fragmen-

1869 2145 1980 2191 tum
2029 2148 2158 2194 tom.
2204 2145 2272 2196 111
2346 2145 2549 2213 Concil,
2611 2149 2756 2204 inter
2834 2154 3036 2224 scripta
3106 2157 3347 2231 Gregorii
3403 2159 3469 2223 ll,

1865 2226 2030 2301 idque
2077 2231 2276 2286 factum
2337 2247 2417 2289 est
2483 2253 2548 2291 ex
2605 2239 2815 2307 judicio
2877 2244 3091 2298 Baronii
3184 2226 3312 2301 tam.
3376 2249 3468 2317 1X,

1860 2339 2005 2376 anno
2053 2325 2176 2379 717.
2237 2326 2334 2390 Qui
2402 2329 2629 2385 omnino
2682 2334 2820 2388 alter
2873 2337 3215 2401 censuisset,
3275 2341 3318 2392 si
3383 2357 3470 2394 re-

1857 2418 2059 2489 liquam
2096 2428 2300 2490 partem
2331 2423 2576 2491 ejusdem
2608 2427 2875 2497 epistolte,
2909 2448 3030 2502 quae
3061 2433 3298 2487 habetur
3330 2435 3468 2490 infra

1855 2526 1954 2581 cap
2000 2512 2086 2574 16,
2119 2513 2459 2585 perlegisset.
2485 2516 2614 2570 Nam
2642 2519 2768 2573 inde
2791 2521 2951 2590 plane
2978 2525 3323 2580 convincitur
3339 2544 3467 2581 vere

1855 2617 1974 2654 esse
2007 2603 2250 2668 Adriani,
2286 2621 2392 2659 non
2427 2609 2694 2679 Gregorii,
2725 2612 2854 2680 quia
2896 2614 2950 2666 in
2981 2631 3044 2669 ea
3077 2618 3324 2672 meminit
3370 2621 3464 2674 Za-

1853 2693 2053 2747 chariae
2083 2703 2137 2748 et
2192 2694 2455 2766 Stephani
2485 2707 2896 2756 antecessorum
2939 2721 3182 2772 suorum,
3216 2710 3306 2779 qui
3339 2719 3465 2765 sunt

1854 2783 2189 2851 posteriores
2235 2785 2496 2854 Gregorio
2533 2792 2795 2846 secundo.
2844 2793 3043 2849 Poterit
3089 2807 3270 2850 autem
3313 2815 3463 2853 com-

1853 2873 1988 2940 pleri
2026 2874 2138 2927 haec
2161 2877 2394 2944 epistola
2420 2878 2623 2934 additis
2654 2882 2868 2938 duabus
2899 2885 3148 2954 partibus
3170 2904 3290 2958 qua:
3320 2888 3463 2942 infra

1850 2980 1969 3034 cap.
2005 2967 2067 3020 16
2098 2977 2150 3020 et
2171 2967 2235 3022 17
2267 2971 2582 3036 recitantur,
2607 2983 2660 3028 et
2686 2976 2885 3048 corrigi
2911 2977 3193 3034 adnotatio
3215 2981 3462 3035 Severini

1849 3053 2012 3120 Binii,
2033 3055 2123 3125 qui
2147 3064 2298 3112 not-at
2314 3060 2577 3115 mendose
2606 3064 2890 3135 irrepsisse
2913 3069 3060 3136 apud
3080 3069 3296 3123 Surium
3321 3070 3411 3124 die
3430 3072 3464 3124 4

1847 3145 2088 3200 Januarii
2148 3163 2355 3203 nomen
2388 3152 2608 3206 Adriani
2659 3173 2757 3225 pro
2788 3157 3048 3232 Gregorio
3105 3162 3172 3224 Il,
3220 3163 3361 3218 sicut
3411 3172 3466 3218 et

1813 3239 1826 3259 ‘
1851 3240 2102 3295 Nicolaus
2121 3242 2417 3308 Serrarius,
2445 3247 2500 3300 in
2542 3249 2689 3303 notis
2718 3252 2784 3305 ad
2818 3253 2961 3323 epist
3018 3255 3118 3308 ti?
3151 3256 3182 3308 S
3243 3259 3465 3313 Bonifa-

1849 3347 1939 3384 Cll.

1919 3422 2094 3476 Simul
2131 3438 2249 3476 cum
2306 3423 2414 3478 alio
2452 3428 2782 3496 episcopatu.
2831 3430 3097 3488 Videlicet
3131 3435 3460 3508 Trevirensi,

1844 3521 1902 3565 ut
1928 3511 2190 3581 probatur
2216 3530 2280 3567 ex
2313 3515 2471 3585 epist.
2505 3517 2572 3569 16
2596 3517 2890 3587 Hincmari,
2925 3541 3045 3595 cap.
3071 3527 3158 3594 19,
3195 3527 3338 3583 inter
3369 3548 3462 3586 eas

1845 3619 1967 3674 quae
2002 3604 2152 3674 prelo
2195 3621 2407 3660 excusae
2447 3615 2593 3674 sunt,
2655 3620 2708 3666 et
2739 3629 2804 3667 ex
2845 3617 3166 3684 praefatione
3207 3622 3456 3691 ejusdem

1849 3696 2120 3750 llincmari
2163 3697 2216 3750 in
2248 3698 2423 3752 Vitam
2463 3702 2635 3755 sancti
2669 3703 2922 3778 Remigii,
2955 3709 3007 3762 in
3050 3728 3155 3780 qua
3208 3713 3283 3768 ait
3309 3719 3456 3786 quod

1850 3786 1992 3852 Milo,
2035 3787 2102 3840 de
2134 3803 2242 3858 quo
2273 3804 2454 3845 sermo
2495 3801 2596 3858 est,
2627 3794 2907 3867 episeopia
2937 3800 3228 3856 Remorum
3255 3807 3458 3862 acTre-

1846 3876 2082 3930 virorum
2126 3895 2395 3950 usurpans
2429 3882 2670 3951 insimul,
2707 3905 2803 3958 per
2850 3891 3212 3964 quadraginta
3240 3898 3459 3956 circiter

1844 3987 2018 4026 annos
2045 3977 2512 4043 pessumdederit.

2464 4070 2670 4128 CAPUT
2700 4076 2828 4131 XIV.

1912 4166 2140 4218 Decessit
2181 4162 2266 4229 (S.
2323 4166 2662 4238 Rigobertus)
2709 4173 2892 4238 pridie
2951 4178 3131 4232 Nonas
3176 4184 3449 4245 Januarii.

1837 4257 2090 4311 Additum
2123 4264 2204 4311 est
2236 4257 2285 4310 in
2332 4274 2444 4313 uno
2484 4263 2782 4331 exemplari
2827 4267 2880 4320 in
2917 4273 3202 4344 margine:
3241 4299 3265 4328 ‹‹
3298 4281 3452 4338 Anno

1843 4347 2236 4402 incarnationis
2268 4348 2564 4404 llominicaa
2594 4351 2816 4409 circiter
2845 4361 3343 4435 septingentesimo
3373 4391 3454 4429 se-

1842 4438 2180 4508 ptuagesimo
2211 4439 2390 4494 tertio.
2436 4460 2463 4488 π
2493 4442 2620 4505 Qua)
2652 4445 2819 4500 verba
2846 4448 2952 4516 MS,
2979 4451 3040 4505 Cl
3077 4471 3181 4510 non
3227 4461 3451 4535 habent,

1759 4558 1812 4625 υ
1840 4533 1942 4589 etsi
1978 4532 2284 4588 habeantur
2310 4534 2361 4587 in
2397 4535 2512 4589 Vita
2542 4537 2686 4605 apud
2721 4540 2962 4609 Surium,
2999 4563 3060 4600 ex
3102 4567 3207 4619 qua
3236 4532 3453 4628 sumpta

1840 4629 1969 4676 sunt
2011 4623 2271 4693 pleraque
2307 4640 2427 4694 qua:
2469 4624 2522 4678 in
2555 4625 2655 4679 hac
2701 4628 2935 4686 Historia
2968 4635 3035 4689 de
3086 4655 3150 4693 eo
3185 4623 3453 4704 hactenus

1839 4717 2008 4771 relata
2054 4726 2200 4772 sunt.
2260 4719 2489 4773 Additur
2536 4737 2757 4793 quoque
2805 4724 2856 4777 in
2902 4727 3038 4794 Vita,
3073 4731 3138 4786 ad
3190 4741 3450 4807 majorem

1839 4807 2106 4875 temporis
2159 4808 2565 4872 certitudinem,
2603 4810 2903 4868 indictione
2961 4827 3149 4875 octava
3181 4841 3304 4880 eum
3351 4831 3454 4885 ob-

1838 4896 1988 4950 iisse.
2040 4896 2219 4952 Exstat
2244 4901 2388 4969 apud
2431 4902 2644 4955 Surium
2680 4903 2768 4959 die
2811 4907 2844 4960 -1
2881 4907 3139 4966 Januarii.
3194 4917 3309 4981 Quo
3362 4923 3451 4979 die

1839 4985 1958 5053 ejus
1997 4984 2194 5059 legitur
2231 4989 2498 5043 memoria
2530 4991 2583 5044 in
2614 4992 2859 5051 Romano
2907 4997 3313 5077 Martyrologio,
3343 5017 3448 5064 tam

1839 5078 1979 5132 Petri
2030 5078 2288 5133 Galesinii
2329 5099 2489 5152 quam
2533 5086 2772 5143 Baronii.
2819 5091 3018 5146 Eodem
3048 5111 3270 5167 quoque
3302 5102 3392 5156 die
3424 5121 3452 5157 a

1837 5167 2051 5222 Molano
2097 5168 2316 5223 additus
2371 5179 2452 5226 est
2481 5172 2746 5232 Usuardo.
2792 5178 2991 5234 Scribit
3022 5181 3230 5239 ibidem
3289 5189 3452 5247 Baro-

1839 5255 1963 5308 nius
1992 5255 2048 5308 in
2068 5255 2214 5310 notis
2245 5271 2368 5310 eum
2400 5261 2720 5328 pervenisse
2749 5283 2921 5338 usque
2961 5271 3025 5323 ad
3071 5281 3314 5345 tempora
3350 5279 3453 5334 Ha-

1838 5343 2014 5396 driani
2048 5359 2224 5413 papa),
2255 5345 2371 5415 qui,
2407 5347 2604 5418 inquit,
2642 5351 2760 5421 ipso
2804 5356 3086 5429 defuncto,
3117 5343 3320 5431 rejecto
3354 5369 3450 5424 Mi—

1835 5432 1984 5498 lone,
2039 5432 2091 5486 in
2121 5433 2300 5488 locum
2353 5436 2472 5503 ejus
2515 5438 2833 5513 subrogavit
2865 5447 3188 5521 Turpinum,
3240 5467 3299 5512 ut
3337 5462 3456 5529 ejus

1835 5535 1956 5580 acta
1981 5534 2264 5582 testantur.
2301 5531 2453 5595 Quod
2481 5534 2766 5592 conformo
2806 5549 2888 5594 est
2920 5545 3028 5598 illis
3060 5567 3180 5620 quin
3208 5553 3277 5607 de
3309 5572 3454 5613 anno

1838 5621 2021 5676 obitus
2061 5623 2234 5694 ipsius
2252 5625 2396 5681 dicta
2417 5636 2563 5682 sunt.
2608 5631 2737 5685 Nam
2772 5635 3039 5692 Adrianus
3069 5647 3265 5703 sedere
3288 5654 3458 5724 ρωρὶι

1837 5730 1985 5770 anno
2019 5717 2142 5773 772.
2177 5718 2426 5776 Meminit
2449 5721 2698 5790 ejusdem
2737 5728 3063 5800 Sigebertus
3093 5737 3150 5790 in
3189 5717 3457 5802 Chronico

1836 5822 1981 5864 anno
2031 5812 2156 5878 723,
2196 5830 2304 5884 quo
2333 5833 2456 5870 eum
2513 5819 2646 5876 dicit
2676 5822 2744 5877 ab
2779 5823 3101 5896 episcopatu
3143 5831 3456 5902 depositum
