3972 6206
529 345 631 402 367

1360 345 1753 401 COLVENERII
1796 347 2070 401 SCIIOLIA
2112 346 2176 399 IN
2218 347 2385 403 HIST.
2427 347 2691 403 REMENS
2758 347 3017 403 ECCLES.

3777 355 3865 410 368

522 489 620 527 seu
651 473 908 540 ejectum.
955 471 1084 536 Quae
1117 472 1161 524 si
1210 488 1337 526 vera
1394 483 1539 533 sunt.
1608 483 1826 544 Oportet
1863 490 1986 528 eum
2042 489 2139 527 an-
2170 478 2218 543 Α
2245 474 2313 529 de
2344 490 2411 529 eo
2435 475 2580 529 idem
2622 474 2868 529 Molanus
2900 475 2955 528 in
3012 473 3293 530 Natalibus
3322 473 3414 529 SS.
3459 475 3665 551 Belgii,
3712 480 3864 532 ascri-

527 567 613 621 nis
638 567 707 619 50
734 566 1037 620 exsulasse.
1083 566 1275 619 Verum
1311 567 1629 622 Franciscus
1669 568 1887 621 llaraeus
1917 568 1973 621 in
2008 565 2144 619 Vitis

526 659 849 712 Sanctorum
881 674 909 710 a
965 674 1024 709 se
1068 658 1230 710 editis
1263 658 1415 726 ponit
1466 675 1588 711 eum
1640 659 1846 711 obiisse
1880 660 2022 713 circa
2052 673 2145 710 an-

523 766 652 803 num
697 750 825 811 738,
867 750 965 802 hac
999 749 1250 818 apposita
1302 750 1657 804 adnotatione
1683 761 1804 819 post
1845 750 2015 804 Vitam
2051 750 2140 819 ip-

524 841 675 895 sius:
725 861 744 887 ι
802 841 1113 894 Ponehatur
1163 840 1370 893 obiisse
1431 856 1575 895 anno
1622 841 1815 894 Christi
1874 840 1997 903 775,
2043 840 2142 892 sed

524 935 752 991 omnino
784 950 936 989 error
965 934 1182 987 videtur
1211 951 1329 989 esse
1362 935 1415 988 in
1451 936 1709 989 numeris.
1745 936 1949 1004 Nempe
1996 935 2140 988 Mar-

526 1027 688 1081 tellus
713 1026 989 1095 princeps.
1022 1042 1184 1096 quem
1216 1026 1307 1079 ille
1340 1027 1635 1097 episeOpus
1669 1043 1901 1097 puerum
1935 1025 2140 1096 baptis-

527 1129 670 1174 mate
693 1120 888 1184 abluit,
912 1119 1052 1173 obiit
1078 1120 1588 1191 quinquagenarius
1619 1136 1764 1175 anno
1787 1120 1976 1174 salutis
1997 1120 2092 1174 741
2126 1138 2139 1181 ;

523 1212 713 1282 sicque
770 1211 1053 1264 debuisset
1100 1217 1321 1263 sanctus
1380 1211 1707 1283 Rigobertus
1757 1212 2137 1280 episcopatum

523 1304 757 1372 gessisse
787 1302 1016 1375 integris
1044 1302 1323 1374 octoginta
1348 1304 1527 1357 annis.
1567 1304 1888 1377 Sigehertus
1919 1317 2140 1373 quoque

527 1393 825 1447 llistoricus
866 1394 1031 1447 refert
1063 1410 1186 1446 eum
1221 1409 1366 1447 anno
1426 1395 1495 1447 ‘23
1539 1394 1685 1447 illius
1717 1394 1903 1449 surculi
1936 1410 1965 1446 a
1992 1393 2136 1446 Mar-

526 1484 654 1538 tello
677 1484 997 1554 episcopatu
1032 1485 1269 1554 pulsum.
1305 1485 1455 1539 Adde
1478 1487 1625 1556 quod
1653 1488 1827 1541 solum
1862 1499 2137 1539 memore-

527 1590 612 1634 tur
642 1580 841 1632 vixisse
869 1580 970 1633 sub
1009 1580 1095 1633 his
1132 1580 1307 1634 tribus
1348 1581 1593 1654 regibus,
1627 1581 2002 1646 Childeberto,
2036 1580 2138 1634 Da-

526 1675 774 1745 goherto,
815 1683 869 1728 et
900 1674 1232 1744 Chilperico,
1282 1692 1513 1745 quorum
1559 1687 1868 1746 postremus
1906 1683 2051 1730 certe
2080 1674 2133 1727 in

526 1767 659 1819 vivis
690 1782 809 1818 esse
850 1765 1014 1818 desiit
1054 1781 1199 1818 anno
1245 1766 1371 1817 7:27.
1408 1766 1594 1836 Itaque
1645 1766 1893 1835 suspicor
1926 1764 2136 1835 pridem

530 1878 626 1929 pro
654 1877 818 1913 xxxiii
840 1861 1196 1913 substitutum
1224 1877 1403 1923 uxm,
1438 1870 1495 1913 ut
1518 1878 1661 1915 anno
1686 1862 1752 1913 33
1773 1861 1919 1913 illius
1940 1859 2146 1923 StPCllll,

528 1968 635 2004 non
672 1953 758 2013 73,
787 1960 1008 2005 sanctus
1040 1950 1372 2023 ltigobcrtus
1410 1962 1637 2004 mortem
1695 1951 1913 2005 obicrit.
1955 1975 1977 1997 υ
2020 1950 2141 2003 Ilzec

528 2044 746 2095 llarams
777 2042 907 2095 satis
941 2061 951 2111 ξ
979 2041 1320 2096 robabiliter.

1156 2160 1366 2214 CAPUT
1398 2161 1500 2213 XV.

602 2278 659 2329 In
711 2290 911 2344 pagum
951 2272 1455 2338 Veromandmwem,
1495 2272 1569 2324 ad
1598 2272 2141 2327 villamNemincum.

524 2372 549 2424 .l
593 2374 934 2425 Mcmuicum.
996 2368 1054 2421 ln
1088 2370 1192 2422 hoc
1223 2375 1394 2421 tractu
1455 2367 1883 2420 Veromandensi
1916 2366 2146 2439 insignis

525 2475 605 2518 est
638 2465 828 2517 civitas
858 2465 912 2517 S.
939 2461 1206 2528 Quintini,
1241 2477 1349 2515 non
1377 2463 1565 2531 procul
1595 2480 1624 2516 a
1656 2462 1965 2516 Cameraco.

597 2559 716 2609 Ilaec
745 2557 981 2622 pretiosa
1022 2554 1147 2606 illuc
1177 2554 1361 2606 delata
1393 2554 1653 2619 membra,
1688 2554 1794 2617 MS,
1825 2554 1874 2620 J,
1898 2569 2141 2615 munera,

524 2648 802 2717 quomodo
833 2656 885 2699 et
917 2646 970 2699 C.
1008 2646 1169 2698 vertit
1210 2645 1262 2698 in
1296 2646 1500 2699 GalliCo
1530 2664 1543 2708 ;
1574 2646 1668 2699 sed
1702 2646 1808 2699 alia
1839 2647 1999 2700 lectio
2030 2663 2148 2699 me-

524 2737 628 2791 lior
658 2744 759 2799 est,
794 2753 953 2806 quam
989 2736 1152 2805 paulo
1184 2743 1307 2807 post
1340 2735 1544 2789 habent
1576 2736 1763 2789 omnia
1788 2735 2141 2805 exemplaria.

590 2834 697 2886 Nec
727 2832 942 2899 longum
984 2837 1104 2901 post
1140 2834 1271 2897 haec,
1325 2838 1425 2885 etc.
1464 2830 1585 2884 Haec.
1616 2838 1698 2885 est
1740 2841 1933 2901 quarta
1965 2839 2141 2886 trans-

521 2923 648 2977 latio
689 2924 743 2977 S.
785 2924 1094 2997 Rigoberti,
1130 2923 1270 2979 facta
1303 2923 1371 2977 ab
1403 2923 1646 2979 Herivazo
1695 2924 2139 2994 archiepiscopo,

520 3015 587 3069 de
620 3033 729 3088 qua
750 3016 892 3071 infra
922 3017 1020 3071 lib.
1060 3034 1134 3083 ιν,
1156 3034 1203 3072 c.
1232 3018 1316 3071 13.

1140 3128 1346 3183 CAPUT
1372 3128 1503 3183 XVI.

588 3234 841 3300 Quamvis
871 3250 986 3289 eum
1007 3235 1229 3304 quidam
1261 3236 1697 3306 chorepiscopum
1725 3241 1938 3292 tantum
1963 3238 2135 3304 fuisse
2166 3231 2214 3297 (ἶ

519 3326 764 3380 tradunt.
791 3326 955 3392 Alias,
977 3330 1359 3398 coepiscopum.
1390 3328 1495 3382 Sed
1527 3346 1657 3383 vera
1683 3330 1845 3384 lectio
1877 3338 1960 3384 est
1984 3331 2137 3384 chor-

514 3424 838 3491 episcopum.
888 3422 1026 3477 Dicti
1066 3431 1193 3477 sunt
1232 3424 1613 3495 chorepismpi
1647 3433 1858 3495 aXo'ipa
1882 3442 2003 3496 qum
2037 3442 2136 3479 vox

515 3512 715 3568 Graecis
734 3516 1021 3581 regionem,
1046 3516 1130 3569 vel
1154 3532 1345 3583 agrum
1362 3515 1660 3588 significat,
1686 3516 1842 3587 quasi
1866 3524 2133 3571 certarum

514 3602 959 3675 regiuncularum
988 3603 1042 3657 in
1058 3605 1541 3675 qualibetdiaaccsi
1560 3605 1957 3675 speculatores.
1984 3606 2135 3670 Quod

513 3693 755 3749 officium
787 3694 840 3749 in
864 3711 960 3749 eos
983 3695 1076 3766 qui
1117 3695 1513 3758 archidiaconi,
1571 3697 2050 3768 archipresbyteri,
2085 3704 2137 3751 et

515 3784 709 3837 decani
732 3784 960 3848 rurales,
980 3791 1032 3837 et
1049 3784 1243 3837 decani
1258 3782 1676 3840 Christianitatis
1687 3787 1853 3841 hodie
1871 3795 2138 3841 vocantur

513 3878 749 3931 maxime
781 3883 1096 3946 competere
1137 3876 1369 3930 videtur.
1413 3876 1734 3933 Hincmarus
1766 3878 1905 3933 infra
1929 3879 2025 3933 lib.
2050 3896 2130 3939 ιιι,

510 3986 630 4040 cap.
654 3970 744 4027 “.22.
778 3968 1039 4022 vicarium
1073 3969 1393 4040 episcopum
1424 3985 1455 4024 a
1480 3972 1602 4026 vico
1635 3972 1778 4026 idem
1810 3987 2010 4026 nomen
2044 3972 2132 4026 in—

508 4069 858 4131 terpretatur.
904 4060 1056 4114 Unde
1088 4070 1144 4115 et
1191 4062 1394 4117 Gallice
1430 4064 1687 4119 Nicolaus
1718 4065 2003 4119 Chesneau
2043 4066 2129 4119 in-

506 4160 837 4223 terpretatur
903 4152 1007 4207 hoc
1058 4153 1180 4209 loco
1236 4163 1290 4209 et
1334 4156 1496 4221 infra,
1530 4159 1701 4225 doyen
1760 4159 1935 4211 rural.
1989 4159 2047 4211 In
2082 4159 2129 4212 M

508 4243 772 4312 scriptum
833 4240 935 4295 fuit
988 4246 1403 4313 corepiscopum,
1457 4245 1553 4299 sed
1614 4245 1794 4300 littera
1842 4262 1872 4299 ν
1924 4247 2131 4301 recenti

508 4351 674 4389 manu
708 4335 775 4388 ab
830 4334 1018 4405 aliquo
1049 4336 1305 4406 imperito
1350 4338 1530 4392 deleta
1566 4348 1665 4405 est,
1720 4339 1786 4393 ad
1820 4338 2129 4394 faciendum

506 4428 891 4496 coepiscopum.
929 4426 1084 4490 Quod
1117 4436 1300 4488 autem
1336 4428 1468 4483 Α1)‹·Ι
1499 4446 1627 4486 vere
1657 4430 1820 4486 fuerit
1841 4431 2131 4486 Remensis

506 4518 956 4617 archiepiseOpps
990 4516 1333 4572 sufficienter
1362 4518 1557 4589 probat
1590 4521 1692 4575 hoc
1727 4537 1846 4590 cap.
1870 4519 2206 4617 Flodoar-D

506 4607 624 4660 dus.
664 4606 861 4660 Eodem
891 4604 1017 4659 facit
1045 4615 1098 4659 et
1129 4606 1263 4660 illud
1289 4608 1436 4677 apud
1467 4608 1687 4663 Surium
1722 4609 1777 4662 in
1805 4608 1923 4662 Vita
1954 4609 2130 4664 sancti

504 4694 811 4769 Rigoberti,
836 4693 931 4748 ubi
960 4694 1164 4748 dicitur
1189 4696 1339 4766 quod
1369 4696 1692 4752 Hincmarus
1716 4697 1883 4752 fuerit
1904 4698 2134 4768 quintus

503 4803 536 4841 a
597 4795 787 4840 sancto
842 4784 1140 4857 Rigoherto
1206 4786 1501 4841 Remorum
1546 4787 2015 4859 archiepiscopus.
2076 4784 2132 4841 Si

504 4878 652 4932 enim
696 4893 807 4932 non
840 4884 1269 4931 connumeretur
1317 4879 1407 4934 hic
1445 4880 1588 4933 Abel
1649 4880 1868 4936 nonnisi
1902 4891 2130 4953 quartus

502 4972 625 5025 erit.
663 4971 769 5025 Cur
798 4977 981 5023 autem
1006 4984 1034 5022 a
1067 4969 1401 5039 quibusdam
1424 4972 1872 5042 prsetermittatur
1901 4973 1953 5027 in
1979 4979 2129 5027 cata-

2245 568 2385 623 bens
2428 567 2478 623 ei
2509 567 2727 622 titulum
2780 566 3071 621 Remensis
3096 566 3529 639 archiepiscopi,
3564 576 3623 623 et
3676 568 3735 623 in
3764 572 3863 623 suis

2245 658 2642 732 Martyrologiis
2693 658 2880 712 Petrus
2913 658 3224 713 Galesinius
3264 665 3321 712 et
3364 658 3645 714 Arnoldus
3694 660 3861 715 Wion.

2247 751 2381 802 Item
2413 747 2747 803 Trithemius
2775 747 2883 801 lib.
2910 764 2966 800 ιιι
2999 748 3073 801 De
3099 748 3229 802 viris
3259 747 3427 802 illust.
3456 748 3676 803 ordinis
3705 752 3863 803 sancti

2246 840 2549 896 Benedicti.
2592 854 2710 910 cap.
2762 839 2889 901 298,
2923 848 2977 893 et
3018 838 3113 893 lib.
3151 856 3221 903 iv,
3277 855 3397 911 cap.
3432 841 3558 895 118.
3610 839 3735 905 Quo
3762 842 3866 895 loco

2245 936 2441 991 scribit
2468 934 2668 989 festum
2709 934 2828 1002 ejus
2854 934 2941 1010 agi
2965 949 3116 989 nono
3146 932 3420 988 Kalendas
3450 932 3733 988 Octobris.
3766 934 3863 988 Fuit

2247 1026 2467 1080 natione
2491 1024 2710 1079 Scotus.

2316 1116 2621 1171 Grimonem
2652 1115 2711 1166 in
2753 1115 2971 1166 civitate
3008 1126 3128 1181 qua;
3174 1111 3381 1165 dicitur
3408 1110 3707 1166 Rodomus.
3741 1110 3789 1165 Β
3825 1122 3866 1164 et

2242 1211 2390 1265 aliud
2458 1209 2735 1278 exemplar
2778 1207 3028 1262 Rodomis
3072 1221 3171 1276 pro
3203 1220 3312 1277 quo
3361 1204 3416 1259 S.
3470 1214 3527 1260 et
3566 1204 3619 1259 .l.
3672 1204 3867 1259 substi-

2247 1307 2471 1354 tuerunt
2499 1298 2884 1363 Rothomagus,
2927 1295 3177 1363 ejusdem
3219 1294 3457 1349 civitatis
3494 1310 3733 1359 nomen,
3767 1311 3867 1365 qua

2242 1387 2404 1441 etiam
2438 1387 2686 1441 Rodoma
2709 1384 2928 1439 dicitur.
2964 1384 3097 1437 Vide
3128 1383 3374 1438 adnotat.
3411 1382 3622 1437 Nicolai
3647 1382 3866 1437 Serrarii

2240 1477 2306 1531 ad
2340 1476 2627 1547 epistolam
2658 1474 2762 1529 M3
2787 1473 2962 1527 sancti
2992 1472 3280 1527 Bonifacii.
3324 1473 3433 1527 Sed
3465 1488 3578 1527 non
3612 1474 3796 1543 probo
3822 1482 3865 1525 ut

2240 1583 2337 1636 pro
2369 1564 2651 1620 veteribus
2682 1578 2821 1616 nova
2868 1561 3114 1625 nomina,
3148 1561 3401 1632 quamvis
3434 1561 3693 1626 notiora,
3727 1577 3866 1631 repo-

2240 1665 2458 1720 nantur,
2497 1654 2624 1725 quia
2677 1653 2776 1706 hac
2824 1653 3034 1707 ratione
3087 1652 3226 1721 perit
3254 1651 3453 1706 notitia
3500 1651 3861 1723 antiquitatis.

2240 1743 2328 1798 Sic
2355 1754 2408 1798 et
2433 1742 2571 1797 infra
2593 1741 2688 1795 lib.
2727 1759 2798 1807 IV,
2831 1757 2950 1811 cap.
2980 1739 3069 1804 31,
3096 1740 3282 1795 omnia
3311 1738 3665 1810 exemplaria
3692 1741 3863 1815 legunt

2177 1834 2488 1905 BRodomi,
2530 1832 2634 1886 nisi
2675 1832 2825 1902 quod
2880 1830 2951 1884 ibi
2998 1830 3033 1883 Ο
3084 1828 3280 1883 vitiose
3331 1829 3465 1902 legit
3512 1830 3777 1894 Rodom’i,
3824 1846 3866 1883 et

2242 1928 2536 2000 utrobique
2572 1926 2774 1980 Gallice
2803 1925 3036 1978 vertitur
3070 1926 3269 1979 Rouen.
3302 1920 3484 1977 Utitur
3529 1938 3600 1976 ea
3632 1924 3867 1993 appella-

2243 2026 2392 2087 tione
2425 2021 2752 2094 Sigebertus
2774 2034 2922 2073 anno
2952 2018 3048 2071 751
3081 2034 3095 2070 :
3127 2041 3151 2062 ιι
3187 2016 3492 2089 Remigius,
3525 2017 3741 2088 inquit,
3766 2018 3866 2087 Pip-

2244 2116 2360 2186 pini
2381 2114 2526 2186 regis
2554 2114 2739 2175 frater,
2774 2110 3140 2165 Rodomensis
3158 2108 3620 2180 archiepiscopus
3638 2109 3699 2163 in
3716 2109 3869 2164 Gallia

2246 2208 2434 2263 claret.
2511 2233 2528 2249 -
2575 2205 2665 2258 Est
2697 2212 2878 2257 autem
2940 2203 3031 2256 hic
3060 2201 3244 2256 Grimo
3275 2201 3581 2255 vicesimus
3609 2204 3868 2272 septimus

2246 2294 2705 2365 Rothomagensis
2726 2292 3178 2363 archiepiscopus
3198 2290 3255 2344 in
3275 2289 3477 2344 tabulis
3496 2290 3862 2351 Democharis,

2248 2385 2484 2439 Roberto
2513 2385 2846 2457 subrogatus
2874 2398 3021 2437 anno
3052 2381 3177 2437 733.

2321 2477 2556 2528 Tertium
2587 2475 2819 2543 denique
2834 2473 3184 2527 Hui-lbertam
3213 2472 3271 2523 in
3296 2471 3519 2523 civitate
3534 2486 3661 2540 quae
3685 2472 3867 2524 dicitur

2246 2569 2488 2624 Sennm's.
2525 2567 2616 2620 Sic
2648 2566 2683 2620 C
2732 2574 2787 2620 et
2814 2565 2863 2619 .l.
2922 2566 2987 2618 At
3017 2554 3125 2628 MS,
3183 2564 3561 2619 Hartbertum.
3599 2566 3658 2617 In
3722 2564 3866 2619 tomis

2249 2656 2615 2711 Conciliorum
2656 2656 2965 2719 Artbertus,
3008 2654 3063 2707 in
3095 2652 3297 2707 tabulis
3327 2653 3591 2706 Democh.
3626 2654 3862 2708 Otbertus

2246 2748 2360 2801 sive
2387 2748 2697 2801 Ochibertus
2726 2745 3024 2800 cardinalis
3051 2760 3196 2799 anno
3227 2743 3331 2798 ’762
3357 2763 3372 2811 ;
3413 2752 3616 2815 estque
3648 2760 3863 2798 numero

2247 2837 2559 2893 tricesimus
2589 2845 2793 2891 sextus.
2830 2836 3000 2891 Porro
3034 2852 3099 2889 ex
3139 2835 3225 2889 his
3263 2851 3386 2906 quae
3428 2835 3516 2889 hic
3542 2835 3785 2889 citantur
3810 2850 3863 2887 ex

2243 2932 2460 2986 duabus
2497 2930 2765 2985 Zachariae
2799 2930 3049 3000 epistolis
3071 2945 3183 2985 non
3216 2946 3391 3000 pauca
3420 2937 3691 3000 poterunt
3722 2930 3862 2983 resti-

2242 3022 2319 3077 tui
2347 3022 2404 3076 in
2437 3022 2601 3077 tomis
2630 3022 2797 3093 epist.
2831 3021 3213 3088 decretalium,
3244 3028 3300 3076 et
3330 3029 3464 3076 tom.
3496 3019 3799 3076 IlIConcil.

2844 3127 3053 3182 CAPUT
3088 3127 3245 3182 XVII.

2312 3226 2383 3278 De
2427 3225 2644 3292 Ἰϊίρίηο
2672 3225 2935 3293 episcopo.
2983 3222 3064 3276 Ita
3093 3229 3411 3278 constanter
3456 3223 3652 3278 omnia
3682 3240 3861 3279 exem-

2245 3316 2438 3387 plaria.
2473 3316 2574 3370 Alii
2606 3324 2858 3371 auctores
2912 3323 3112 3370 vocant
3141 3313 3400 3369 absolu‘e
3439 3314 3752 3385 Turpinum
3780 3324 3862 3371 aut

2238 3406 2504 3460 Joannem
2538 3406 2862 3475 Turpinum.
2894 3405 3076 3460 Exstat
3120 3404 3241 3473 ejus
3273 3403 3499 3458 nomine
3533 3404 3769 3460 historia
3800 3408 3861 3457 de

2239 3499 2355 3553 Vita
2398 3498 2572 3553 Caroli
2622 3497 2801 3572 Magni
2869 3507 2925 3551 et
2980 3495 3217 3552 Rolandi
3248 3538 3263 3561 ,
3304 3496 3545 3551 tametsi
3616 3497 3859 3567 Papirius

2240 3588 2524 3642 Massonus
2554 3587 2650 3641 lib.
2689 3604 2722 3641 ιι
2749 3587 3042 3641 Annalium
3070 3586 3399 3641 Francorum
3432 3584 3724 3641 existimet
3761 3602 3858 3640 non

2238 3693 2363 3731 esse
2396 3677 2589 3747 ipsius,
2613 3675 2709 3730 sed
2735 3675 2975 3730 hominis
3004 3675 3189 3737 otiosi.
3221 3674 3314 3747 qui
3348 3672 3571 3728 fabulas
3601 3674 3727 3729 illas
3753 3682 3860 3745 post

2236 3770 2410 3825 Caroli
2428 3769 2575 3824 Calvi
2590 3768 2883 3839 imperium
2904 3766 3199 3837 descripsit
3215 3766 3270 3820 in
3283 3766 3514 3839 gratiam
3531 3766 3859 3834 juventutis.

2239 3862 2388 3916 Idem
2420 3869 2569 3916 recte
2605 3860 2768 3916 docet
2795 3858 3068 3923 Antonius
3115 3858 3451 3913 Possevinus
3498 3858 3557 3912 in
3592 3862 3855 3930 Apparatu

2233 3968 2409 4016 sacro,
2435 3953 2490 4006 in
2522 3952 2771 4006 TILPINO.

2303 4046 2379 4096 De
2405 4042 2746 4095 ordinatione
2764 4040 2999 4108 episcopi
3025 4037 3374 4104 nomineLul,
3411 4042 3628 4092 sancta.v
3646 4040 3861 4106 Mogun-

2233 4134 2359 4185 tina?
2409 4130 2681 4184 Ecclesiae.
2733 4127 2822 4181 Sic
2860 4127 3047 4182 omnia
3096 4132 3287 4181 vetera
3348 4127 3718 4196 exemplaria,
3768 4141 3857 4196 pro

2235 4239 2343 4294 quo
2391 4223 2425 4276 S
2457 4221 2563 4276 etJ
2604 4221 2753 4275 Lulli
2804 4219 3231 4275 substituerunt.
3262 4217 3365 4273 Sed
3397 4217 3452 4271 in
3503 4220 3675 4274 tomis
3716 4219 3852 4274 Con-

2233 4314 2487 4369 ciliorum
2515 4328 2663 4383 saepe
2689 4312 2792 4366 Lul
2820 4311 3148 4381 appellatur,
3179 4324 3242 4364 ac
3270 4308 3601 4364 nominatim
3626 4311 3855 4383 epistola

2232 4406 2301 4459 12
2320 4404 2591 4460 Zachariae
2622 4419 2800 4475 papae,
2829 4402 2993 4458 sicuti
3027 4407 3082 4457 et
3121 4401 3178 4455 in
3199 4401 3451 4472 epistolis
3480 4404 3665 4458 sancti
3698 4405 3851 4459 Boni-

2232 4497 2376 4552 facii.
2412 4497 2530 4551 Fuit
2575 4496 2663 4551 hic
2712 4496 2907 4550 beatus
2946 4494 3137 4549 Lullus
3181 4495 3236 4549 S.
3272 4492 3545 4548 Bonifacii
3609 4498 3851 4566 martyris

2230 4605 2536 4655 successor,
2569 4597 2623 4644 et
2660 4588 2940 4644 secundus
2966 4587 3415 4657 archiepiscOpus
3475 4586 3847 4662 Moguntinus.

2300 4679 2643 4736 Novitiacum
2695 4679 2753 4731 in
2800 4692 2945 4747 pago
2992 4678 3229 4732 Urtinse.
3278 4674 3315 4730 G
3366 4678 3617 4744 Ursiuce,
3675 4679 3703 4732 J
3761 4680 3848 4733 Ur-

2233 4773 2394 4826 cinse.

2826 4857 3035 4913 CAPUT
3065 4856 3251 4912 XVIII.

2298 4976 2496 5030 Missus
2526 4975 2830 5029 dominicus
2860 4973 2935 5026 ad
2979 4977 3125 5027 recta
3155 4973 3378 5042 judicia
3428 4974 3843 5032 deteminandu

502 5060 628 5134 logo
656 5057 1015 5113 Remensium
1057 5058 1621 5133 archiepiscoporum,
1656 5063 1923 5118 rationem
1952 5062 2126 5118 habe-
2224 5064 2413 5125 fuerat
2437 5068 2562 5119 ante
2586 5065 2952 5133 episcopatum
2981 5063 3324 5117 constitutus.
3356 5060 3558 5117 Missus
3588 5064 3645 5119 id
3680 5075 3765 5121 est
3781 5066 3847 5119 le-

501 5168 624 5206 mus
671 5168 737 5205 ex
791 5151 856 5205 iis
898 5168 1019 5223 quae
1078 5154 1314 5209 citantur
1353 5169 1415 5207 ex
1467 5155 1701 5226 epistola
1743 5155 1963 5208 Adriani
2020 5156 2125 5212 hoc
2225 5165 2399 5233 gatus.
2442 5157 2725 5227 Frequens
2755 5163 2837 5210 est
2885 5156 3179 5210 missorum
3218 5155 3429 5210 mentio
3482 5157 3538 5210 in
3585 5157 3842 5231 Capitulis

500 5256 645 5311 cap.,
688 5240 819 5310 quia
859 5241 957 5294 etsi
1004 5241 1077 5295 ibi
1118 5244 1450 5298 constitutus
1479 5244 1550 5298 sit
1580 5244 1895 5315 episcopus,
1939 5252 2120 5299 tamen

2224 5248 2397 5304 Caroli
2428 5247 2605 5320 Magni
2637 5253 2691 5300 et
2721 5245 2980 5300 Ludovici
3027 5243 3128 5308 Pii,
3186 5258 3419 5316 quorum
3460 5244 3719 5301 officium
3753 5250 3843 5302 hoc

500 5336 576 5390 ibi
635 5348 958 5406 permanere
992 5337 1293 5407 permissus
1351 5354 1460 5394 non
1502 5338 1622 5405 fuit,
1672 5340 1908 5411 ideoque
1960 5342 2121 5398 rediit
2220 5338 2402 5408 capite
2442 5335 2790 5391 describitur.
2842 5333 3004 5389 Misso
3058 5341 3243 5389 autem
3284 5333 3567 5389 dominico
3600 5336 3722 5392 fere
3756 5338 3842 5391 ad—

497 5427 751 5493 Lobium,
774 5426 994 5482 celebre
1024 5428 1077 5481 in
1109 5429 1296 5501 Belgio
1338 5431 1872 5498 monasterium,ubi
1904 5433 1969 5486 ad
1994 5433 2118 5488 infi-
2219 5434 2454 5489 debatur
2498 5449 2707 5499 comes,
2766 5439 2827 5486 ut
2882 5437 3027 5501 patst
3082 5447 3147 5485 ex
3203 5430 3298 5485 lib.
3349 5448 3385 5484 ιι
3438 5430 3835 5501 Capitulorum.

498 5517 701 5571 delium
751 5520 1168 5575 conversionem
1228 5520 1506 5576 laborasse
1548 5523 1811 5580 creditur.
1872 5525 2012 5578 adeo
2060 5534 2120 5581 ut
2221 5541 2267 5579 c.
2318 5526 2406 5580 25.
2443 5525 2595 5590 Quod
2623 5539 2825 5579 nomen
2880 5520 3049 5577 ofﬁcii
3090 5528 3229 5589 erat,
3261 5536 3374 5576 non
3415 5522 3707 5596 dignitatis
3758 5531 3837 5578 aut

496 5613 680 5658 sancte
707 5606 942 5661 vivendo
982 5616 1036 5661 et
1069 5609 1422 5677 praedicando
1464 5611 1754 5683 pertigerit
1787 5613 1854 5666 ad
1894 5621 2113 5667 aeternae

2217 5613 2571 5668 sublimitatis
2628 5621 2688 5666 ut
2738 5610 2923 5665 hodie.
2976 5610 3055 5663 De
3083 5608 3266 5664 missis
3315 5607 3616 5666 dominicis
3647 5612 3748 5677 lib,
3802 5628 3833 5671 ι,

496 5692 619 5743 vita:
641 5692 909 5747 bravium.
937 5698 1144 5751 Nomen
1169 5697 1289 5762 ejus
1318 5701 1487 5754 sacris
1509 5701 1879 5774 Martyrologii
1912 5701 2114 5756 tabulis
2214 5703 2454 5773 capitulo
2497 5703 2597 5758 122
2626 5719 2640 5767 ;
2669 5700 2764 5755 lib.
2796 5716 2855 5763 ιι,
2890 5715 3013 5770 cap.
3044 5698 3229 5765 11.16,
3256 5688 3353 5761 ~1'7,
3389 5698 3480 5765 19,
3511 5699 3605 5755 25.
3637 5701 3732 5765 26,
3753 5699 3831 5760 27,

498 5776 728 5830 Usuardi
759 5781 955 5844 adjecit
996 5785 1241 5838 Molanus
1273 5787 1361 5839 die
1404 5791 1437 5841 ὅ
1468 5791 1693 5861 Augusti
1750 5797 1865 5857 Quo
1889 5792 1977 5845 die
2001 5793 2111 5865 agit
2211 5790 2280 5843 ‘2‘!
2306 5809 2317 5851 ;
2351 5791 2446 5844 lib.
2476 5809 2556 5858 ιιι,
2587 5807 2707 5860 cap.
2750 5788 2829 5852 t7,
2866 5788 2953 5854 18,
2986 5780 3073 5851 33,
3099 5796 3203 5841 etc.
3234 5787 3305 5840 De
3323 5787 3628 5844 comitibus
3654 5789 3752 5847 lib.
3781 5804 3831 5843 ιι.
