3972 6206
277 294 371 348 371

1115 276 1505 334 COLVENERII
1546 269 1820 327 SCHOLIA
1858 268 1924 322 ΙΝ
1966 266 2131 321 HlST.
2176 262 2459 320 REMENS.
2504 258 2760 315 ECCLES.

3512 259 3639 313 372

352 427 642 492 Anutfum,
671 420 726 486 C,
756 418 1077 485 Arnulfum.
1118 414 1471 471 Badaradum
1500 410 1693 484 legunt
1724 405 1887 461 CetJ
1923 409 1969 474 Α
1998 403 2367 471 tingentesimo
2414 398 2679 454 tricesimo
2726 396 2936 464 quinto,
2987 409 3129 449 anno
3184 397 3348 449 etiam

285 518 561 594 quomodo
588 525 642 570 et
664 512 803 567 infra
832 512 1027 583 legitur
1042 511 1146 564 hoc
1177 506 1371 564 eodem
1403 503 1566 575 capit.
1593 501 1725 556 satis
1754 515 1889 553 con-

286 590 535 665 formiter
560 604 628 658 ab
659 600 942 665 omnibus,
968 599 1073 653 nisi
1099 598 1247 669 quod
1278 597 1364 651 MS
1398 594 1595 648 habeat
1624 590 1893 646 Baradus.

1996 494 2218 560 gloriosi
2264 490 2490 545 Caesaris
2529 484 2793 540 Ludovici
2839 499 2950 539 xxi.
3002 482 3093 537 Sic
3147 482 3203 538 C.
3261 484 3368 538 Sed
3423 484 3489 548 Β,
3539 483 3638 537 MS

1999 591 2054 637 et
2097 583 2145 644 J,
2198 597 2349 646 χχιιι,
2396 593 2506 633 non
2550 582 2720 629 recte.
2770 573 2903 627 Nam
2952 589 3075 627 cum
3120 589 3353 647 regnare
3398 572 3643 643 caaperit

288 701 547 757 Similiter
573 704 627 751 et
648 695 892 767 synodus
911 691 1347 754 Suessionensis,
1369 688 1435 742 de
1468 702 1576 758 qua
1601 684 1703 739 sub
1732 682 1897 737 tinem

2072 670 2158 725 itio
2202 668 2330 723 anni
2371 667 2497 734 815,
2547 677 2726 717 annus
2761 661 2868 715 835
2896 671 2980 716 est
3018 662 3236 733 imperii
3290 662 3414 731 ejus
3438 662 3540 727 21,
3569 669 3640 715 ut

289 754 454 861 hujus
486 754 701 856 capitis,
756 783 889 857 legit
918 781 1270 837 Badaradum
1327 784 1382 833 et
1410 754 1684 843 Aiulfum.
1731 772 1815 826 MS
1850 776 1904 825 et
2004 762 2279 819 consentit
2308 758 2631 832 Sigebertus
2674 756 2731 810 in
2760 754 3048 811 Chronico.

290 879 333 933 Β
368 878 473 932 hoc
503 877 623 929 loco
657 871 1017 927 Hadaradum
1052 868 1332 942 legebant.

366 1016 504 1081 Quos
542 1009 831 1066 secundum
862 1009 1071 1075 Africae
1109 1007 1400 1076 provinciae
1427 1016 1651 1057 canones
1680 1001 1910 1064 elejerat

294 1105 398 1157 sibi
432 1102 666 1172 judices.
702 1095 1003 1151 Concilium
1051 1092 1383 1157 Africanum,
1424 1088 1570 1160 quod
1616 1086 1911 1157 aliquoties

297 1199 403 1251 hoc
423 1211 543 1264 cap.
568 1194 786 1257 citatur,
825 1187 959 1242 illud
984 1203 1105 1240 esse
1127 1182 1504 1254 videturquod
1533 1186 1708 1235 exstat
1738 1186 1869 1232 tom.
1892 1176 1911 1229 Ι

301 1286 531 1351 Concil.,
552 1283 798 1338 habitum
830 1278 933 1333 sub
968 1275 1322 1348 pontificibus
1349 1271 1628 1328 Bonifacio
1656 1277 1710 1324 et
1738 1268 1914 1323 Coele-

301 1380 447 1434 stino
502 1376 641 1430 Sunt
671 1383 852 1428 autem
889 1385 1131 1425 canones
1182 1367 1523 1421 diversorum
1554 1362 1913 1418 Conciliorum

303 1470 564 1524 Africanae
588 1463 884 1537 provincia)
946 1475 1176 1515 numero
1210 1459 1334 1513 105.
1392 1456 1545 1522 Quod
1576 1455 1665 1509 hic
1721 1455 1916 1508 citatur

308 1556 545 1612 habetur
572 1570 690 1623 cap.
725 1552 812 1615 63,
872 1548 1021 1621 quod
1053 1546 1379 1603 nominatim
1431 1546 1559 1600 citat
1600 1545 1918 1598 Hincmarus

308 1650 363 1703 in
391 1646 589 1703 concil.
624 1640 1034 1704 Suessionensi,
1059 1640 1257 1710 dequo
1289 1638 1386 1691 lib.
1423 1654 1500 1701 Ill,
1531 1652 1650 1706 cap.
1690 1634 1772 1688 12.
1810 1632 1918 1686 Sed

308 1753 430 1809 quin
463 1734 600 1789 infra
627 1734 867 1787 citantur
897 1746 962 1783 ex
992 1745 1111 1799 cap.
1142 1729 1212 1782 59
1244 1734 1299 1782 et
1328 1727 1417 1793 74,
1451 1726 1507 1779 in
1540 1725 1633 1779 illo
1664 1722 1921 1789 concilio,
1950 1728 1999 1795 Β

310 1836 471 1899 prout
500 1841 648 1879 nunc
678 1831 875 1890 exstat,
910 1837 1020 1876 non
1049 1821 1329 1894 leguntur.

388 1940 770 1994 Theodericum
813 1936 1013 1990 scilicet
1038 1935 1365 2001 episcopum.
1423 1928 1515 1983 llic
1539 1933 1653 1981 erat
1709 1926 1926 1997 episco-

318 2049 420 2102 pus
452 2029 879 2095 Cameracensis,
930 2033 988 2081 ut
1018 2031 1234 2080 constat
1270 2039 1335 2077 ex
1378 2021 1643 2076 Chronico
1677 2018 1931 2073 Camera-

316 2123 490 2180 censi.
525 2123 665 2176 libro
693 2121 895 2191 primo,
927 2134 1048 2188 cap,
1090 2117 1178 2170 41.

391 2239 551 2293 Ληηο
580 2234 973 2289 incarnationis
1014 2232 1225 2286 Domini
1252 2231 1424 2283 nostri
1457 2230 1583 2282 Jesu
1609 2226 1812 2283 Christi
1848 2240 1934 2279 oc-

2075 859 2410 925 Hartgarius
2456 855 2759 924 episcopus.
2827 850 2919 905 Sic
2956 850 3040 906 RC
3088 858 3144 906 et
3197 852 3245 907 J.
3304 851 3368 906 At
3421 850 3511 905 MS
3575 857 3640 904 et

2008 949 2151 1004 aliud
2182 945 2481 1017 exemplar,
2515 944 2873 1011 Harogarius.

2080 1044 2400 1100 Rambcrtus
2457 1043 2752 1110 episcopus.
2807 1038 2876 1103 M,
2917 1039 3277 1103 Hranbertus,
3323 1038 3381 1105 S,
3423 1041 3643 1093 Hram—

2014 1135 2213 1188 bertus.

2084 1226 2371 1281 Haiminus
2407 1225 2704 1292 episcopus.
2750 1222 2839 1277 Sic
2879 1220 2947 1275 Β]
2992 1227 3047 1275 et
3104 1219 3140 1273 C
3170 1219 3225 1273 in
3283 1219 3515 1286 Gallico,
3550 1219 3646 1273 MS

2016 1322 2241 1382 Hamus,
2279 1315 2314 1368 C
2348 1316 2455 1369 Lat.
2490 1317 2738 1369 Hamius.

2090 1411 2190 1466 Cui
2212 1408 2540 1463 restitutioni
2564 1408 2821 1476 praefata,
2854 1421 2973 1475 qua
3011 1405 3310 1461 Suessionis
3341 1405 3536 1458 habita
3565 1408 3649 1459 est

2015 1498 2351 1551 contradiccit
2376 1496 2631 1563 synodus.
2666 1494 2730 1560 R,
2764 1493 2871 1559 MS,
2921 1494 3263 1547 contradicit.
3300 1492 3475 1561 Hujus
3505 1508 3646 1563 syn-

2017 1588 2109 1642 odi
2137 1586 2301 1641 tacite
2334 1584 2473 1638 facta
2490 1590 2573 1637 est
2601 1583 2809 1637 mentio
2849 1583 3006 1636 initio
3031 1582 3194 1650 hujus
3210 1581 3429 1652 capitis.

2091 1681 2138 1733 Α
2196 1695 2299 1747 quo
2355 1679 2413 1730 in
2457 1678 2669 1742 regione
2698 1676 2953 1731 Saxonize
2999 1675 3272 1744 quoddam
3310 1675 3647 1743 episcopium

2019 1771 2334 1840 promeruit.
2369 1775 2476 1821 etc.
2516 1767 2708 1820 Factus
2741 1765 2889 1819 enim
2939 1771 3021 1819 est
3071 1763 3368 1835 epis00pus
3399 1763 3654 1817 Hildese-

2028 1858 2255 1921 mensis,
2305 1856 2499 1911 ordine
2555 1861 2803 1926 quartus,
2862 1854 2914 1907 in
2971 1869 3080 1924 quo
3138 1852 3436 1907 duodecim
3487 1851 3657 1906 annis

2030 1948 2353 2020 permansit,
2387 1955 2447 2001 ut
2497 1946 2689 2001 scribit
2719 1946 2974 2000 Albertus
3016 1945 3302 1999 Krantzius
3336 1944 3433 1998 lib.
3465 1962 3481 1997 ι
3539 1945 3657 1998 Me-

2032 2047 2199 2107 trop.,
2240 2052 2288 2090 c.
2337 2036 2426 2089 30.
2461 2037 2706 2099 Quocum
2757 2034 2888 2088 satis
2941 2032 3220 2088 consentit
3266 2031 3417 2102 quod
3448 2048 3479 2085 a
3532 2032 3657 2086 Flo-

2032 2127 2238 2183 doardo
2267 2125 2362 2179 lib.
2399 2142 2479 2192 ιιι,
2509 2141 2539 2179 c
2588 2123 2641 2189 2,
2670 2122 3050 2193 supervixisse
3081 2120 3357 2176 scribatur
3385 2135 3569 2191 usque
3589 2120 3659 2173 ad

2032 2238 2238 2277 annum
2253 2221 2375 2277 851.

327 2419 3641 2455 __________________________.______—_——————————————

1034 2608 1538 2698 SCHOLIA
1616 2607 1736 2693 IN
1820 2602 2277 2690 LIBRUM
2362 2600 2935 2688 TERTIUM.

1807 2820 2170 2831 __—-—

873 2972 1078 3028 CAPUT
1135 2970 1415 3026 PRIMUM.

410 3069 573 3123 Anno
598 3067 1153 3136 denique‘Dominicm
1203 3064 1600 3117 incarnationis
1649 3061 1754 3116 845
1783 3062 1957 3115 Koro-

342 3163 424 3216 lus
446 3161 710 3230 synodum
746 3161 1117 3228 episcoporum
1139 3172 1293 3224 regni
1313 3158 1399 3210 sui
1407 3156 1558 3225 apud
1587 3156 1953 3219 Bellovagum.

344 3253 433 3308 Sic
494 3251 680 3306 omnia
728 3257 916 3305 vetera
966 3247 1319 3319 exemplaria,
1363 3246 1642 3318 quomodo
1682 3245 1846 3299 etiam
1878 3252 1960 3297 ter

345 3352 606 3419 quaterve
659 3344 861 3418 legitur
914 3342 970 3396 in
1019 3339 1362 3395 Atrebatensi
1417 3338 1699 3393 Breviario
1752 3337 1842 3391 die
1891 3337 1960 3389 15

347 3440 497 3495 Julii.
562 3438 618 3492 ld
652 3437 684 3491 S
730 3444 783 3491 et
827 3436 1237 3490 Jmutaverunt
1281 3433 1338 3487 in
1379 3448 1580 3487 nomen
1628 3432 1733 3485 hoc
1760 3428 1961 3484 saeculo

348 3526 606 3581 usitatius
634 3526 990 3580 Bellovacum.
1042 3522 1308 3577 Baronius
1355 3528 1487 3576 tom.
1539 3520 1601 3584 X,
1635 3520 1703 3573 ad
1755 3519 1961 3573 dictum

351 3619 497 3672 hunc
519 3632 721 3670 annum
755 3631 820 3669 ex
857 3620 1046 3669 nostro
1073 3613 1177 3666 hoc
1218 3609 1523 3665 Flodoardo
1554 3608 1756 3663 Gallice
1790 3607 1960 3673 edito,

350 3718 524 3765 totum
556 3710 661 3763 hoc
691 3714 857 3777 caput
888 3706 1126 3777 primum
1162 3703 1395 3757 inseruit
1420 3701 1535 3756 suis
1572 3700 1877 3754 Annalibus
1906 3699 1963 3753 in

352 3801 601 3855 Latinum
624 3812 972 3859 conversum,
1002 3802 1057 3849 et
1083 3810 1149 3848 ex
1179 3808 1246 3847 eo
1278 3791 1467 3845 Binius
1490 3799 1621 3845 tom.
1657 3790 1727 3844 lll
1762 3788 1962 3844 Conci-

353 3897 572 3950 liorum.

424 3984 845 4052 Archiepiscopo
893 3979 1179 4033 Sennensis
1217 3976 1465 4031 Ecclesiae
1529 3972 1820 4029 Wenilone.
1879 3972 1968 4027 Sic

354 4078 541 4135 omnia
593 4074 820 4144 antiqua
885 4067 1242 4139 exemplaria,
1296 4066 1442 4137 quod
1490 4080 1680 4120 rursus
1754 4064 1788 4117 S
1848 4063 1961 4118 etJ

355 4168 704 4222 mutaverunt
741 4160 949 4230 ubique
1006 4157 1063 4211 in
1104 4158 1442 4221 Senonensis,
1492 4153 1770 4224 quomodo
1801 4152 1966 4206 etiam

355 4260 447 4314 hic
476 4253 713 4313 correxit
740 4251 940 4322 aliquis
971 4249 1027 4304 in
1062 4249 1129 4314 M,
1185 4264 1309 4303 cum
1342 4246 1494 4318 prius
1534 4245 1809 4319 legeretur
1834 4244 1969 4298 Sen-

354 4353 556 4413 nensis,
606 4344 886 4418 quomodo
937 4349 993 4397 et
1031 4348 1346 4397 constanter
1396 4338 1599 4411 legitur
1629 4336 1771 4391 infra
1820 4352 1866 4391 c.
1900 4336 1970 4391 20

1981 2976 2028 3040 (ζ
2051 2965 2253 3022 dicitur
2282 2963 2503 3019 Sennis.
2541 2987 2566 3009 ιν
2599 2962 2714 3027 Quo
2744 2962 2865 3017 loco
2892 2959 3125 3035 intelligi
3154 2959 3351 3014 urbem
3379 2958 3679 3014 Senonen-

2056 3075 2171 3113 sem
2204 3064 2352 3111 recte
2397 3055 2712 3126 suspicatur
2750 3053 3051 3116 Serrarius,
3099 3060 3155 3107 et
3194 3058 3346 3122 patet
3374 3067 3444 3105 ex
3486 3058 3679 3106 nostro

2056 3150 2364 3206 Flodoardo
2390 3164 2557 3220 supra
2595 3147 2694 3201 lib.
2719 3163 2776 3200 ιι.
2810 3162 2930 3216 cap.
2968 3146 3052 3200 16.
3086 3144 3333 3214 Denique
3364 3143 3686 3198 Sennensis

2059 3247 2326 3311 perpetuo
2352 3238 2555 3312 legitur
2587 3236 2644 3290 in
2689 3235 2849 3306 epist.
2884 3234 3096 3289 Nicolai
3125 3231 3287 3304 primi
3319 3231 3388 3312 ad
3423 3230 3685 3287 Carolum

2061 3309 2288 3407 regem,
2337 3338 2391 3385 et
2414 3309 2435 3312 Π
2458 3329 2523 3383 ad
2581 3328 2903 3396 Egilonem,
2958 3341 3097 3397 quas
3147 3322 3324 3379 edidit
3377 3309 3493 3378 una
3555 3339 3687 3379 cum

2064 3426 2333 3481 Hincmari
2360 3425 2521 3495 epist.
2553 3422 2710 3478 Joan.
2757 3420 3071 3476 Cordesius.

2712 3511 2919 3566 CAPUT
2959 3512 3026 3564 ιι.

2134 3611 2263 3675 Quae
2285 3616 2397 3665 toto
2428 3609 2530 3663 hoc
2561 3623 2681 3678 cap.
2724 3606 2998 3661 habentur
3024 3604 3093 3659 de
3140 3601 3352 3673 synodo
3384 3602 3695 3657 Parisiensi

2066 3703 2118 3757 in
2151 3716 2314 3757 causa
2358 3698 2563 3753 Ebonis
2590 3696 2797 3765 habita,
2828 3711 2894 3749 ea
2923 3693 3179 3748 similiter
3207 3708 3272 3745 ex
3317 3690 3528 3745 Gallico
3561 3706 3695 3746 con-

2064 3812 2223 3851 versa
2277 3794 2334 3848 in
2368 3792 2617 3847 Latinum
2667 3790 2836 3845 habet
2865 3789 3132 3843 Baronius
3185 3800 3329 3841 anno
3356 3785 3483 3847 847,
3537 3795 3596 3839 et
3624 3800 3695 3840 ex

2066 3904 2133 3944 eo
2166 3886 2505 3943 Biniustom.
2542 3884 2612 3938 Ill
2647 3882 2851 3938 Concil.

2703 3971 2914 4027 CAPUT
2942 3971 3034 4025 Ill.

2139 4069 2210 4122 Et
2245 4067 2537 4133 impetrent
2571 4078 2675 4132 pro
2725 4062 2879 4116 nobis
2924 4060 3111 4129 offerri
3149 4072 3335 4112 sacras
3372 4056 3694 4111 oblationes.

2070 4161 2161 4216 Sic
2200 4159 2236 4214 C
2265 4159 2384 4214 etJ.
2427 4158 2593 4224 Alias,
2629 4160 2909 4227 imperent.
2944 4155 3014 4221 Μ,
3062 4156 3265 4207 intrent
3288 4167 3390 4222 pro
3418 4151 3585 4207 nobis
3603 4152 3698 4218 of—

2067 4255 2242 4321 ferre;
2274 4266 2374 4323 pro
2400 4266 2510 4323 quo
2542 4249 2814 4315 S,instent
2834 4263 2934 4316 pro
2950 4247 3104 4301 nobis
3130 4245 3342 4314 offerre.
3373 4243 3482 4297 Sed
3510 4243 3698 4314 prima

2071 4342 2233 4397 lectio
2258 4340 2477 4395 videtur
2504 4337 2714 4392 melior.
2747 4335 2880 4389 Hinc
2911 4344 3090 4390 autem
3143 4333 3411 4387 docemur
3440 4331 3695 4385 vivorum

357 4450 413 4496 et
447 4441 535 4494 2|.
572 4436 835 4505 Idemque
866 4432 1068 4487 factum
1096 4438 1179 4484 est
1207 4428 1345 4484 infra
1385 4444 1506 4516 cap.
1540 4445 1599 4483 ιι.
1632 4427 1766 4481 Nam
1806 4433 1861 4481 et
1889 4426 1965 4481 ibi
1986 4444 2042 4511 Π
2068 4435 2327 4510 suﬁ‘mgia
2353 4434 2612 4505 prodesse
2653 4429 2947 4485 defunctis,

358 4534 416 4588 in
470 4532 516 4586 Μ
577 4527 867 4603 legebatur
916 4539 1041 4579 cum
1095 4522 1372 4577 Wenilone
1418 4520 1697 4576 Sennensi.
1762 4518 1964 4573 Eodem

359 4623 524 4679 modo
574 4618 708 4694 legit
744 4613 1053 4671 Chronicon
1099 4612 1493 4666 Cameracense
1523 4609 1618 4663 lib.
1655 4625 1693 4674 ι,
1724 4624 1844 4678 cap.
1878 4608 1966 4670 43,

361 4729 480 4769 cum
515 4710 775 4766 Venelone
805 4704 1083 4761 Sennensi.
1120 4699 1265 4754 Infra
1302 4715 1421 4769 cap.
1454 4699 1526 4753 20
1562 4697 1749 4753 omnia
1777 4712 1967 4751 exem-

363 4803 536 4877 plaria
564 4801 842 4869 Egilonem
874 4800 1111 4859 vocant;
1155 4808 1204 4847 c.
1232 4792 1321 4854 22,
1364 4791 1720 4846 Wanilonem.
1748 4789 1805 4842 ln
1837 4788 1971 4843 Hist.

361 4897 579 4969 Tilpino
603 4891 870 4960 inscripta
901 4888 1100 4945 Ganelo
1123 4892 1371 4940 vocatur.
1401 4883 1492 4938 Sic
1523 4890 1578 4938 et
1616 4882 1974 4953 manuscript.

364 4984 646 5056 exemplar
675 4978 923 5035 Historiae
955 4975 1297 5031 scholasticae
1324 4972 1469 5029 Petri
1494 4972 1803 5039 Trecensis,
1830 4971 1979 5044 quod

366 5080 450 5130 est
501 5072 558 5126 in
590 5068 930 5123 bibliotheca
951 5062 1283 5119 cathedralis
1301 5060 1549 5117 ecclesia:
1579 5061 1636 5115 S.
1661 5059 1978 5124 Audomari,

367 5164 499 5239 legit
550 5160 832 5219 Wilhetmo
869 5157 1149 5221 Sennensi,
1190 5154 1284 5209 ubi
1338 5153 1395 5206 in
1433 5151 1650 5208 excusis
1691 5160 1776 5206 est
1820 5152 1986 5207 Seno-

366 5254 543 5310 nensi.
579 5248 802 5304 Accedit
840 5255 895 5303 et
943 5260 1049 5301 vox
1083 5243 1286 5299 Gallica
1312 5243 1462 5299 Sens.
1498 5242 1561 5296 Et
1590 5241 1647 5295 in
1678 5240 1988 5295 manuscri-

366 5350 462 5414 pto
505 5337 764 5409 Catalogo
795 5336 1185 5408 episcoporum
1218 5332 1386 5389 totius
1413 5330 1586 5397 orbis,
1618 5346 1781 5401 quem
1812 5344 1985 5399 penes

364 5450 454 5489 me
487 5430 689 5494 habeo,
723 5429 846 5504 lego
874 5432 1393 5501 archiepiscopatum
1427 5427 1788 5481 Siennensem.
1819 5421 1986 5475 Deni-

363 5536 471 5590 que
502 5514 792 5571 Zacharias
822 5536 963 5592 papa
985 5520 1040 5574 in
1072 5518 1233 5589 epist.
1277 5516 1345 5571 ad
1377 5515 1432 5569 S.
1467 5511 1828 5577 Bonifacium,
1864 5525 1986 5580 quae

362 5612 444 5657 εει
476 5603 630 5655 inter
679 5602 845 5667 ePist.
894 5605 1158 5664 Bonifacii
1199 5603 1321 5669 143,
1368 5602 1437 5656 de
1478 5601 1580 5655 hac
1611 5601 1845 5669 loquens
1872 5598 1983 5651 ait:

359 5711 384 5738 α
427 5686 677 5749 Tertium
723 5691 971 5772 denique
1020 5696 1443 5753 Hardthbertum
1496 5694 1551 5748 in
1592 5690 1811 5749 civitate
1867 5703 1988 5759 quae

2859 4517 2889 4543 τι

2859 4517 2889 4543 τ,

2139 4596 2321 4665 Atque
2366 4592 2587 4663 pusillis
2634 4516 3206 4660 pufnliyigflli‘dertum
3256 4590 3339 4639 est
3368 4599 3439 4638 an
3469 4582 3700 4656 prepria

2070 4687 2182 4743 sint
2228 4685 2474 4748 nomina,
2526 4700 2595 4739 an
2638 4680 2991 4752 appellativa,
3038 4679 3184 4751 quod
3225 4677 3415 4733 verius
3452 4676 3696 4732 videtur.

2073 4784 2230 4840 Unde
2261 4781 2468 4837 Gallice
2499 4779 2749 4845 vertitur,
2801 4778 2848 4830 le
2890 4779 3032 4846 petit
3068 4777 3226 4839 nain,
3273 4772 3328 4827 id
3369 4781 3453 4826 est
3497 4786 3702 4842 parvus

2076 4888 2271 4929 nanus.

2149 4966 2297 5019 Sciat
2319 4961 2609 5017 secundum
2625 4960 2804 5027 dignae
2814 4958 3082 5011 memoriae
3107 4957 3219 5021 avi,
3240 4959 3289 5008 et
3312 4955 3417 5021 piae
3441 4951 3704 5006 recorda-

2082 5058 2243 5111 tionis
2265 5054 2524 5121 genitoris
2552 5051 2725 5104 nostri
2744 5047 2990 5117 capitula
3014 5062 3068 5101 se
3095 5044 3531 5100 emendaturum.
3564 5039 3705 5096 Loca

2086 5148 2452 5221 Capitulorum
2496 5144 2674 5200 Caroli
2710 5143 2888 5215 Magni
2944 5148 3000 5196 et
3052 5138 3313 5195 Ludovici
3348 5136 3425 5190 Pii
3465 5136 3523 5190 in
3552 5144 3705 5191 textu

2088 5237 2421 5295 notavimus.
2454 5235 2527 5289 De
2558 5233 2752 5288 eodem
2782 5237 3107 5302 argumento
3130 5228 3375 5282 Pithoeus
3395 5223 3451 5277 in
3484 5223 3710 5278 Glossa-

2087 5328 2169 5383 rio
2220 5325 2390 5383 verbo
2417 5326 2585 5381 Nona:
2622 5326 2672 5376 et
2713 5320 2930 5374 decimae
2979 5317 3113 5373 citat
3161 5329 3431 5371 canonem
3457 5312 3530 5366 42
3579 5327 3705 5383 syn.

2087 5423 2311 5495 Mogunt
2341 5460 2355 5485 ,
2378 5419 2447 5473 46
2464 5415 2822 5479 Turonensis,
2852 5419 2908 5468 et
2925 5412 2996 5466 62
3030 5409 3345 5466 Meldensis.

2157 5512 2390 5566 Possunt
2425 5508 2666 5577 praebere
2706 5504 3023 5560 consultum.
3056 5501 3147 5557 Sic
3192 5499 3230 5555 C
3259 5506 3315 5554 et
3340 5498 3390 5554 J.
3419 5495 3710 5563 Quomodo

2088 5600 2276 5656 omnia
2304 5600 2494 5671 legunt
2524 5614 2692 5668 supra
2719 5596 2817 5650 lib.
2852 5610 2912 5660 ιι,
2936 5609 3058 5664 cap.
3092 5592 3175 5653 19.
3211 5591 3269 5645 in
3296 5587 3495 5644 litteris
3520 5588 3706 5645 Ludo-

2089 5692 2196 5748 vici
2244 5690 2607 5761 imperatoris.
2644 5688 2810 5754 Alias,
2841 5687 3148 5752 comitium,
3198 5692 3260 5737 ut
3295 5681 3381 5736 MS
3424 5682 3534 5737 hoc
3565 5681 3712 5738 loco.

3832 1816 3848 2077 ί

3830 2094 3845 2419 ξ

3930 2016 3972 2050 ἓ

3932 2107 3969 2141 ἐξ

3920 2180 3969 2231 ᾼεέ

3920 2270 3929 2320 Ξ

3951 2441 3972 2492 1

3920 2641 3949 2651 ..Γ

3910 2544 3946 2565 μέ

3910 2616 3923 2639 i‘

3906 2658 3963 2671 ἥν

3907 2724 3959 2759 aii

3910 2801 3948 2823 si

3911 2838 3925 2846 Α.

3930 2837 3946 2849 δ

3944 2291 3963 2325 ἓ

3952 2538 3959 2549 δ

3930 2282 3935 2291 x

3930 2306 3939 2323 Ι.

3928 2734 3942 2743 :t

3930 2746 3943 2757 δ

3928 2916 3934 2929 5
