3972 6206
167 226 276 279 373

1604 246 1667 298 ΙΝ
1714 246 1959 302 LIBRUM
2001 251 2091 304 Ill.

3407 272 3513 326 374

172 354 351 409 Utitur
388 357 582 410 eadem
616 373 747 413 voce
787 360 1041 417 Nicolaus
1068 380 1208 436 papa
1240 369 1281 434 l,
1313 369 1475 438 epist.
1508 372 1576 425 32
1603 392 1618 427 :
1642 393 1660 420 ρ
1689 373 1787 427 Λυ-
1822 378 1871 446 Α
1895 392 2040 446 cap.,
2065 381 2357 450 reprobata
2401 399 2429 437 a
2479 385 2698 443 Nicolao
2755 405 2898 460 papa
2931 392 3061 446 LEX
3109 394 3268 450 istius
3313 400 3510 468 synodi

167 445 430 513 divimus,
467 448 665 520 inquit,
693 451 1006 508 Lotharium
1029 458 1208 512 asede
1239 462 1539 529 apostolica
1556 463 1786 533 petitum

171 550 280 589 non
315 546 664 606 exspectasse
701 542 1034 610 consultum,
1064 567 1084 595 ι
1124 547 1213 602 Sic
1239 556 1292 602 et
1323 549 1378 603 in
1411 551 1663 607 Rothaldi
1691 570 1793 624 ap-

169 627 474 697 pellatione
531 631 599 684 ad
654 633 841 687 sedem
899 638 1255 706 apostolicam
1301 658 1371 694 :«
1412 644 1626 715 Absque
1666 662 1790 700 meo

168 731 445 770 consensu
471 735 567 773 seu
593 724 865 777 consultu.
909 748 932 773 υ
967 726 1026 779 Et
1070 726 1377 784 Chronicon
1403 730 1791 789 Cameracense

167 804 264 857 lib.
330 823 409 873 ιιι,
460 825 579 879 cap.
609 811 713 864 226:
758 837 772 858 ε
825 815 886 868 Ut
917 831 1042 869 eum
1095 835 1123 870 a
1191 821 1480 876 consulatu
1515 823 1793 893 pontiﬁcis

169 893 335 964 longe
358 895 580 952 faceret.
612 921 630 948 ι
663 900 874 964 Quibus
895 903 1030 959 locis
1057 908 1343 963 consultus
1371 911 1644 984 significat
1667 930 1794 968 con-

166 985 523 1042 sultationem
567 991 651 1045 vel
680 994 994 1049 consilium.
1030 997 1204 1051 Utitur
1246 1001 1444 1056 eadem
1494 1020 1626 1058 voce
1659 1005 1790 1060 Ful-

164 1071 350 1127 bertus
379 1076 552 1146 cpisc.
589 1077 936 1136 Carnoteusis
951 1085 1112 1154 epist.
1135 1086 1222 1140 39.

811 1193 1026 1250 CAPUT
1088 1197 1148 1250 V.

240 1280 573 1348 Hujusmodi
620 1287 783 1352 regia:
839 1288 1186 1355 benignitatis
1222 1293 1444 1358 functus
1495 1299 1794 1350 auctorita-

166 1371 332 1425 tibus.
362 1373 450 1428 Sic
505 1376 691 1431 omnia
739 1381 1094 1450 exemplaria,
1152 1401 1248 1452 pro
1305 1402 1415 1456 quo
1456 1387 1792 1444 Ssubstituit

167 1463 366 1526 fretus.
392 1463 596 1519 Sensus
616 1477 699 1520 est
732 1485 744 1521 :
775 1468 905 1523 Cum
941 1471 1169 1527 haberet
1201 1474 1517 1542 hujusmodi
1550 1478 1792 1533 auctori-

171 1559 332 1618 tates,
366 1554 469 1609 hoc
498 1565 579 1611 est
608 1558 788 1612 edicta
819 1576 916 1614 seu
944 1562 1264 1632 diplomata.

246 1648 464 1701 Librum
494 1665 702 1719 quoque
730 1654 1221 1721 Sacramentornm,
1255 1660 1348 1712 sed
1393 1665 1442 1714 et
1501 1663 1788 1716 Lectiona-

166 1739 338 1804 rium,
369 1756 501 1808 quos
531 1743 701 1796 scribi
722 1746 870 1812 fecit,
930 1748 1081 1802 ebore
1131 1757 1461 1822 argentoque
1493 1753 1785 1808 decoravit.

171 1829 336 1883 Liber
359 1830 833 1891 Sacramentorum
891 1841 1191 1912 veteribus,
1253 1861 1317 1898 ac
1372 1846 1697 1902 nominatim
1731 1851 1788 1904 Β.

167 1921 462 1999 Gregorio,
495 1930 574 1976 est
597 1941 758 1994 quem
803 1944 900 1982 nos
960 1930 1160 1986 librum
1228 1933 1524 1998 Missalem,
1583 1938 1666 1991 vel
1733 1939 1790 1992 in

169 2016 366 2064 neutro
392 2027 615 2083 genere,
658 2015 871 2070 Missalc
926 2019 1179 2075 dicimus.
1237 2023 1631 2092 Lcctionarius,
1692 2028 1786 2098 qui

163 2098 432 2153 lectiones
455 2101 720 2172 cujusque
747 2104 855 2158 diei
907 2109 1246 2164 continebat.
1277 2112 1490 2166 Similia
1529 2113 1787 2184 leguntur

161 2187 305 2240 intra
334 2205 456 2259 cap.
483 2191 516 2243 9
548 2191 673 2245 data
725 2192 794 2246 ab
853 2196 1048 2249 eodem
1113 2199 1402 2255 llincmaro
1443 2203 1692 2257 ecclesiae
1725 2205 1779 2258 S.

163 2279 422 2354 Remigii.

812 2357 1021 2412 CAPUT
1053 2360 1136 2413 Vl.

227 2445 664 2516 Prwparansque
711 2451 1059 2506 candela-rum
1118 2457 1462 2509 munuscula.
1501 2457 1623 2511 llzec
1648 2475 1776 2513 vera

157 2538 246 2584 est
270 2533 451 2588 lectio.
486 2535 591 2588 Sed
651 2537 719 2603 M,
771 2541 1157 2595 candelabrum
1187 2545 1532 2610 munuscula,
1569 2564 1629 2599 ex
1665 2564 1775 2617 quo

155 2621 289 2675 fecit
336 2623 368 2674 S
418 2625 531 2678 etJ
593 2627 990 2683 Candelabrum
1044 2637 1090 2684 et
1141 2637 1481 2688 munuscula.
1543 2635 1612 2688 Ex
1675 2638 1776 2691 hoc

155 2721 342 2764 autem
375 2711 638 2766 discimus
668 2714 837 2770 fuisse
870 2719 1035 2772 etiam
1071 2719 1164 2776 illo
1222 2729 1472 2793 tempore
1523 2725 1772 2779 usitatam

158 2799 408 2854 ﬁdelium
454 2803 826 2874 devotionem,
861 2823 1022 2876 quam
1079 2809 1381 2865 etiamnum
1414 2813 1690 2868 cernimus
1721 2821 1780 2869 ut

157 2892 368 2948 sanctis
409 2894 700 2949 luminaria
723 2899 1107 2954 accenderent.

791 3013 999 3069 CAPUT
1033 3015 1140 3070 Vll.

231 3105 420 3158 Velum
447 3121 570 3161 vero
601 3111 873 3177 quoddam
897 3127 1198 3180 oppansum
1239 3115 1439 3169 ibidem
1468 3117 1770 3174 videbatur.

151 3195 247 3249 Sic
273 3195 322 3248 Μ
354 3204 408 3251 et
439 3198 502 3251 R.
533 3199 638 3254 Sed
667 3201 754 3267 CJ,
787 3219 1101 3271 appensum.
1136 3205 1192 3271 S,
1225 3222 1534 3276 oppensum.

767 3313 974 3368 CAPUT
1028 3315 1164 3368 Vlll.

230 3401 494 3455 Scammis
527 3403 730 3470 tapetia
770 3403 964 3456 reddit.
996 3403 1107 3458 lloc
1146 3410 1228 3457 est
1262 3406 1498 3476 reponit.
1534 3407 1623 3462 Sic
1653 3423 1774 3462 om-

153 3488 251 3542 nia
281 3489 636 3559 exemplaria,
681 3500 878 3560 printer
905 3491 1016 3558 MS,
1067 3495 1216 3563 quod
1247 3495 1648 3558 habet,‘sancta
1689 3503 1774 3551 ta-

143 3584 301 3650 petia
317 3581 579 3635 reddidit.
614 3582 684 3635 Ex
719 3583 784 3637 iis
815 3592 995 3638 autem
1030 3602 1152 3656 quze
1175 3586 1263 3641 hic
1280 3587 1772 3644 reterunturdisci-

151 3687 280 3723 mus
313 3678 638 3726 ornamenta
669 3673 919 3727 ecclesiae
950 3691 1061 3730 non
1080 3692 1200 3731 esse
1218 3678 1622 3748 applicandaad
1644 3697 1775 3736 usus

149 3759 432 3828 profanos.

795 3835 1000 3889 CAPUT
1043 3836 1128 3890 lX.

224 3923 480 3978 Versibus
510 3925 671 3977 etiam
701 3941 834 3978 auro
862 3928 1076 3995 inclytis
1127 3930 1513 3997 praetitulavit,
1549 3931 1638 3987 Sic
1661 3933 1764 3988 MS.

146 4013 211 4065 At
232 4011 487 4076 J,inlitis.
523 4010 603 4079 C,,
635 4013 845 4068 inditis.

793 4105 998 4162 CAPUT
1064 4110 1125 4164 Χ.

221 4194 390 4259 Quem
445 4197 822 4264 quotidianum
858 4201 1021 4268 pallii
1048 4217 1210 4255 usum
1241 4204 1381 4257 nulli
1410 4220 1649 4274 unquam
1677 4225 1769 4262 ar-

144 4288 486 4356 chiepiscopo
511 4293 906 4345 seconcessisse.
941 4292 1018 4345 De
1046 4295 1372 4349 auctoritate
1402 4304 1456 4350 ct
1483 4314 1584 4351 usu
1615 4299 1764 4368 pallii

149 4380 239 4426 est
274 4374 466 4428 titulus
497 4375 528 4430 8
569 4376 664 4430 lib.
728 4379 1152 4434 [Decretalium
1216 4383 1484 4438 Baronius
1540 4391 1648 4440 tom
1724 4387 1766 4440 X

142 4464 371 4519 duobus
397 4465 552 4527 locis.
585 4468 840 4524 videlicet
893 4471 998 4525 849
1025 4479 1079 4525 et
1105 4474 1229 4540 852,
1275 4475 1766 4532 scribitNicolaum

141 4572 351 4627 papam
385 4575 590 4634 negare
620 4561 788 4615 fuisse
844 4579 1164 4619 concessum
1224 4565 1510 4621 llincmaro
1545 4569 1768 4638 pallium

140 4645 214 4698 ad
247 4661 409 4699 usum
461 4649 844 4718 quotidianum
877 4669 908 4705 a
963 4653 1145 4708 Leone
1200 4671 1361 4725 papa,
1397 4684 1417 4701 ιι
1461 4666 1539 4724 ut,
1573 4657 1768 4728 inquit,

139 4753 247 4792 suo
279 4739 401 4793 loco
420 4739 652 4794 dicetur.
692 4764 711 4791 ι)
749 4744 944 4798 Verum
979 4745 1034 4798 in
1066 4746 1239 4817 gestis
1270 4747 1476 4802 Nicolai
1537 4767 1690 4820 papze
1721 4751 1773 4804 id

143 4843 422 4897 nusquam
449 4829 688 4883 ostendit
743 4831 934 4887 falsum
994 4834 1185 4901 fuisse,
1217 4836 1318 4889 etsi
1345 4837 1412 4890 de
1445 4837 1568 4892 aliis
1595 4839 1764 4895 llinc-

143 4940 363 4976 marum
409 4923 720 4998 redarguat.

223 5015 633 5068 Commendasse
661 5020 928 5085 reperitur
950 5021 1215 5089 episcopis
1249 5026 1410 5090 atque
1447 5023 1655 5090 legatis.
1679 5026 1769 5080 Sic

149 5105 263 5160 MS.
297 5108 361 5160 At
419 5105 529 5172 CJ.,
586 5110 842 5176 epistolis.
905 5110 1059 5165 Prior
1117 5112 1280 5168 lectio
1336 5115 1511 5186 magis
1569 5117 1767 5186 placet,

145 5199 281 5270 quia
314 5200 385 5254 de
409 5200 662 5270 epistolis
703 5218 827 5256 mox
859 5201 998 5256 infra
1021 5207 1288 5275 sequitur.

797 5289 1004 5346 CAPUT
1045 5293 1128 5348 Xl.

218 5381 296 5432 De
319 5377 527 5445 synodo
566 5382 1004 5446 comprovinciali
1027 5384 1176 5450 apud
1207 5385 1571 5439 Suessonicam
1591 5384 1773 5440 urbem

147 5467 360 5520 habita.
385 5466 572 5519 Exstat
601 5473 730 5519 tom.
774 5469 837 5520 Ill
898 5469 1264 5524 Conciliorum
1297 5512 1310 5536 ,
1370 5479 1520 5540 parte
1572 5472 1770 5540 prima,

146 5555 432 5608 celebrata
455 5571 604 5608 anno
654 5557 779 5619 833,
843 5563 1096 5627 tempore
1148 5559 1345 5614 Leonis
1377 5559 1576 5623 IV,scd
1607 5569 1665 5614 ut
1697 5563 1772 5618 ibi

150 5655 396 5714 notatur,
432 5655 488 5701 et
521 5645 661 5700 infra
719 5647 920 5702 fatetur
972 5655 1162 5703 auctor
1220 5656 1405 5705 noster
1449 5649 1549 5703 hoc
1571 5651 1770 5708 eodem

1823 1698 1873 1765 B

1893 468 2031 523 actis
2060 487 2124 524 ea
2155 488 2275 542 quae.
2308 474 2396 529 hic
2427 477 2616 531 scribit
2672 488 2862 535 auctor
2899 483 3229 557 desumpsit,
3265 491 3514 560 plerum-

1894 576 2001 629 que
2024 560 2187 614 etiam
2222 565 2385 619 verba
2416 566 2532 636 ipsa
2553 579 2854 625 mutuatus.
2879 573 3034 636 Quod
3066 593 3095 630 a
3127 577 3347 636 Nicolao
3371 599 3514 654 papa

1893 661 2180 710 retractata
2213 658 2283 712 sit
2341 669 2396 714 et
2454 664 2814 732 reprehensa,
2872 668 3052 737 quoad
3105 670 3510 742 dcpositionem

1892 743 2108 798 illorum
2160 747 2484 804 clericorum
2533 753 2626 823 qui
2681 755 2747 808 ab
2807 756 2994 812 Ebone
3027 761 3263 816 ordinati
3295 764 3512 821 fuerant

1895 835 2160 904 (quamvis
2189 837 2519 908 subreptitie
2548 841 2794 908 ejusdem
2814 847 3009 914 synodi
3049 852 3509 920 approbationem

1894 938 1923 974 a
1957 921 2251 978 Benedicto
2279 941 2440 995 papa,
2468 935 2520 980 et
2550 929 2618 981 ab
2675 930 2793 1000 ipso
2816 933 3167 1004 Nicolaojam
3193 947 3319 994 ante
3349 942 3510 995 llinc-

1896 1031 2077 1068 marus
2099 1015 2422 1084 obtinuerit,
2446 1021 2755 1076 utostendit
2786 1025 3020 1093 epistola
3055 1029 3257 1084 Nicolai
3288 1032 3355 1085 52
3385 1036 3512 1100 etii,

1897 1106 2040 1160 inter
2072 1124 2164 1162 eas
2190 1126 2312 1179 quae
2345 1119 2473 1164 sunt
2528 1112 2580 1165 in
2641 1117 2948 1183 appendice
2973 1120 3331 1188 epistolarum
3367 1126 3508 1191 ejus,

1896 1197 2042 1266 quod
2073 1196 2273 1251 fatetur
2292 1200 2456 1253 etiam
2513 1201 2632 1271 ipse
2665 1204 2929 1259 Baronius
2979 1215 3107 1261 tom.
3149 1211 3188 1263 X
3217 1228 3364 1266 anno
3382 1216 3508 1282 863,

1897 1289 1991 1342 ubi
2030 1291 2280 1344 eamdem
2336 1292 2532 1347 intexit
2588 1295 2897 1367 epistolam)
2930 1317 2942 1352 :
2977 1301 3145 1370 quod,
3201 1303 3448 1372 inquam,
3481 1323 3512 1360 a

1897 1377 2118 1434 Nicolao
2152 1397 2290 1450 papa
2345 1383 2638 1451 reprobata
2692 1385 2780 1449 sit,
2835 1397 2984 1456 patet
3041 1406 3104 1443 ex
3156 1391 3391 1460 epistola
3440 1395 3509 1447 46

1894 1478 1948 1524 et
1990 1471 2054 1524 47
2078 1472 2348 1539 ejusdem,
2383 1481 2435 1527 et
2467 1475 2520 1528 in
2554 1477 2864 1547 appendice
2932 1481 3164 1550 epistola
3196 1482 3259 1537 13
3323 1491 3376 1538 et
3419 1487 3506 1549 iii,

1893 1559 1987 1629 qui
2020 1560 2179 1613 aliam
2200 1561 2362 1631 jussit
2391 1567 2713 1637 congregari
2745 1568 3018 1637 synodum
3063 1571 3117 1623 in
3151 1573 3343 1626 eadem
3369 1575 3510 1628 civi-

1895 1659 2002 1704 tate
2022 1651 2411 1707 Suessionensi
2434 1671 2602 1725 super
2629 1658 2824 1711 eadem
2851 1658 3513 1734 difticultate,qua:dictos

1893 1744 2123 1798 clericos
2164 1745 2532 1801 restituendos
2576 1764 2697 1802 esse
2730 1750 2990 1807 decrevit.
3048 1755 3166 1808 llaec
3214 1757 3399 1812 habita
3430 1767 3514 1813 est

1894 1851 2040 1890 anno
2071 1837 2195 1891 866.

1963 1930 2238 1982 Amalrico
2282 1931 2596 1985 Taronensi.
2642 1933 2720 1986 Ita
2777 1933 2861 1998 CJ,
2924 1943 3032 1990 tom
3107 1938 3402 1994 Concilior.
3457 1949 3510 1996 et

1889 2018 2088 2073 Chron.
2126 2020 2517 2076 Cameracense
2577 2023 2680 2090 MS,
2717 2027 2986 2081 Almarieo
3036 2037 3090 2083 et
3143 2031 3282 2084 infra
3319 2035 3506 2087 Alma—

1887 2113 2078 2175 ricum,
2115 2121 2168 2165 et
2189 2112 2443 2166 similiter
2473 2114 2558 2167 bis
2587 2131 2704 2185 cap.
2735 2117 2820 2170 21.
2847 2117 3011 2172 Plena
3037 2121 3206 2175 dictio
3226 2130 3307 2175 est
3339 2125 3512 2177 Ama-

1886 2204 2106 2267 laricus,
2143 2205 2288 2277 regis
2309 2205 2754 2276 Wisegothorum
2803 2226 3026 2264 nomen.
3065 2213 3198 2266 Item
3227 2214 3294 2274 M,
3337 2218 3506 2268 Turo-

1884 2308 2060 2345 nense.
2096 2294 2502 2359 Catalaunense,
2534 2297 2972 2363 .I'Voviomagense,
3005 2310 3058 2352 et
3095 2301 3165 2353 ita
3189 2301 3255 2353 de
3289 2303 3503 2356 ueteris

1881 2381 2142 2434 omnibus
2175 2398 2272 2451 per
2301 2399 2344 2446 e,
2381 2384 2485 2436 nisi
2538 2386 2684 2454 quod
2748 2387 2891 2460 legat
2946 2389 3224 2455 Sennensz,
3270 2407 3366 2459 pro
3395 2408 3504 2462 quo

1878 2481 2142 2527 mutatum
2172 2483 2274 2539 est,
2308 2477 2600 2529 Senonensi
2655 2485 2707 2531 et
2738 2480 3124 2534 Cameracensi.
3173 2482 3370 2536 Verum
3403 2484 3506 2537 hoc

1877 2565 1999 2619 loco
2058 2567 2384 2621 retinuimus
2436 2569 2775 2624 usitatiorem
2832 2573 3287 2640 declinationem,
3333 2560 3506 2630 secuti

1877 2659 1981 2712 alia
1999 2659 2351 2729 exemplaria,
2386 2669 2440 2714 et
2495 2669 2656 2731 prout
2705 2662 2904 2734 legitur
2945 2665 2996 2719 in
3036 2667 3196 2720 tomis
3229 2667 3501 2722 Concilio-

1882 2767 2024 2818 rum,
2049 2759 2107 2805 ut
2132 2753 2520 2822 pronuntietur
2539 2753 2810 2808 ablativus
2842 2772 2938 2826 per
2963 2754 3004 2810 'i.

1951 2847 2187 2899 Huberto
2232 2846 2509 2899 Meldensi.
2559 2847 2636 2900 lta
2667 2845 2760 2916 Cl,
2808 2847 2952 2903 sicut
2988 2859 3042 2904 et
3073 2850 3270 2905 tabulae
3302 2852 3504 2908 Demo—

1881 2935 2077 2988 charis.
2121 2934 2184 2987 At
2205 2934 2440 3004 reliqua,
2473 2937 2740 2990 Hucberto
2772 2943 2830 2990 ut
2863 2938 2915 2990 in
2950 2946 3079 2992 tom.
3109 2939 3338 3005 Concil.,
3369 2957 3506 3011 quo-

1881 3030 2044 3083 modo
2068 3029 2231 3082 etiam
2263 3045 2464 3083 nomen
2517 3029 2872 3085 Leodicensis
2927 3034 3170 3104 episcopi
3206 3035 3260 3087 in
3291 3052 3493 3090 manu-

1837 3109 1849 3130 ⁸
1880 3116 2098 3186 scriptis
2123 3117 2409 3170 codicibus
2441 3117 2712 3190 Sigeberti
2748 3131 3016 3190 perpetuo
3050 3121 3268 3196 legitur.

1944 3211 2080 3261 Jona
2111 3208 2614 3273 Augustudunensi.
2643 3209 2710 3262 Μ.
2746 3212 3240 3278 Auguslidune-nse,
3268 3230 3366 3283 pro
3390 3231 3502 3286 quo

1876 3299 1937 3354 SJ
1969 3301 2461 3365 Augustodanensi,
2496 3300 2642 3369 quod
2677 3317 2823 3355 mine
2855 3304 3132 3357 usitatius.

1946 3394 2243 3449 Godelsado
2275 3393 2634 3448 Caeilonensi.
2671 3393 2760 3446 Sic
2811 3397 2996 3450 omnia
3030 3396 3258 3467 antiqua
3299 3415 3494 3453 exem-

1875 3482 2045 3553 plaria
2078 3499 2090 3544 ;
2127 3483 2158 3533 S
2192 3481 2288 3536 οι]
2325 3481 2731 3534 substituerunt
2759 3498 2958 3538 nomen
3002 3485 3278 3539 recentius
3311 3488 3494 3542 Cabil-

1873 3574 2095 3627 lonensi.

1942 3660 2308 3714 Hildebranno
2361 3657 2628 3723 Sagiensi.
2692 3656 2758 3712 Μ.
2821 3659 3088 3732 Sogensc,
3156 3662 3494 3735 J,Sagensi,

1871 3754 2150 3827 quomodo
2179 3759 2232 3807 et
2263 3754 2317 3806 in
2352 3753 2513 3806 tomis
2560 3750 2765 3806 Concil.
2799 3753 2888 3806 hic
2919 3754 3137 3825 legitur.
3168 3755 3231 3808 At
3257 3755 3311 3807 in
3347 3759 3491 3812 sub-

1872 3844 2170 3914 scriptione
2237 3841 2455 3897 concilii
2510 3840 2784 3895 Tullensis
2851 3849 2904 3895 et
2952 3859 2988 3894 n
3050 3842 3491 3915 Suessionensis,

1873 3938 2272 3993 [Iildebrandus
2302 3934 2882 4002 Sagiensis.Similiter
2927 3935 2982 3988 in
3041 3935 3245 3990 tabulis
3295 3938 3492 3994 Demo-

1871 4030 2051 4086 charis
2075 4029 2218 4082 inter
2248 4028 2541 4098 episcopos
2589 4027 2884 4100 Sagienses
2931 4042 3079 4081 nono
3116 4027 3235 4081 loco
3271 4030 3493 4098 ponitur

1873 4124 1906 4176 S
1987 4120 2406 4176 llildebrandus.
2469 4119 2740 4189 Oppidum
2801 4121 3020 4195 Sagium
3077 4120 3386 4190 appellatur
3436 4135 3492 4181 et

1871 4215 2078 4276 Saium,
2108 4212 2200 4266 Gal
2248 4214 2372 4266 Seez
2397 4211 2452 4264 in
2484 4211 2874 4266 Nordmandia.

1943 4306 2194 4372 Rigboldo
2253 4306 2525 4358 Itentoram
2574 4305 2964 4375 chorepiscopo.
3025 4305 3116 4360 Sic
3167 4305 3201 4359 C
3249 4313 3302 4360 et
3350 4311 3484 4364 torni

1801 4398 2108 4498 DConcil.,
2138 4396 2231 4450 ubi
2263 4403 2488 4450 vocatur
2526 4397 2846 4462 Rigbaldus,
2897 4413 2995 4467 pro
3049 4413 3156 4468 quo
3198 4414 3304 4452 non
3342 4409 3489 4454 recte

1881 4493 2181 4558 coepiscopo
2203 4487 2392 4560 legunt
2414 4485 2499 4538 MS
2529 4493 2583 4539 et
2602 4486 2650 4539 J.

1949 4581 2089 4648 Lupo
2129 4577 2320 4630 abbate
2348 4577 2663 4628 monasterii
2710 4576 2854 4643 quod
2892 4577 3096 4630 dicitur
3150 4581 3482 4634 Ferrarium.

1877 4669 1965 4722 Sic
1996 4667 2182 4721 omnia
2208 4664 2564 4735 exemplaria.
2598 4665 2652 4717 ln
2679 4672 2808 4718 tom.
2841 4663 3046 4720 Concil.
3073 4689 3095 4717 ι(
3135 4668 3483 4739 Lupoabbat.

1879 4760 2192 4815 monasterii
2249 4757 2588 4823 Bcthlehem,
2638 4757 2783 4828 quod
2838 4758 3113 4813 Ferrarias
3177 4761 3398 4816 dicitur.
3462 4782 3479 4808 ιι

1871 4855 2108 4923 Utroque
2155 4853 2302 4905 enim
2360 4851 2654 4905 vocabatur
2701 4850 2944 4905 nomine.
3004 4852 3174 4919 llujus
3223 4854 3355 4922 Lupi
3387 4855 3485 4908 ab-

1870 4941 2012 4995 batis
2043 4946 2215 4993 exstat
2247 4939 2385 4992 liber
2406 4938 2776 5008 epistolarum.

1937 5032 2180 5084 Heriaco.
2212 5029 2258 5081 M
2287 5036 2340 5082 et
2365 5027 2517 5081 aliud
2547 5029 2847 5098 exemplar,
2902 5030 3110 5082 IIeirico
3156 5028 3240 5095 SJ,
3274 5033 3483 5086 Ilerico.

1871 5119 2003 5173 tomi
2035 5116 2239 5171 Concil.
2283 5118 2463 5169 Erice.

1941 5208 2330 5263 Ilairohaldus.
2394 5207 2482 5259 Sic
2523 5209 2629 5262 MS.
2681 5209 2740 5261 Al
2775 5251 2790 5276 ,
2849 5210 3166 5274 Hairoldus,
3201 5216 3259 5264 ut
3319 5209 3402 5265 CJ.
3429 5211 3487 5265 In

1874 5309 2004 5354 tom.
2051 5297 2257 5353 Concil.
2289 5299 2674 5354 Harowaldus.

1946 5390 2171 5445 Nomine
2200 5386 2500 5441 Halduino.
2562 5389 2639 5442 Ita
2692 5385 2794 5450 BC,
2848 5396 2901 5442 et
2948 5397 3080 5443 tom.
3142 5390 3346 5446 Concil.
3381 5390 3490 5447 Sed

1877 5479 1962 5532 MS
1992 5477 2286 5540 Balduino,
2318 5477 2536 5531 tametsi
2596 5478 2640 5531 Μ
2676 5477 2813 5532 infra
2858 5481 3194 5533 IIalduinum
3241 5481 3372 5556 legit
3393 5496 3492 5552 pro

1875 5582 1985 5637 quo
2020 5565 2162 5618 male
2194 5571 2502 5619 correctum
2535 5567 2883 5622 Balduinum.
2914 5567 2962 5632 .l,
2995 5570 3282 5625 Ilarduino
3341 5578 3494 5626 utro-

1873 5657 2060 5728 bique.
