3972 6206
368 220 469 275 375

1201 203 1594 260 COLVENEIHI
1639 199 1912 253 SCIIOHA
1957 198 2019 251 IN
2065 197 2234 250 IIIS'I'.
2278 195 2561 250 REMENS.
2608 193 2869 248 ECCLES.

3607 194 3736 249 376

447 348 718 404 Praemissi
738 345 966 412 denique
1006 339 1218 393 concilii
1242 335 1518 405 prmsules,
1569 331 1874 400 apostolicae
1913 344 1994 381 se-
2019 327 2250 400 Aregni
2282 342 2313 379 a
2342 324 2532 378 Carolo
2565 323 2746 386 Calvo,
2803 330 2953 392 patre
3003 323 3176 392 ipsius
3214 322 3422 377 Judith.
3461 323 3743 376 Videatur

376 446 460 498 (lis
500 441 800 495 obedientcs
828 435 1130 504 proscriptis,
1186 436 1316 490 etc,
1347 425 1662 494 hujusmodi
1691 422 1989 491 praeferen—

381 544 454 591 tes
476 533 776 604 epistolam.
806 529 927 581 Ilzec
990 522 1241 594 epistola,
1274 520 1428 587 cujus
1493 514 1787 569 summaria
1817 512 1996 581 capita

385 617 762 676 tantummodo
803 615 891 668 hic
937 614 1272 674 inseruntur,
1327 616 1411 661 est
1464 605 1728 675 synodica
1768 600 1997 670 epistola

385 708 604 766 concilii
636 704 944 768 Trecensis,
978 703 1046 754 de
1078 716 1187 770 quo
1228 697 1366 752 infra
1425 713 1543 766 cap.
1608 695 1692 758 17,
1728 691 1876 762 quod
1908 707 1998 742 ce-

389 805 658 859 lebratum
701 806 783 852 est
851 797 916 849 al)
974 794 1169 847 iisdem
1219 790 1495 860 episcopis
1548 802 1692 841 anno
1724 781 2000 853 sequenti,

390 895 645 952 videlicet
686 891 811 954 867,
871 906 900 942 a
949 887 1147 957 quibus
1211 883 1547 939 celebratum
1606 875 2002 933 eratSuessio-

395 1000 562 1040 nensc
594 997 738 1036 anno
771 978 895 1043 866,
956 984 1014 1030 ut
1063 976 1178 1044 ipse.
1232 972 1424 1026 titulus
1479 970 1703 1032 indicat,
1734 967 2006 1020 destinata

394 1075 618 1147 quidem
677 1071 744 1124 ad
792 1067 1093 1129 Nicolaum,
1140 1063 1234 1115 sed
1289 1060 1496 1113 reddita
1546 1059 1665 1125 ejus
1695 1052 2001 1109 successori

395 1145 630 1221 ddriano
665 1163 724 1215 Il.
755 1152 1386 1215 Exstattom.lIIConcil.
1425 1151 1477 1203 in
1507 1145 2003 1218 tineprimzepartis

395 1259 486 1313 ubi
528 1253 790 1327 prmeedit
816 1260 870 1306 et
900 1249 1004 1302 alia
1033 1240 2003 1316 epistolaeorumdemepiscoporum

398 1369 459 1404 ex
501 1347 736 1403 concilio
765 1339 1150 1396 Suessionensi
1173 1337 1373 1406 scripta
1406 1349 1550 1388 anno
1579 1330 1878 1402 superiori,
1911 1343 2008 1382 cu-

391 1442 482 1508 jus
513 1437 674 1508 paulo
705 1433 960 1503 superius
1009 1437 1196 1482 auctor
1249 1434 1435 1480 noster
1475 1422 1742 1477 meminit.
1779 1422 2008 1473 lIacau-

399 1543 506 1588 tem
541 1527 773 1600 epistola
804 1525 856 1589 2,
893 1523 1052 1592 plene
1101 1518 1445 1574 satisfaciunt
1506 1517 1571 1569 iis
1601 1531 1724 1584 quat
1758 1512 2009 1565 Nicolaus

401 1639 541 1693 papa
582 1617 814 1688 epistola
853 1613 922 1666 46
967 1610 1102 1680 ipsis
1157 1609 1486 1676 injunxerat.
1521 1603 1811 1672 Inscriptio
1848 1599 2010 1670 paulo

2093 416 2330 470 Jacobus
2382 415 2627 483 lileyerus
2684 413 2735 465 in
2796 411 3100 465 Annalibus
3147 413 3332 466 Fland.
3395 429 3547 466 anno
3597 412 3736 465 353.

2100 507 2246 558 Inter
2274 505 2435 573 epist.
2471 502 2670 556 Nicolai
2700 503 2782 553 lim
2812 508 2938 553 sunt
2963 502 3029 554 de
3063 517 3226 554 causa
3255 502 3508 554 Balduini
3532 501 3707 564 20,21
3731 544 3745 563 ,

2099 596 2186 659 30,
2217 595 2285 650 3‘2
2314 596 2470 659 et5‘2,
2504 611 2624 664 quae
2670 609 2862 646 omnes
2921 591 3034 645 fere
3066 601 3192 645 sunt
3224 594 3290 645 ad
3335 593 3514 662 ipsum
3561 592 3744 645 Caro-

2103 692 2212 744 lum
2245 698 2515 761 regemnlt
2547 688 2810 741 Italduino
2846 696 3046 758 parcat.
3083 688 3350 742 Vicesima
3387 703 3496 739 una
3537 693 3625 739 est
3663 687 3743 738 ad

2108 780 2558 837 Ilermentrudem
2619 780 2887 853 reginam.
2927 781 3011 833 Ea}
3040 797 3163 850 quae
3207 787 3332 832 sunt
3373 778 3438 830 ad
3468 778 3744 830 llincma-

2106 893 2247 940 rum,
2279 890 2509 945 quarum
2541 873 2792 925 meminit
2822 873 2923 926 hoc
2963 871 3165 940 capite,
3202 887 3313 924 non
3345 876 3588 923 exstant.

2715 980 2920 1034 CAPUT
2976 980 3116 1032 XIII.

2175 1081 2248 1130 De
2274 1091 2440 1128 causa
2481 1075 2712 1129 Rothalli
2743 1074 3050 1126 Sucssonici
3078 1074 3315 1140 episcopi
3343 1073 3601 1138 depositi.
3640 1071 3752 1123 De.—

2106 1166 2316 1236 positus
2359 1164 2456 1216 fuit
2481 1164 2566 1216 hic
2603 1163 2898 1221 Rothadus,
2926 1163 3066 1224 sive,
3102 1169 3156 1215 ut
3189 1168 3268 1215 est
3304 1161 3641 1231 plerumque
3693 1162 3753 1213 in

2110 1263 2239 1310 tom.
2270 1253 2635 1308 Conciliorum
2672 1259 2723 1305 et
2755 1250 3098 1305 Bibliotheca
3131 1251 3370 1314 Patrum,
3407 1250 3750 1311 Rothaldus,

2109 1353 2328 1398 auctore
2365 1343 2653 1395 IIincmaro
2711 1341 3060 1413 congregatis
3120 1340 3328 1409 aliquot
3371 1339 3662 1407 episc0pis
3697 1339 3754 1390 in

2112 1435 2322 1504 synodo
2356 1431 2754 1485 Silvanectensi
2818 1447 2963 1484 anno
2995 1432 3117 1490 818:},
3162 1445 3352 1482 mense
3385 1427 3578 1481 .lunio.
3620 1428 3752 1490 Qui,

2117 1531 2208 1584 illo
2240 1530 2290 1582 in
2325 1528 2715 1581 n'iona‘lsterium
2787 1526 3033 1582 detruso,
3090 1525 3260 1577 alium
3309 1522 3752 1581 substituerunt,

2117 1640 2226 1678 non
2259 1623 2512 1677 obstante
2564 1621 2932 1690 appellatione
2967 1621 3032 1673 ad
3067 1620 3259 1672 sedem
3293 1618 3690 1688 apostolicam.
3727 1634 3758 1668 a

619 1676 629 1688 ,
990 1676 999 1680 -

538 1711 545 1718 .
713 1715 719 1718 .
784 1706 792 1713 -
892 1711 901 1718 .
1011 1702 1018 1709 -
1117 1698 1476 1718 n___:i:-_-_..-
1567 1703 1611 1718 .-ι
1648 1695 1697 1718 ε-.
1738 1691 2012 1718 Αμυηι-...ιίη

404 1675 629 1718 ³³.’
784 1706 792 1713 .
990 1675 1018 1709 ’.
1135 1675 1316 1714 ,⁷..
1649 1695 1656 1703 .
1973 1691 1980 1698 .
2069 1675 2282 1704 ιθθ-ννν
2602 1675 2649 1690 ιι
3327 1675 3339 1688 ,

403 1714 616 1783 plenior
643 1715 726 1760 ρει
783 1721 835 1757 In
889 1711 1054 1757 ίοῐῐιιδ
1116 1699 1502 1759 (ιθηθιῃονυηῖθ
1564 1703 1699 1786 mf"
1735 1691 2016 1786 OI’PSCUIIS
2046 1675 2089 1740 Ι)
2119 1732 2226 1786 qua
2255 1723 2446 1785 pestea
2465 1715 2581 1767 sedi
2605 1730 2716 1767 sum
2758 1721 2838 1766 est
2872 1712 3175 1771 restitutus,
3228 1728 3352 1764 cum
3388 1710 3525 1762 nulli
3557 1717 3758 1763 contra

407 1799 678 1854 llincmari
735 1811 910 1864 nuper
958 1791 1122 1845 editis
1165 1804 1260 1858 per
1295 1787 1561 1840 Joannem
1615 1779 2019 1836 Lemovicensis

406 1895 660 1951 Ecclesia:
691 1891 1017 1946 canonicum
1052 1903 1064 1938 :
1094 1905 1118 1934 (ι
1181 1879 1660 1936 lteverendissimo
1702 1884 1755 1930 et
1785 1875 2020 1929 sanctis-

406 1989 546 2040 simo
572 1983 795 2038 domino
831 1979 972 2033 Patri
1009 1992 1071 2030 ac
1103 1970 1401 2029 universali
1435 1986 1588 2039 papae
1617 1967 1860 2030 Nicolao,
1903 1964 2021 2033 epi-

408 2074 694 2146 scopi,qui
718 2069 994 2142 prieterito
1042 2079 1186 2119 anno
1236 2079 1334 2133 per
1365 2060 1595 2130 gratiam
1629 2056 1722 2110 Dei
1753 2055 2024 2108 etdecre-

410 2177 520 2221 tum
554 2173 791 2217 vestrum
829 2158 974 2229 apud
1032 2153 1418 2208 Suessonicam
1465 2148 1658 2202 urbem
1717 2161 1846 2199 cum
1906 2142 2028 2195 aliis

411 2260 504 2331 qui
538 2267 665 2310 tunc
693 2247 1294 2321 netptieruntadeesse,
1313 2259 1405 2295 VIII
1435 2237 1664 2292 Kalend.
1685 2233 2027 2298 Novembris,

416 2351 589 2422 prima
610 2344 912 2400 indictione
944 2338 1090 2409 apud
1117 2338 1315 2390 Trecas
1359 2330 1743 2386 convenimus.
1777 2349 1799 2376 ι)
1833 2326 2031 2378 Praeter

416 2445 625 2496 litteras
689 2433 983 2506 synodales
1036 2445 1099 2482 ex
1139 2425 1339 2489 conctl,
1383 2440 1417 2475 ιι
1461 2416 1847 2474 Suessionensi
1881 2413 2034 2468 dedit

417 2544 471 2588 et
502 2534 764 2603 privatam
804 2525 963 2595 epist.
1005 2521 1329 2574 llincmarus
1368 2515 1434 2569 ad
1468 2512 1749 2567 Nicolaum
1783 2524 1979 2578 papam
2017 2523 2030 2569 ;

421 2646 529 2700 qua
555 2644 612 2680 se
636 2630 861 2678 excusat
901 2617 1045 2689 quod
1079 2630 1186 2668 non
1243 2612 1423 2665 statim
1466 2608 1696 2662 clericos
1729 2605 1850 2658 illos
1876 2602 2037 2657 resti-

425 2695 608 2775 tuerit.
673 2717 851 2768 Exstat
879 2709 1023 2779 apud
1059 2703 1348 2759 Baronium
1406 2699 1553 2753 dicto
1585 2711 1729 2750 anno
1752 2695 1877 2756 866,
1913 2701 2037 2763 post

425 2811 710 2883 epistolam
739 2803 1084 2875 synodalem.
1121 2799 1356 2865 Utraque
1404 2795 1570 2845 missa
1605 2797 1688 2843 est
1730 2805 1827 2858 per
1852 2787 2036 2861 Egilo-

429 2919 550 2955 nem
570 2894 1039 2964 archiepiscopum
1073 2888 1473 2940 Senoncnsem.
1502 2881 1563 2934 Ut
1594 2887 1775 2934 autem
1800 2877 2035 2948 epistola

429 2992 692 3064 synodica
721 2983 1005 3040 Trecensis
1028 2987 1139 3034 tota
1169 2977 1299 3031 huic
1345 2992 1465 3044 cap.
1502 2989 1610 3027 non
1644 2970 1924 3035 inseritur,
1957 2970 2036 3022 sic

518 3087 584 3138 iis
615 3101 735 3155 quze
763 3079 930 3134 habet
963 3072 1298 3130 Flodoardus
1345 3073 1643 3140 potuerunt
1673 3065 1884 3134 aliquot
1912 3063 2047 3118 locis

432 3177 674 3250 suppleri
716 3191 780 3228 ea
811 3189 930 3242 quae.
949 3169 1150 3223 desunt
1178 3166 1230 3218 in
1260 3172 1392 3218 tom.
1431 3159 1796 3215 Conciliorum
1817 3167 1871 3211 et
1901 3157 2047 3226 apud

434 3266 772 3323 Cordesium.

503 3363 566 3414 In
596 3360 706 3411 suis
733 3353 1012 3408 ordinibus
1049 3352 1328 3403 restituere
1359 3342 1895 3401 maturassemus.Sic
1926 3341 2049 3411 qui-

438 3454 563 3506 dem
597 3451 630 3501 S
655 3448 776 3513 etJ,
801 3446 897 3500 sed
929 3459 1112 3497 errore
1146 3441 1234 3495 hic
1258 3439 1521 3510 positum,
1548 3453 1669 3491 cum
1704 3451 1832 3490 vera
1884 3433 2049 3486 lectio

439 3545 529 3610 sit,
591 3557 752 3611 quam
822 3536 1023 3590 habent
1069 3532 1116 3585 Μ
1149 3539 1202 3586 et
1237 3531 1294 3598 C,
1324 3535 1733 3583 maturaremus
1774 3526 1848 3578 lta
1903 3523 2048 3576 enim

441 3640 520 3688 est
544 3633 596 3686 in
629 3639 758 3685 tom.
786 3625 1017 3690 Concil.,
1059 3624 1131 3676 ita
1191 3622 1244 3673 in
1302 3619 1494 3673 eadem
1523 3616 1754 3686 epistola
1778 3614 1923 3667 edita
1955 3629 2052 3683 per

443 3725 780 3784 Cordesium,
842 3728 894 3773 et
945 3718 1000 3770 in
1055 3713 1286 3785 epistola
1336 3709 1613 3764 llincmari
1667 3708 1735 3759 ad
1770 3707 2049 3760 Nicolaum

443 3835 662 3892 papam,
695 3831 815 3887 quin
847 3819 932 3865 est
958 3808 1202 3864 secunda
1252 3805 1392 3858 inter
1446 3819 1538 3856 eas
1592 3817 1728 3872 quas
1762 3800 2054 3854 Cordesius

444 3912 634 3974 edidit,
661 3915 712 3961 et
743 3908 798 3960 in
821 3903 1054 3974 epistola
1081 3897 1313 3954 secundi
1343 3895 1544 3950 concil.
1579 3895 1746 3948 Suess
1793 3894 1861 3946 ad
1893 3909 2055 3946 cum-

447 4003 569 4055 dem
601 3997 904 4052 Nicolaum.

518 4091 739 4157 Scripta
762 4099 987 4154 quoque,
1017 4095 1134 4149 qum
1161 4079 1285 4131 hinc
1315 4093 1349 4130 α
1376 4080 1559 4129 vestra
1586 4078 1907 4128 auctoritate
1961 4074 2054 4127 di-

447 4186 609 4235 recta.
646 4178 733 4231 Sic
762 4175 845 4228 Cl.
876 4169 1158 4226 Consentit
1209 4167 1372 4222 lectio
1405 4183 1524 4238 (μιιο
1555 4173 1635 4219 est
1664 4165 1716 4217 in
1746 4173 1880 4218 tom.
1924 4164 2066 4219 Con-

449 4274 536 4330 cil.
570 4271 673 4325 nisi
715 4283 824 4339 quo
844 4281 942 4337 pro
959 4261 1082 4318 hinc
1103 4263 1247 4333 legat
1279 4262 1397 4314 huc.
1418 4260 1479 4312 At
1501 4260 1624 4312 hinc
1653 4258 1824 4327 accipi
1863 4268 2062 4328 potest,

2121 1822 2248 1858 eum
2287 1811 2636 1857 accusatores
2692 1803 2875 1855 Roma:
2908 1808 3310 1870 comparerent.
3344 1817 3444 1852 nec
3476 1800 3599 1867 ipse
3638 1799 3756 1850 Odo

2123 1893 2528 1947 Bellovacensis
2551 1892 2868 1961 cpiscopus.
2895 1891 2988 1961 qui
3021 1890 3086 1942 ab
3135 1891 3234 1942 hac
3268 1888 3480 1958 synodo
3521 1889 3758 1940 Romam

2124 1983 2321 2035 missus
2352 1982 2548 2040 fuerat,
2604 1997 2728 2033 eum
2802 1986 3103 2034 accusaret.
3137 1979 3207 2030 De.
3255 1977 3458 2047 quibus
3492 1974 3766 2027 omnibus

2127 2071 2233 2123 late
2256 2070 2443 2124 Videre
2473 2078 2552 2122 est
2594 2069 2882 2138 epistolam
2933 2068 3001 2119 28
3036 2067 3240 2119 Nieolai
3287 2081 3438 2134 papae
3475 2062 3672 2131 primi,
3708 2073 3762 2114 et

2130 2167 2427 2228 sequentes
2456 2174 2630 2228 usque
2663 2157 2728 2210 ad
2787 2158 2874 2209 2H.
2913 2159 3036 2219 Quze
3070 2153 3346 2207 sexdecim
3380 2151 3634 2220 epistolae
3671 2167 3766 2204 ex-

2131 2257 2244 2304 tant
2273 2265 2494 2319 quoque
2545 2256 2676 2301 tom.
2725 2248 2790 2300 III
2820 2247 3175 2299 Bibliotheca:
3225 2245 3442 2296 I’atrum
3498 2242 3767 2294 secunda:

2133 2338 2412 2393 editionis.
2441 2339 2500 2391 Et
2532 2347 2678 2391 certe
2732 2337 3053 2390 llincmarus
3089 2334 3140 2386 in
3174 2350 3270 2386 sua
3302 2332 3539 2400 epistola
3566 2331 3768 2399 apolo-

2135 2431 2476 2502 gctica,quze
2525 2437 2639 2482 toto
2698 2427 3018 2497 hoccapite
3073 2425 3410 2482 continetur,
3463 2422 3661 2474 scribit
3707 2439 3768 2473 se.

2137 2521 2350 2572 mittere
2399 2519 2630 2571 vicarios
2697 2533 2847 2583 suos,
2908 2536 2932 2566 α
2983 2531 3092 2568 non
3151 2521 3502 2566 accusatores
3527 2511 3598 2562 ad
3621 2526 3766 2563 con-

2140 2608 2462 2681 ﬂigendum,
2534 2607 2632 2659 sed
2700 2614 2760 2660 ut
2816 2623 2846 2658 a
2924 2603 3170 2657 ltothado
3229 2609 3392 2670 atque.
3474 2618 3502 2652 a
3571 2598 3768 2652 \‘icinis

2138 2703 2443 2760 accusatus,
2512 2696 2576 2748 ad
2637 2693 3026 2754 intimandum,
3115 2689 3260 2760 quod
3324 2704 3434 2740 non
3500 2686 3555 2736 in
3630 2699 3770 2736 con-

2140 2793 2406 2855 temptum
2430 2786 2578 2838 sedis
2629 2783 2965 2854 apostolica;
3029 2780 3399 2850 appellantem
3455 2773 3765 2828 Itothadum

2136 2879 2439 2931 secundum
2471 2877 2826 2930 Sardicenses
2873 2890 3114 2928 canones
3148 2872 3336 2924 sedem
3382 2866 3768 2937 apostolicam,

2137 2970 2232 3024 sed
2256 2985 2381 3022 cum
2414 2970 2506 3039 qui
2539 2969 2604 3021 ad
2650 2969 2948 3022 electorum
2990 2964 3260 3030 judicium
3324 2961 3392 3013 de
3426 2957 3594 3012 certis
3622 2956 3771 3025 capi-

2071 3046 2119 3112 Ο
2146 3063 2274 3117 tulis
2307 3063 2618 3132 provocavit
2668 3061 2821 3127 juxta
2878 3058 3336 3129 Carthaginenses
3397 3061 3449 3106 et
3482 3052 3766 3105 Africanos

2149 3167 2491 3216 canones,ac
2523 3153 2743 3204 decreta
2802 3149 2945 3201 beati
2998 3139 3771 3218 Gregorii,regulariterjudi-

2150 3243 2412 3298 cavimus.
2452 3268 2474 3290 ››
2511 3242 2728 3295 Sicille.
2764 3241 2957 3294 Verum
2995 3239 3048 3291 id
3079 3243 3241 3308 negat.
3277 3234 3562 3287 ltothadus
3593 3234 3648 3285 in
3678 3247 3772 3284 sua

2151 3335 2688 3404 appellatione,qua:
2722 3338 2894 3385 exstat
2929 3339 3050 3399 post
3079 3328 3240 3396 epist.
3263 3323 3327 3379 37
3353 3324 3562 3378 Nicolai
3601 3338 3774 3392 papaz,

2152 3434 2312 3497 atque
2364 3427 2416 3478 in
2473 3441 2538 3479 eo
2594 3425 2809 3477 videtur
2862 3422 3136 3492 pzarcipua
3195 3417 3578 3473 controversia
3614 3416 3778 3480 hujus

2152 3534 2327 3572 causa!
2388 3519 2710 3571 consistere.
2773 3516 2947 3568 Exstat
3016 3521 3187 3567 totum
3259 3512 3358 3564 hoc
3430 3506 3774 3578 caputapud

2154 3611 2347 3664 Baron.
2383 3617 2512 3662 tom.
2539 3610 2601 3671 Χ,
2631 3624 2775 3662 anno
2817 3608 2941 3670 Stil,
2979 3605 3073 3658 sed
3124 3621 3188 3657 ex
3239 3603 3399 3656 unico
3453 3598 3778 3668 exemplari,

2154 3715 2354 3769 eoque,
2383 3705 2439 3751 ut
2473 3698 2668 3751 fatetur
2713 3695 2996 3759 Baronius,
3033 3710 3141 3746 non
3168 3693 3286 3745 sine
3320 3689 3559 3743 mendis.

2228 3791 2459 3856 Quidam
2492 3795 2859 3859 episcoporum
2916 3791 3066 3852 regni
3127 3786 3395 3845 Lolharii,
3457 3783 3783 3835 :eloamaro

2158 3889 2342 3937 contra
2377 3899 2470 3936 nos
2505 3883 2671 3947 ducti,
2701 3883 2829 3950 quia
2854 3881 3067 3931 illorum.
3108 3877 3347 3929 consiliis
3380 3875 3444 3928 de
3475 3874 3785 3926 Walrlrada

2157 3996 2262 4033 non
2293 3981 2677 4048 acquiecimus.
2714 3975 3000 4031 Lotharius
3032 3990 3145 4034 rex,
3179 3971 3324 4024 tilias
3349 3969 3596 4023 Lotharii
3628 3969 3780 4037 imp.,

2159 4071 2445 4142 repudiata
2469 4069 2714 4142 legitima
2747 4083 2914 4120 uxore
2956 4064 3324 4135 Tl'nrulberga,
3361 4063 3502 4114 hanc
3533 4060 3784 4112 Waldra-

2167 4164 2290 4216 dam
2321 4161 2685 4216 concubinam
2744 4158 2848 4212 sibi
2911 4157 2963 4209 in
3022 4153 3431 4208 matrimonium
3467 4151 3780 4213 asciverat;

2167 4268 2274 4322 qua
2301 4252 2368 4302 de
2402 4266 2459 4303 re
2488 4249 2673 4302 mulae
2697 4263 2918 4318 quoque
2969 4250 3182 4297 exstant
3214 4240 3420 4295 Nicolai
3473 4256 3634 4308 papae
3664 4239 3782 4306 epi-

451 4378 558 4416 non
590 4368 648 4413 ut
685 4354 1003 4412 adverbium
1036 4351 1162 4415 loci,
1211 4350 1307 4404 sed
1349 4364 1468 4418 qum
1497 4350 1641 4414 hinc,
1673 4348 1725 4401 id
1756 4355 1836 4401 est
1867 4350 1930 4402 de
1967 4350 2066 4402 hac
2093 4345 2340 4436 Dstolze,
2382 4329 2724 4396 etllincinari
2762 4339 3030 4409 prolixum
3061 4335 3387 4405 epuseulum
3429 4332 3498 4384 de
3548 4331 3784 4384 divortio

449 4469 525 4517 re,
556 4449 663 4515 MS,
684 4462 800 4517 qua:
849 4446 972 4497 hinc
1001 4458 1030 4494 (ι
1087 4445 1274 4494 nostra
1303 4439 1640 4491 auctoritate.
1681 4435 1788 4488 Sed
1826 4436 2063 4504 priorem

452 4545 747 4600 lectionem
813 4537 1096 4607 requirunt
1174 4549 1238 4586 ea
1295 4545 1416 4601 quae
1485 4528 1801 4599 praecedunt
1850 4534 1902 4581 et
1967 4544 2063 4580 se-

453 4644 714 4710 quuntur.

1089 4694 1295 4751 CAPUT
1325 4693 1439 4746 XII.

533 4819 856 4875 Fanonicam
886 4815 944 4866 in
985 4811 1106 4880 jam
1163 4808 1365 4861 dictum
1398 4803 1746 4867 Balduinum,
1779 4806 1827 4854 et
1856 4801 2067 4867 Judith,

455 4909 747 4967 secundum
777 4906 951 4958 edicta
984 4902 1124 4955 beati
1155 4899 1420 4963 Gregorii,
1450 4896 1516 4948 ab
1555 4893 1812 4962 episcopis
1832 4892 2073 4960 depromi

458 5003 776 5059 sententiam
805 4999 950 5065 fecit.
991 4994 1046 5046 Id
1075 4999 1156 5046 est
1199 4988 1408 5044 curavit
1459 5003 1552 5040 eos
1583 4983 2066 5039 excommunicari.

461 5091 772 5162 Itespicitur
801 5095 1005 5148 autem,
1031 5093 1088 5137 ut
1112 5087 1359 5152 apparet,
1394 5077 1460 5132 ad
1503 5077 1782 5130 decretum
1815 5075 1878 5128 10
1927 5073 2062 5126 et“

460 5184 708 5260 Gregorii
750 5183 871 5237 llin
902 5178 1114 5250 synodo
1161 5176 1426 5239 Romana,
1475 5188 1597 5241 cap.
1651 5171 1712 5225 Si
1741 5171 1862 5239 quis
1902 5169 2074 5233 virgi-

459 5259 583 5335 nem,
609 5279 698 5344 36,
722 5275 849 5348 q.2,
883 5289 990 5345 quo
1033 5287 1154 5339 cap.
1213 5274 1462 5337 raptores
1501 5263 1771 5337 virginum
1806 5268 1859 5316 et
1884 5259 2076 5314 vidua-

461 5386 579 5425 rum
611 5361 1073 5421 cxcommunicari
1092 5359 1374 5430 jubentur.

534 5464 604 5514 Et
632 5460 855 5511 honores
885 5456 1152 5512 Balduino
1186 5465 1288 5518 pro
1343 5453 1522 5501 vestra
1568 5444 1895 5498 solummodo
1931 5444 2072 5510 peti-

465 5550 605 5600 tione
631 5548 873 5600 dona'vit.
905 5543 998 5600 Hic
1052 5538 1374 5599 Balduinus,
1423 5541 1792 5609 cognomento
1821 5533 2070 5594 Ferreus,

465 5633 674 5702 primus
723 5631 922 5686 dicitur
973 5637 1190 5685 creatus
1237 5640 1422 5678 comes
1463 5621 1729 5676 Flandrite
1761 5636 1859 5674 seu
1890 5634 2075 5674 comes

2168 4435 2404 4492 Lotharii
2427 4434 2571 4506 regis
2601 4439 2652 4485 et
2681 4431 3001 4500 Teutbergat
3029 4427 3255 4500 regina}.

2236 4534 2306 4586 Et
2330 4531 2446 4582 ideo
2476 4533 2535 4582 ut
2572 4543 2625 4581 se
2653 4526 3004 4586 concreta-et,
3057 4523 3316 4574 locarium
3364 4521 3412 4570 ci
3451 4519 3780 4585 promitti-Te.

2170 4623 2257 4677 Sic
2289 4621 2323 4676 Ο
2351 4629 2404 4676 et
2441 4622 2486 4675 J.
2523 4621 2730 4674 Dicitur
2784 4625 2965 4671 autem
3018 4614 3283 4669 locarium
3330 4627 3360 4664 a
3393 4611 3537 4673 loco,
3573 4610 3669 4662 ubi
3704 4611 3782 4663 lo-

2171 4728 2316 4777 care,
2361 4710 2414 4764 id
2458 4719 2540 4763 est
2569 4709 2866 4773 collocare,
2922 4714 2972 4757 te
3023 4703 3218 4773 possis.
3281 4698 3591 4772 Significat,
3659 4708 3786 4754 teste

2170 4807 2434 4866 Varrone,
2466 4801 2699 4872 pretium
2734 4799 2880 4868 quod
2936 4797 3095 4848 datur
3126 4795 3178 4846 in
3211 4791 3430 4846 stabulo
3454 4797 3506 4843 et
3545 4790 3782 4843 taberna.

2174 4895 2328 4949 Unde
2355 4892 2556 4945 Gallice
2615 4890 2844 4944 vertitur
2892 4900 3104 4950 moi/ens
3137 4884 3198 4934 de
3236 4885 3402 4933 γέων.
3439 4879 3526 4931 MS.
3562 4888 3616 4931 et
3649 4878 3785 4932 aliud

2175 4982 2456 5052 exemplar
2494 4980 2685 5050 legunt
2732 4977 3028 5045 jocarium,
3098 4970 3246 5041 quod
3305 4969 3448 5021 idem
3481 4967 3786 5038 signiﬁcare

2174 5079 2352 5147 potest
2383 5071 2530 5142 quod
2574 5071 2771 5138 jocale,
2806 5066 2918 5119 Gall
2977 5066 3191 5132 joy/num
3225 5080 3237 5124 ;
3265 5062 3358 5114 sed
3383 5061 3511 5115 huic
3541 5061 3661 5113 loco
3690 5076 3787 5114 non

2175 5164 2430 5238 congruit
2464 5181 2475 5215 :
2513 5162 2662 5232 prior
2690 5168 2871 5213 autem
2899 5157 3061 5210 lectio
3089 5164 3141 5207 et
3170 5152 3501 5224 signiﬁcatio
3539 5152 3787 5220 probatur

2180 5275 2245 5313 ex
2278 5257 2344 5310 iis
2375 5272 2496 5325 qua:
2522 5270 2631 5308 non
2664 5252 2835 5305 multo
2869 5256 2994 5303 ante
3028 5244 3364 5316 pra-modum.

2246 5353 2315 5404 Et
2345 5349 2557 5401 itineris
2570 5344 2908 5411 longitudine
2939 5345 3099 5408 atque
3123 5335 3456 5390 insoliditale
3485 5337 3780 5388 obstriclas.

2175 5442 2283 5496 Iter
2312 5439 2610 5493 insolidum
2643 5446 2818 5499 vocat,
2877 5449 2984 5485 non
3037 5438 3230 5491 tutum,
3297 5426 3501 5482 Gallice
3535 5429 3646 5481 mal
3682 5431 3777 5481 sar.

2177 5529 2433 5593 Quaedam
2487 5527 2820 5597 exemplaria
2845 5525 2952 5577 duo
2983 5521 3147 5574 verba
3174 5518 3383 5572 faciunt
3415 5521 3473 5572 in
3504 5520 3782 5578 soliditate,

2176 5618 2271 5672 sed
2307 5633 2416 5672 non
2441 5624 2608 5672 recte.
