3972 6206
200 270 305 325 377

1627 284 1687 336 1Ν
1734 284 1979 338 LIBRUM
2022 287 2110 339 111.

3432 292 3534 345 378

270 410 388 463 Nisi
441 409 689 476 qtuunliu
720 410 881 476 ejecta
910 413 1024 463 sine
1090 414 1197 465 nilo
1226 416 1445 467 crimine
1494 417 1561 467 ab
1618 433 1679 469 ea
1719 432 1813 469 suo
1844 425 1887 487 ,χ
1920 425 1973 471 01
2002 419 2339 473 recentiores
2379 419 2686 473 scribentes
2725 420 2791 473 de
2845 420 3147 473 lia'resibus
3197 421 3374 474 solum
3401 422 3532 475 illud

191 500 462 565 pontiﬁce.
503 497 725 551 Scilicet
794 499 1107 567 Rigoberto,
1170 502 1238 555 de
1270 519 1378 573 quo
1426 521 1594 573 supra
1624 505 1716 559 lib.
1754 523 1811 567 ιι,

193 590 433 658 eap.1‘2.
483 591 610 652 Quae
668 591 835 645 dictio
884 592 987 645 alia
1050 610 1210 646 manu
1257 613 1424 665 snper
1475 598 1645 651 lineas
1677 599 1730 651 in
1766 600 1811 652 Μ

197 675 376 746 posita
403 683 505 740 est,
537 694 768 748 eamque
802 680 834 729 Β
865 686 913 731 01
941 680 965 732 J
1000 681 1051 732 in
1073 688 1271 735 textum
1309 685 1629 740 retulerunt.

270 767 424 829 Quod
451 769 672 830 fin-ams
704 770 775 820 sit
806 784 887 821 res
945 776 994 820 et
1024 772 1334 825 thesaurum
1364 776 1607 829 ert-(mite.
1641 777 1727 829 Sic
1754 776 1808 841 (ἶ,

193 873 317 925 qlue
350 872 475 909 vera
506 857 924 912 videturlectio.
960 860 1205 931 Reliqua,
1238 862 1536 921 fraudatus.

808 948 1015 1003 CAPUT
1073 952 1201 1005 XIV.

264 1036 359 1088 Ad
386 1038 803 1091 conciliabulum
853 1056 1025 1108 nuper
1068 1045 1221 1096 Metis
1250 1046 1515 1111 habitum,
1548 1051 1693 1117 quor]
1718 1064 1809 1103 ro-

189 1128 311 1177 curi
365 1126 629 1191 sy/notlm’n
664 1131 927 1181 t‘t‘lttisttS.
965 1129 1143 1182 Exstat
1196 1139 1322 1185 tom.
1384 1135 1449 1187 111
1499 1134 1704 1189 Coneil.
1758 1139 1811 1191 in

189 1214 302 1267 line
336 1215 526 1284 prima:
552 1219 740 1285 partis,
792 1218 1034 1272 habitum
1071 1238 1217 1275 anno
1248 1203 1371 1287 5363,
1405 1242 1593 1279 mense
1623 1228 1811 1290 Junio,

187 1311 245 1361 in
311 1328 476 1363 causa
535 1314 762 1381 repudii,
786 1314 1143 1387 Theutbergw
1214 1320 1417 1391 reginae
1478 1338 1507 1373 a
1563 1323 1814 1377 Lethario

186 1418 322 1473 rege
355 1403 505 1455 facti.
551 1404 832 1458 Damnavit
874 1406 1008 1459 illud
1066 1408 1361 1461 Nicotaus]
1397 1411 1449 1462 in
1468 1413 1709 1467 concilio
1747 1415 1811 1467 Ill

188 1497 444 1549 Romano
468 1496 568 1548 sub
600 1497 719 1565 ipso
754 1497 939 1550 habito
961 1500 1154 1552 eodem
1186 1517 1349 1554 anno.

266 1588 502 1640 Tandem
562 1591 615 1641 in
681 1592 1003 1654 Moguntina
1055 1595 1271 1647 ciritntc
1329 1598 1521 1649 habita.
1586 1600 1814 1663 sl/norio.

181 1678 412 1731 Itabnno
451 1678 846 1745 archiepiscopo
900 1680 1139 1733 libellam
1172 1685 1260 1734 sui
1289 1688 1485 1736 erroris
1508 1688 1818 1753 porrigens,

181 1767 485 1817 damnatus
531 1766 597 1817 ob
624 1767 867 1819 omnibus
902 1768 1198 1821 Grrmnniic
1230 1774 1512 1839 episcopis.
1542 1781 1645 1825 etc.
1694 1775 1816 1828 iitL‘C

181 1858 535 1925 estsynodus
586 1874 619 1909 ιι
678 1858 993 1930 Moguntina
1027 1861 1129 1913 sub
1155 1864 1392 1925 ltabano,
1426 1882 1570 1918 anno
1601 1848 1816 1920 Domini

174 1950 310 2012 818,
348 1957 593 2019 tempore
628 1950 825 2004 Leonis
855 1969 1007 2021 papa!
1052 1954 1127 2015 IV,
1177 1956 1243 2008 de
1294 1973 1404 2025 quo
1436 1959 1632 2011 eodem
1668 1976 1813 2013 anno

198 2040 473 2099 taronius,
509 2041 606 2091 sed
662 2056 724 2092 ex
768 2041 852 2093 his
903 2041 1188 2096 Flodoardi
1247 2046 1468 2115 scriptis
1517 2064 1579 2101 ex
1611 2049 1810 2103 Gallica

177 2128 377 2200 lingua
408 2128 582 2181 solum
610 2131 906 2183 translatis.

258 2218 449 2270 Postea
480 2224 661 2271 antmn
717 2236 749 2271 (ι
806 2222 1028 2286 Belgica:
1081 2225 1357 2277 Remorum
1409 2241 1469 2277 (ιο
1504 2228 1806 2281 Galliarum.

174 2313 589 2380 provinciarum
642 2315 901 2381 episcopis
933 2316 1171 2368 ntniitns.
1210 2316 1474 2369 Videlicet
1508 2319 1558 2369 in
1592 2321 1803 2387 synodo

178 2400 473 2453 Valentina
501 2416 644 2453 auuo
694 2402 819 2465 8553i,
874 2402 941 2453 ab
992 2403 1457 2472 episcopistrium
1493 2408 1800 2475 provincia-

178 2506 329 2551 rum,
364 2506 485 2558 quae
517 2496 689 2542 exstat
752 2497 879 2544 tom.
930 2492 996 2543 111
1050 2492 1257 2545 000011.
1304 2504 1457 2561 parte
1488 2511 1523 2558 ι,
1548 2495 1675 2547 etin
1704 2514 1797 2566 sy—

176 2579 332 2632 nodo
354 2578 594 2631 Tullensi
622 2578 677 2630 in
708 2579 975 2632 suburbio
1009 2580 1157 2634 illius
1189 2582 1359 2647 urbis,
1385 2583 1512 2637 villa
1552 2584 1800 2654 800000-

174 2671 291 2723 rias
323 2670 488 2733 dicta,
557 2670 624 2721 ab
694 2671 968 2741 episcOpis
1037 2674 1328 2727 duodecim
1392 2678 1797 2744 provinciarum

170 2778 325 2816 anno
352 2763 563 2815 Domini
598 2764 721 2823 8351),
787 2781 906 2832 qme
933 2764 1136 2817 ibidem
1194 2782 1301 2818 non
1338 2767 1549 2840 integre
1606 2777 1795 2823 exstat.

172 2853 443 2905 Videntur
470 2852 733 2905 Daronius
764 2854 862 2906 hoc
895 2870 1037 2906 anno
1069 2854 1121 2906 in
1158 2854 1475 2909 Annalibus.
1511 2858 1799 2929 Utriusque

174 2942 320 2995 intra
354 2942 603 2994 meminit
631 2951 822 2997 auctor
852 2958 970 3011 cap.
1010 2944 1088 2995 tt}.

250 3037 377 3101 Quir.
421 3040 609 3087 contra
671 3036 990 3087 catholicam
1054 3037 1212 3103 fidem
1278 3054 1345 3090 ea:
1386 3044 1547 3091 veteri
1607 3041 1797 3095 hmresi
1830 3058 1877 3124 ρ

176 3128 696 3189 Prwdwstinutinnn,
752 3134 880 3189 cte.,
925 3128 1099 3180 (licere
1154 3130 1422 3183 rideatur.
1459 3132 1621 3184 Recte
1662 3132 1799 3187 dicit

170 3222 449 3282 videatur,
486 3222 613 3291 quia
646 3224 896 3292 quaedam
926 3239 987 3276 ex
1046 3224 1127 3276 his
1171 3225 1313 3279 bene
1357 3227 1636 3281 intellecta
1670 3228 1797 3283 lidei

170 3328 286 3365 non
318 3313 680 3365 adversantur
729 3330 740 3364 :
786 3320 843 3365 ut
894 3315 1039 3383 quod
1100 3316 1347 3369 secundo
1398 3318 1518 3371 loco
1551 3317 1795 3381 affertur,

165 3402 571 3472 distinguendo
600 3401 669 3454 de
697 3402 980 3455 voluntate
1042 3404 1136 3456 Dei
1182 3405 1515 3474 heneplaciti
1548 3415 1601 3459 et
1626 3408 1790 3479 signi.

168 3499 306 3550 [tem
359 3497 517 3551 tertio
582 3499 720 3562 loco,
774 3499 919 3566 quod
981 3500 1225 3553 Christus
1284 3517 1382 3570 pro
1440 3504 1701 3556 omnibus
1726 3505 1797 3558 sit

167 3597 425 3642 mortuus
456 3598 509 3643 et
539 3590 832 3643 crucifixus
859 3592 1223 3659 sufficienter,
1268 3594 1393 3664 quia
1426 3596 1659 3663 pretium
1694 3596 1795 3650 fuit

165 3682 457 3735 sufliciens
489 3683 633 3752 quod
664 3683 815 3737 dedit
846 3702 857 3745 ;
890 3686 984 3737 sed
1020 3702 1129 3738 non
1150 3702 1246 3755 pro
1266 3688 1524 3741 omnibus
1556 3688 1797 3742 01110100-

174 3784 282 3835 ter,
313 3773 441 3842 quia
470 3788 577 3825 non
617 3774 875 3826 omnibus
927 3775 1253 3844 applicatur.
1290 3778 1345 3828 10
1376 3794 1539 3847 quem
1572 3796 1795 3833 sensum

172 3863 466 3933 respondit
492 3864 621 3917 olim
653 3866 705 3915 Β.
767 3866 999 3934 Prosper
1038 3868 1103 3919 ad
1166 3868 1409 3937 Capitula
1442 3872 1713 3925 Gallorum
1744 3882 1796 3926 et

176 3957 528 4022 objectiones
560 3957 965 4011 Vincentianas.
1030 3960 1180 4022 Quod
1244 3960 1421 4029 primo
1490 3964 1607 4017 loco
1640 3963 1794 4018 atfert

181 4045 511 4099 llincmarus
543 4045 626 4097 his
655 4045 840 4098 verbis
874 4063 885 4097 :
922 4073 942 4091 «ι
983 4047 1115 4100 Dicit
1164 4048 1446 4116 (nimirum
1480 4052 1795 4105 Gothescal-

176 4140 299 4205 cus)
334 4138 557 4207 quodet
593 4144 803 4191 veteres
854 4140 1324 4194 Praidcstinatiani
1348 4144 1601 4195 dixerunt
1655 4161 1796 4214 quo--

122 4278 123 4281 η
178 4229 326 4281 niam
395 4229 537 4281 sicut
570 4229 711 4281 Deus
759 4229 1023 4299 quosdam
1073 4232 1138 4283 ad
1186 4232 1345 4285 vitam
1403 4243 1683 4295 aiternam,
1719 4235 1793 4289 ita

174 4318 447 4387 quosdam
484 4318 893 4386 praedestinavit
930 4319 996 4371 ad
1033 4326 1261 4373 mortem
1302 4331 1584 4375 aiternam.
1625 4344 1646 4373 ››
1686 4324 1793 4377 1100

175 4406 349 4475 impie
370 4406 525 4458 abiis
579 4413 629 4459 et
687 4426 716 4461 a
748 4409 1105 4464 Gothescalco
1155 4412 1391 4478 dictum,
1442 4414 1569 4483 quia
1630 4414 1790 4469 (lice-

175 4495 311 4548 bant
334 4496 479 4549 fatali
504 4496 831 4550 necessitate
864 4515 928 4550 ex
962 4500 1444 4567 praedestinatione
1478 4503 1571 4555 Dei
1602 4520 1697 4558 eos
1728 4510 1794 4562 ad

177 4595 425 4657 peccata,
450 4590 653 4643 deinde
687 4591 740 4644 in
780 4604 1013 4646 mortem
1060 4596 1340 4664 compelli,
1376 4604 1429 4651 ut
1493 4607 1704 4654 constat
1731 4621 1793 4655 ex

174 4684 498 4751 objectione
541 4686 712 4753 prima
746 4689 798 4741 in
841 4688 1103 4758 Capitulis
1132 4692 1427 4757 Gallorum,
1451 4702 1504 4747 et
1546 4711 1663 4748 can.
1694 4698 1790 4752 ult.

174 4776 721 4831 concil.Arausieani
751 4796 809 4844 ιι,
853 4792 906 4834 et
932 4798 1051 4851 cap.
1081 4783 1134 4847 3,
1168 4786 1365 4839 coneil.
1413 4788 1704 4855 Valentini,
1740 4790 1792 4844 in

174 4882 307 4936 quo,
351 4866 518 4920 citato
584 4871 784 4923 eodem
843 4874 1042 4927 concil.
1078 4877 1791 4944 Arausicano,sicdicitur:

178 4980 199 5005 ι(
236 4959 433 5011 Verum
464 4959 683 5028 aliquos
704 4963 767 5014 ad
790 4964 990 5017 malum
1026 4967 1447 5034 przedcstinatos
1464 4986 1583 5022 esse
1607 4970 1795 5024 divina

173 5061 471 5123 potestate,
502 5055 759 5110 videlicet
799 5067 857 5111 ut
886 5061 1043 5129 quasi
1089 5062 1233 5114 aliud
1267 5080 1523 5117 essenon
1549 5073 1787 5134 possent,

174 5166 285 5202 non
306 5150 483 5203 solum
507 5165 617 5204 non
636 5154 933 5219 credimus,
959 5155 1053 5209 sed
1084 5156 1247 5210 etiam
1266 5158 1309 5210 si
1335 5159 1441 5211 sint
1464 5160 1555 5229 qui
1580 5166 1789 5213 tantum

174 5244 299 5297 mali
336 5244 567 5297 credere
607 5246 798 5311 velint,
837 5264 960 5302 cum
1029 5252 1176 5303 omni
1210 5252 1598 5317 detestatione,
1652 5253 1793 5309 sicut

171 5337 433 5389 Arausica
463 5336 727 5406 synodus,
783 5340 889 5392 illis
926 5343 1217 5395 anathema
1256 5344 1510 5398 dicimus.
1544 5368 1557 5391 ι
1590 5345 1793 5417 Legant

171 5438 380 5495 autem,
408 5440 463 5483 et
494 5430 641 5499 apud
662 5448 718 5485 se
739 5436 1081 5503 perpendam
1106 5445 1267 5506 caput
1298 5449 1508 5491 sextum
1544 5439 1791 5505 ejusdem

168 5522 392 5575 concilii
446 5521 746 5590 Valentini,
799 5526 893 5595 qui
954 5528 1267 5593 hujusmodi
1326 5532 1660 5599 (paestiones
1692 5532 1796 5586 hoc

169 5612 374 5665 szeeulo
403 5611 760 5667 suscitarunt.
801 5615 1065 5670 Caeterum
1102 5620 1169 5671 de
1210 5621 1401 5673 lneresi
1438 5622 1796 5676 [’ranlestina-

173 5706 321 5760 tiana
346 5706 495 5776 apud
518 5712 735 5761 veteres
773 5727 891 5763 rara
923 5717 1005 5763 est
1062 5714 1265 5767 mentio
1288 5715 1389 5767 sub
1426 5715 1517 5769 illo
1552 5717 1795 5781 nomine,

1874 1771 1895 1803 )

1918 512 2170 573 alterunt,
2200 514 2343 583 quod
2380 513 2702 585 Sigeberlus
2740 515 2791 566 in
2836 515 3101 567 Chronico
3120 532 3262 567 anno
3296 517 3418 579 vit-lii,
3453 516 3534 569 his

1916 607 2098 659 verbis
2161 626 2171 659 ε

1914 701 2317 771 cu'pitserpere
2352 720 2362 757 :
2390 703 2621 772 quiideo
2653 703 3032 756 Pra‘destinati
3093 712 3373 769 vocantur,
3404 705 3530 774 quia

1913 791 1980 843 de
2022 792 2501 859 pra-destinatione
2533 800 2581 845 et
2614 793 2797 845 divina
2814 793 3533 862 gratiadisputantes.asse-

2234 628 2255 656 (ι
2321 608 2837 661 l‘ra-destinatorum
2898 609 3121 661 lia-rosis
3154 610 3256 661 hoc
3288 617 3531 679 tempore

1914 887 2103 939 rebant
2133 888 2278 957 quod
2315 904 2413 940 nec
2445 888 2529 956 pie
2560 889 2872 941 viventibus
2899 889 3071 957 prosit
3100 890 3367 941 bonorum
3399 904 3533 957 0pc-

1914 995 2027 1030 rum
2066 979 2238 1041 labor,
2274 980 2315 1031 si
2348 996 2375 1031 a
2410 980 2517 1031 Deo
2553 980 2617 1031 ad
2642 987 2869 1031 mortem
2894 979 3267 1047 praedestinati
3304 979 3527 1041 fuerint;

1914 1090 2013 1125 nec
2045 1074 2229 1141 impiis
2257 1074 2403 1125 obsit
2435 1074 2579 1143 quod
2609 1074 2860 1142 improbe
2885 1074 3088 1135 vivant,
3122 1074 3163 1125 si
3198 1090 3227 1126 a
3260 1074 3531 1141 110010ηο-

1916 1164 2172 1215 destinati
2221 1165 2423 1217 fuerint
2472 1166 2539 1217 ad
2574 1166 2759 1216 vitam.
2808 1169 2933 1227 (100·
2963 1165 3192 1216 assertio
3225 1164 3473 1215 etbonos
3500 1179 3529 1215 a

1916 1252 2380 1313 itOtliSilVO-‘ﬂltai,
2418 1262 2469 1305 et
2504 1255 2675 1305 malos
2701 1252 2767 1305 ad
2803 1253 2941 1305 mala
2973 1253 3319 1321 provoeibat.
3361 1275 3377 1293 ει
3413 1253 3529 1304 llzec

1919 1343 2030 1395 ille.

1988 1432 2138 1497 Quod
2168 1433 2641 1485 Prteilrstinritiuni
2672 1437 2865 1484 mrteres
2898 1448 3003 1484 non
3036 1432 3311 1493 dixerunt,
3343 1432 3437 1481 iste
3468 1435 3527 1481 nt

1920 1522 2206 1581 titulncins,
2236 1526 2307 1573 ita
2340 1528 2385 1573 et
2441 1524 2803 1589 perniciosius
2846 1523 2998 1581 dicit,
3051 1521 3300 1571 «irritati/In
3334 1524 3528 1571 sancta:

1927 1617 2209 1667 Trinitatis
2240 1617 2439 1666 trinum
2469 1630 2598 1665 esse.
2638 1614 2689 1665 ld
2722 1613 2942 1682 quidam
2978 1612 3317 1664 minusrrcte
3351 1619 3403 1663 et
3429 1611 3529 1662 im—

1876 1708 2145 1777 “)rOprie
2202 1707 2423 1769 dicitur,
2474 1724 2594 1759 cum
2628 1708 2791 1759 trium
2852 1722 3207 1775 personarum
3259 1705 3529 1756 ins-aucta

1918 1804 2179 1856 Trinitate
2213 1818 2319 1856 non
2353 1802 2419 1854 sit
2454 1804 2558 1855 nisi
2620 1820 2727 1855 una
2788 1818 3014 1853 numero
3066 1800 3258 1852 deitas.
3294 1799 3398 1851 Sed
3464 1814 3529 1850 eo

1916 1912 2081 1947 sensu
2113 1895 2219 1947 dici
2257 1902 2433 1963 potest
2460 1895 2597 1947 trina
2630 1894 2823 1955 deitas,
2854 1894 2979 1962 quia
3000 1903 3077 1944 est
3126 1892 3176 1943 in
3208 1892 3380 1944 tribus
3404 1907 3529 1960 per-

1914 1986 2086 2038 sonis.
2123 1985 2273 2037 L'nde.
2304 1984 2356 2035 in
2393 1984 2628 2036 Ecclesia
2664 1984 2903 2035 Romana
2949 2000 2977 2034 a
3009 1982 3269 2035 trecentis
3295 1989 3347 2034 et
3371 1982 3530 2051 quin-

1913 2076 2413 2147 quaginta-circiter
2444 2076 2604 2128 annis
2651 2077 2973 2128 decantatus
2997 2084 3075 2128 est
3098 2076 3186 2127 ille
3220 2076 3274 2127 Β.
3304 2075 3525 2127 ’1110010⁸

1911 2169 2148 2238 hymnus
2181 2169 2248 2220 de
2284 2168 2337 2221 ν.
2359 2176 2703 2221 sacramento
2728 2168 2778 2219 in
2802 2184 2910 2236 quo
2945 2168 3147 2221 dicitur
3175 2185 3185 2219 :

2061 2277 2127 2324 Te
2156 2277 2284 2325 trina
2318 2278 2479 2325 Deitas
2510 2293 2706 2340 unaque
2738 2278 2985 2339 poscimus

1978 2376 2382 2447 Cumquedeeo
2416 2379 2677 2431 mutando
2718 2386 2974 2448 ageretur
3012 2378 3066 2429 in
3094 2384 3368 2446 postrema
3401 2391 3527 2428 eor-

1904 2466 2145 2517 rectione
2214 2466 2440 2519 Romani
2500 2466 2756 2519 Breviarii
2792 2465 3197 2519 subtilemente
3240 2462 3375 2525 \'lll,
3416 2470 3527 2515 uta

1904 2558 2033 2610 viris
2063 2558 2226 2611 dictis
2258 2560 2466 2627 a’icmzpi,
2505 2568 2727 2629 propter
2758 2560 3136 2612 auctoritatem
3172 2566 3351 2611 tamen
3387 2556 3520 2610 tanti

1903 2647 2143 2701 doctoris
2209 2648 2343 2699 nihil
2409 2654 2489 2700 est
2542 2656 2826 2701 mutatmn.
2906 2649 2995 2700 Sic
3053 2648 3197 2717 apud
3242 2646 3519 2715 Chrysost.

1906 2742 2034 2787 tom.
2070 2736 2161 2788 111.
2189 2737 2380 2789 1ιοιιι11.
2414 2737 2481 2789 de
2521 2738 2574 2787 Β.
2608 2737 2822 2789 Joanne
2860 2737 3096 2805 Baptista
3119 2744 3262 2805 [quae
3297 2735 3525 2804 quidem

1904 2831 2077 2899 ipsius
2124 2847 2231 2883 non
2266 2839 2368 2895 est,
2398 2832 2491 2883 sed
2540 2832 2730 2885 incerti
2767 2832 3027 2895 auctoris)
3050 2832 3271 2903 legitur,
3306 2852 3333 2879 (ί
3376 2829 3525 2899 quod

1906 2918 1959 2969 in
1982 2917 2160 2983 Patre,
2199 2920 2355 2981 Filio,
2398 2929 2449 2974 01
2504 2923 2708 2991 Spiritu
2739 2930 2927 2976 sancto
2988 2930 3070 2975 est
3100 2922 3295 2990 triplex
3330 2930 3384 2974 et
3418 2937 3526 2974 una

1904 3011 2182 3077 divinitas,
2235 3034 2256 3061 ι)
2288 3013 2384 3065 Ubi
2441 3014 2632 3084 triplex
2664 3032 2758 3084 pro
2818 3018 2964 3069 trina
2990 3016 3227 3084 ponitur,
3264 3014 3429 3077 sicut,
3472 3023 3527 3065 et

1907 3100 2184 3170 inhymno
2220 3102 2499 3155 l’rudentii
2531 3104 2599 3156 de
2626 3121 2785 3158 ceree
2841 3104 3104 3173 paschali,
3151 3120 3272 3157 cum
3316 3103 3394 3155 ait
3452 3102 3523 3155 de

1901 3193 2011 3245 Deo
2036 3210 2047 3244 :

2180 3262 2405 3323 Regnum
2428 3264 2687 3312 continuat
2720 3267 2919 3313 nomine
2946 3266 3147 3329 triplici.

1973 3362 2099 3414 Nam
2123 3362 2266 3414 Deus
2295 3378 2402 3433 non
2425 3374 2570 3417 recte
2603 3366 2797 3435 triplex
2845 3367 3067 3433 dicitur,
3100 3366 3195 3419 sed
3234 3365 3433 3427 trinus,
3466 3374 3523 3417 ut

1896 3450 2099 3502 docent
2129 3450 2440 3504 scholastici
2497 3452 2749 3505 doctores
2812 3455 2865 3507 in
2924 3456 3124 3509 librum
3159 3472 3170 3505 I
3208 3452 3526 3505 Sententia-

1900 3561 2038 3599 rum.
2076 3544 2200 3597 dist.
2240 3544 2325 3596 19.

1970 3640 2035 3690 Et
2067 3653 2169 3688 non
2197 3638 2367 3689 solum
2400 3638 2680 3691 doctorum
2698 3654 2919 3693 suorum
2950 3643 3137 3695 (lector
3166 3642 3524 3708 civici-inmm-

1901 3730 1984 3788 tit,
2010 3734 2114 3779 etc.
2148 3726 2236 3779 Sic
2265 3727 2448 3780 omnia
2466 3728 2819 3797 exemplaria,
2849 3734 3314 3801 estqueluecvera
3334 3732 3521 3796 lectio,

1901 3815 2138 3885 ideoque
2172 3815 2227 3868 in
2262 3816 2304 3868 Μ
2330 3816 2469 3869 male
2505 3825 2835 3877 correctum,
2860 3820 3145 3885 dictorum,
3178 3822 3327 3892 quod
3359 3837 3524 3873 seen-

1899 3917 1983 3962 tus
2014 3917 2095 3963 est
2127 3912 2179 3962 S.
2213 3911 2505 3964 Estautem
2539 3928 2737 3964 sensus
2790 3912 3064 3966 doctorum
3092 3930 3333 3979 suorum,
3370 3914 3421 3965 id
3442 3925 3525 3969 est

1896 4016 2084 4053 eorum
2128 4002 2220 4070 qui
2252 4019 2375 4055 eum
2410 4002 2613 4056 docent
2642 4009 2693 4055 et
2728 4002 3023 4065 instruunt,
3089 4005 3285 4059 doctor
3344 4006 3521 4060 videri

1897 4090 2125 4158 appetit,
2159 4106 2298 4159 quos
2330 4092 2655 4145 convincere
2690 4092 2880 4145 nititur
2932 4092 3000 4144 de
3042 4109 3105 4145 eo
3143 4095 3286 4162 quod
3329 4104 3519 4149 contra

1896 4180 2112 4248 seipsos
2134 4188 2187 4233 et
2220 4182 2498 4250 prOpriam
2531 4181 2836 4234 doctrinam
2879 4181 3133 4236 doceant.

2541 4272 2746 4327 CAPUT
2778 4274 2879 4326 XV.

1962 4347 2217 4410 Clitarum
2246 4360 2487 4426 capitulo
2507 4362 2793 4428 synodalia
2818 4363 3201 4416 uenerabilium
3233 4380 3510 4419 consacer-

1818 4438 1876 4504 D
1897 4449 2080 4502 (totum
2106 4456 2436 4515 nostrorum,
2466 4455 2633 4505 trium
2660 4455 2859 4507 scilicet
2906 4457 3330 4522 prom’nciorum,
3381 4460 3521 4513 sicut

1900 4542 2096 4594 ibidem
2124 4545 2444 4609 continetur,
2480 4552 2584 4599 etc.
2650 4545 2909 4616 Loquitur
2938 4548 3005 4599 de
3046 4547 3282 4601 concilio
3318 4548 3518 4603 Valen-

1900 4633 2034 4697 tino,
2070 4641 2293 4704 utpatet
2314 4653 2377 4688 ex
2409 4638 2893 4706 sequentibus,cui
2925 4638 3293 4693 interfuerunt
3325 4639 3377 4692 in
3404 4642 3524 4694 uni-

1898 4738 2114 4776 versum
2145 4724 2407 4778 tredecim
2440 4733 2531 4779 aut
2554 4728 2968 4796 quatuordecim
3011 4728 3345 4798 episeol)i,et
3375 4730 3523 4783 inter

1898 4829 1993 4866 eos
2026 4822 2133 4866 tres
2166 4817 2593 4885 metropolitani,
2625 4818 2899 4890 Remigius
2933 4820 3338 4891 Lugdunensis,
3377 4820 3521 4894 Egil-

1897 4912 2075 4959 matus
2104 4906 2454 4973 Viennensis,
2490 4918 2543 4964 et
2568 4911 2885 4965 Rodlandus
2904 4912 3258 4977 Arelatensis,
3283 4927 3515 4982 quorum

1898 5001 2105 5047 tantum
2149 4996 2373 5049 nomina
2428 4999 2587 5053 initio
2640 5002 3042 5070 exprimuntur,
3103 5018 3226 5055 cum
3292 5001 3516 5054 nomine

1900 5086 2121 5139 Ellionis
2150 5087 2643 5159 Gratianopolitani
2702 5095 2971 5163 episcopi.
3028 5096 3083 5147 In
3119 5110 3226 5166 quo
3259 5094 3515 5159 consilio,

1894 5182 2073 5244 cafnte
2107 5177 2159 5240 -’1,
2200 5176 2287 5228 illa
2320 5178 2592 5232 habentur
2624 5197 2743 5250 qum
2776 5192 2965 5237 contra
2997 5202 3054 5237 se
3088 5184 3232 5237 dicta
3264 5199 3382 5236 esse
3416 5184 3517 5237 hac

1895 5268 2126 5339 epistola
2160 5268 2479 5324 Hincmarus
2525 5275 2793 5345 agnoscit,
2835 5284 2939 5329 tam
2974 5278 3040 5331 de
3082 5284 3317 5347 quatuor
3346 5293 3509 5347 quam

1896 5359 1961 5410 de
1996 5360 2374 5413 novemdccim
2400 5362 2654 5430 capitulis
2687 5381 2715 5417 a
2746 5381 2805 5417 se
2833 5365 3092 5419 collectis.

1968 5453 2027 5504 In.
2068 5454 2334 5518 Africano
2362 5460 2407 5507 ct
2443 5456 2709 5508 Aransiea
2735 5458 2955 5523 synodo.
2993 5458 3115 5511 llzec
3155 5466 3237 5511 est
3268 5457 3512 5526 synodus

1899 5560 1935 5595 ιι
1974 5543 2321 5607 Arausieana,
2384 5563 2504 5617 qua"
2561 5547 2723 5600 etiam
2774 5548 2939 5602 hodie
2992 5556 3185 5604 exstat.
3245 5550 3298 5602 ln
3334 5548 3509 5603 Africa

1900 5630 2003 5683 tria
2028 5632 2096 5683 de
2141 5633 2238 5685 hac
2272 5650 2325 5687 re
2376 5635 2605 5689 concilia
2639 5636 2913 5690 celebrata
2972 5646 3118 5704 sunt,
3152 5638 3261 5693 duo
3287 5638 3510 5692 Cartha-

1899 5722 2036 5792 gini,
2068 5740 2237 5779 unum
2272 5726 2449 5782 Milevi
2486 5729 2537 5781 in
2594 5730 2869 5796 Numidia,
2914 5738 2975 5783 ut
3003 5737 3151 5800 patet
3180 5748 3245 5785 ex
3277 5731 3507 5801 epistola
