3972 6206
406 237 511 290 379

1245 233 1633 287 COLVENERII
1676 230 1950 287 SCHOLIA
1990 232 2053 287 IN
2096 231 2261 287 HIST.
2304 228 2592 286 REMENS.
2636 225 2897 282 ECCLES.

3637 218 3745 275 380

406 367 473 419 47
500 366 554 419 S.
577 364 886 440 Augustini,
913 364 1005 418 ubi
1060 380 1227 418 unum
1286 370 1444 417 vocat
1488 363 1798 433 plenarium
1848 364 2018 418 totius
2045 368 2094 434 Α
2120 364 2190 419 ad
2221 364 2363 417 hanc
2378 359 2673 432 synodum,
2728 372 2849 429 qua:
2890 354 3034 408 inter
3077 350 3252 423 ipsius
3274 348 3541 421 epistolas
3573 351 3662 401 est
3686 344 3741 400 9.

403 454 597 510 Africae
621 452 940 517 concilium,
992 452 1140 523 quod
1195 451 1493 506 dolendum
1535 460 1617 505 est
1646 467 1756 505 non
1782 458 2017 516 exstare,

406 546 503 600 sed
526 546 646 614 ejus
667 543 919 615 quiedam
948 542 1252 617 fragmenta
1274 542 1405 597 citat
1423 542 1663 614 Prosper
1686 542 1742 596 in
1768 558 2017 613 respons.

409 639 477 692 ad
507 637 519 691 ι
555 636 814 708 Capitula;
831 635 1264 705 Gallorum,cap.
1297 634 1351 701 8,
1384 643 1438 689 et
1492 635 1590 689 lib.
1623 640 1814 690 contra
1844 632 2024 687 Colla-

409 738 609 798 torem,
641 747 762 803 cap.
794 732 881 786 10.

487 826 664 880 Veluti
682 828 909 895 epistola
926 826 1300 896 Capitulorum
1321 827 1529 880 exstitit
1557 840 1721 895 quam
1750 824 2024 878 venerabi-

411 923 476 977 lis
504 923 628 977 Ibas
651 924 928 991 episcopus
948 937 1107 976 suam
1143 938 1253 977 esse
1281 925 1335 975 in
1366 921 1570 990 synodo
1601 920 1904 985 denegavit.
1931 916 2027 971 Hic

411 1019 493 1065 est
525 1012 648 1066 lbas
678 1012 971 1067 Edessenae
1026 1012 1282 1067 Ecclesiae
1322 1012 1638 1083 episcopus,
1696 1010 1767 1063 de
1832 1023 1939 1078 quo
1971 1007 2026 1061 in

411 1106 661 1162 conciliis
689 1123 787 1161 seu
842 1107 1025 1176 potius
1048 1106 1277 1175 judiciis
1330 1102 1722 1160 ecclesiasticis
1751 1101 1913 1172 Tyrio
1972 1106 2027 1154 et

416 1198 744 1263 Berithensi,
768 1205 824 1251 et
844 1198 899 1250 in
927 1197 1130 1253 concil.
1161 1194 1621 1260 Chalcedonensi,
1670 1194 1888 1249 actione
1936 1191 2023 1245 10.

418 1289 550 1340 Item
584 1287 1006 1341 Baroniusanno
1033 1286 1157 1350 448,
1187 1283 1584 1357 quiepistolam
1604 1282 1830 1353 quidem
1860 1279 2030 1350 ipsius

417 1392 538 1428 esse
560 1376 655 1440 ait,
684 1375 781 1429 sed
816 1375 1037 1448 negavit
1095 1374 1218 1428 Ibas
1249 1391 1308 1428 se
1337 1373 1539 1427 dixisse
1564 1373 1678 1426 haec
1708 1377 1801 1425 aut
1830 1367 2031 1423 similia

420 1462 628 1526 verba;
669 1463 831 1517 «Non
866 1462 1087 1517 invideo
1142 1461 1356 1515 Christo
1388 1459 1526 1514 fasto
1566 1459 1700 1523 Deo,
1735 1456 1782 1511 si
1808 1455 2034 1511 voluero

421 1556 622 1627 etipse
656 1556 774 1611 fieri
823 1573 1065 1628 possum.
1119 1578 1140 1605 ιι
1188 1557 1248 1611 Et
1305 1556 1373 1608 du
1433 1570 1499 1609 eo
1541 1553 1795 1610 crimine,
1850 1548 2036 1604 audita

424 1649 806 1706 testificatione
863 1651 1188 1706 clericorum
1244 1650 1536 1704 Edessena;
1592 1646 1871 1711 Ecclesize,
1937 1644 2038 1699 fuit

423 1743 725 1797 absolutus.

2123 453 2298 522 Supra
2315 465 2444 505 vero
2465 464 2587 519 cap.
2639 447 2700 500 11
2756 444 2919 513 hujus
2951 442 3074 497 libri
3106 440 3282 511 posita
3311 445 3397 494 est
3425 437 3576 491 bona
3617 449 3745 506 pars

2123 540 2410 615 synodalis
2438 536 2685 609 epistolae
2708 534 2956 603 ejusdem
2989 528 3209 586 concilii
3240 525 3559 583 Trecensis.

2196 628 2603 685 PerActardum
2617 624 2971 680 venerabilem
2990 624 3385 679 Nannetensem
3411 619 3742 686 episcopum.

2126 726 2216 779 Sic
2241 730 2295 778 et
2316 721 2372 775 in
2394 719 2559 775 tomis
2582 716 2784 772 Concil.
2814 714 2899 768 IIIS
2930 714 3036 768 hoc
3059 713 3179 767 loco
3201 717 3256 764 et
3281 706 3425 762 infra
3444 704 3749 777 aliquoties

2126 816 2429 880 Acardum,
2454 810 2732 866 interdum
2763 806 3092 869 Accardum,
3109 800 3432 857 Arctardum
3453 805 3511 853 et
3540 799 3752 852 Artar—

2127 906 2274 960 dum.
2308 903 2413 958 Sed
2447 901 2624 973 prima
2656 897 2819 953 lectio
2841 893 3190 952 communior
3219 899 3321 948 est.

2200 995 2458 1051 Nicolaus
2476 1004 2599 1044 vero
2633 1003 2785 1059 papa
2800 989 3083 1054 gratanter
3120 982 3417 1051 suscipiens
3443 992 3566 1047 quae
3582 977 3755 1032 Hinc-

2128 1104 2311 1142 marus
2341 1088 2390 1140 ei
2418 1087 2731 1154 scripserat,
2762 1082 2829 1137 de
2857 1079 3101 1135 omnibus
3125 1077 3234 1131 sibi
3261 1073 3617 1140 satisfactum
3642 1083 3757 1123 esse

2127 1177 2424 1247 rescripsit.
2451 1175 2575 1228 Hmc
2621 1170 2855 1243 epistola
2898 1164 3243 1241 apologetica
3297 1159 3577 1217 Hincmari
3607 1157 3756 1213 bene

2131 1266 2342 1335 prolixa
2371 1270 2546 1318 exstat
2575 1261 2723 1332 apud
2754 1257 3049 1313 Baronium
3075 1267 3222 1309 anno
3252 1250 3380 1317 867,
3398 1248 3502 1305 sed
3516 1261 3761 1318 reSpon-

2135 1360 2217 1414 sio
2257 1357 2467 1413 Nicolai
2510 1371 2619 1410 non
2648 1360 2845 1409 exstat.

2206 1451 2447 1503 Dicentes
2460 1447 2571 1516 ipsi
2583 1446 2756 1502 Graaci
2767 1442 2913 1511 quod
2925 1440 3160 1494 chrisma.
3169 1451 3238 1490 ea:
3248 1449 3395 1505 aqua
3403 1430 3650 1501 ﬂuminis
3663 1428 3763 1482 La-

2138 1541 2242 1593 tini
2267 1539 2632 1606 conﬁciemus.
2652 1534 2764 1589 Hoc
2777 1533 2858 1586 sic
2873 1529 3123 1603 intelligo
3140 1525 3289 1598 quod
3301 1539 3403 1579 nos
3420 1520 3601 1576 Latini
3614 1518 3769 1574 cbri-

2138 1646 2256 1686 sma
2276 1645 2341 1684 ex
2369 1644 2511 1700 aqua
2538 1626 2783 1682 ﬂuminis
2833 1621 3207 1679 conﬁciamus.
3243 1615 3401 1672 Unde
3427 1613 3486 1667 in
3512 1611 3765 1668 editione

2065 1737 2115 1804 Β
2141 1721 2382 1776 Romana
2395 1720 2555 1791 epist.
2580 1716 2940 1773 decretalium
2957 1713 3161 1788 legitur
3177 1728 3189 1765 :
3208 1707 3395 1773 «Quod
3410 1714 3603 1761 tamen
3616 1702 3768 1757 chri-

502 1838 753 1903 Tempore
776 1835 916 1888 (linat
944 1835 1209 1888 memoria:
1235 1833 1420 1888 Karoli
1447 1829 2037 1901 imperatoris,quando

2171 1825 2254 1863 ma
2284 1824 2386 1864 nos
2398 1824 2465 1862 ex
2480 1822 2623 1878 aqua
2646 1804 2894 1860 ﬂuminis
2907 1800 3183 1857 coniicere
3211 1796 3478 1853 fallaciter
3490 1792 3770 1848 arbitran-

426 1924 661 1991 synodus
702 1939 800 1991 pro
838 1925 1055 1989 cognita
1086 1923 1404 1991 inﬁdelitate
1431 1922 1613 1975 Felicis
1634 1924 1711 1974 est
1740 1920 1947 1972 habita.
1982 1916 2039 1981 S,

426 2014 763 2079 infelicitate.
796 2010 1062 2081 Loquitur
1079 2010 1148 2064 de
1182 2009 1371 2064 Carolo
1404 2008 1602 2082 Magno
1619 2006 1867 2082 etFeli_ce
1886 2005 2043 2078 Utge-

426 2077 593 2162 litano
649 2077 932 2177 episcOpo.
966 2106 1145 2177 Agunt
1193 2107 1261 2160 de
1317 2077 1521 2160 eodeni
1571 2103 1748 2157 Felice
1796 2077 2043 2171 .ejusque

428 2211 614 2251 errore
643 2194 881 2249 Annales
911 2194 1239 2249 Francorum
1281 2210 1312 2248 a
1343 2194 1555 2249 Pithceo
1584 2192 1717 2247 editi
1750 2206 1895 2245 anno
1919 2189 2041 2257 79‘2;

431 2284 751 2359 Sigebertus
774 2283 831 2337 in
870 2282 1072 2337 Chron.
1105 2282 1244 2347 793;
1276 2281 1679 2338 Aimoinuslib.
1717 2296 1787 2343 IV,
1815 2296 1865 2333 c.
1894 2279 1963 2332 83
1991 2285 2047 2333 et

432 2377 725 2442 85;.lonas
772 2375 1184 2429 Aurelianensis
1242 2374 1484 2429 lib.1De
1537 2374 1687 2428 cultu
1719 2371 2045 2443 imaginum,

433 2475 488 2518 et
518 2464 719 2519 Paulus
770 2463 1160 2535 Aquileiensis,
1218 2464 1314 2534 qui
1378 2468 1566 2517 contra
1624 2476 1864 2515 errorem
1928 2458 2046 2527 ejus

435 2556 636 2611 librum
680 2556 921 2627 scripsit,
972 2555 1068 2627 qui
1102 2560 1278 2609 exstat
1304 2563 1437 2609 tom.
1475 2553 1538 2606 IV
1559 2552 1915 2606 Bibliotheca:
1946 2550 2048 2603 Pa-

440 2658 581 2705 trum
599 2649 857 2705 secundaz
884 2648 1167 2704 editionis.
1204 2648 1463 2702 Damnata
1492 2655 1575 2700 est
1604 2646 1723 2714 ejus
1743 2643 1971 2699 haeresis
1991 2642 2046 2696 in

440 2738 653 2809 synodo
682 2737 1183 2805 Francofordiensi,
1226 2751 1349 2808 quae
1373 2742 1550 2792 exstat
1579 2741 1713 2791 tom.
1745 2734 1814 2789 Ill
1848 2733 2052 2789 Concil.

436 2828 505 2883 ad
535 2843 741 2883 annum
766 2827 890 2880 794.

510 2923 577 2975 Ει
596 2923 673 2974 sic
702 2919 919 2973 tandem
957 2920 1305 2989 subjiciemus
1351 2920 1453 2974 illa
1481 2919 1656 2975 decem
1684 2924 1734 2975 et
1758 2934 1944 2974 novem
1969 2935 2059 2974 ca-

438 3010 640 3080 pitula.
664 3008 753 3063 Sic
782 3008 966 3064 omnia
1011 3008 1343 3079 exemplaria
1387 3014 1592 3074 nostra,
1624 3014 1678 3063 et
1731 3008 1927 3064 concil.
1958 3007 2062 3062 Va-

444 3100 736 3154 lentinum.
764 3097 983 3162 Quarel
1017 3097 1211 3153 vitiose
1233 3096 1365 3172 legit
1394 3097 1568 3152 decem
1598 3102 1648 3154 et
1670 3114 1785 3153 sex.

1055 3207 1261 3264 CAPUT
1323 3210 1454 3265 XVI.

518 3300 610 3355 An
639 3300 771 3369 quia
798 3298 947 3353 vobis
976 3314 1012 3352 a
1069 3314 1207 3352 cana
1254 3303 1481 3369 patrum
1507 3299 1633 3369 fide.
1693 3297 1783 3353 Sic
1815 3297 1871 3364 C,
1903 3299 1957 3353 id
1979 3306 2062 3353 est

450 3391 695 3463 antiqua,
741 3396 802 3445 ut
859 3390 1062 3445 Gallice
1109 3390 1270 3445 vertit
1338 3390 1642 3458 Chesneau,
1671 3398 1822 3446 eteo
1849 3391 2061 3447 accedit

448 3487 556 3553 MS,
608 3502 716 3558 quo
759 3501 859 3556 pro
903 3502 938 3539 a
987 3502 1147 3552 cana,
1202 3486 1355 3559 legit,
1416 3502 1639 3541 arcana.
1682 3485 1707 3539 J
1766 3485 2055 3540 substituit

449 3596 607 3635 sana.
639 3579 717 3633 lta
745 3578 1005 3634 Sidonius
1032 3578 1366 3649 Apollinaris
1390 3577 1633 3632 carmine
1661 3577 1697 3631 2
1729 3579 1899 3633 τιΕιαε
1925 3594 2064 3633 cana

444 3674 693 3741 patrum,
726 3668 780 3722 id
812 3675 897 3724 est
922 3642 1101 3739 prisca
1120 3676 1275 3733 artas,
1305 3673 1359 3720 et
1386 3665 1627 3720 Isidorus
1658 3665 1714 3719 in
1732 3663 1931 3736 glossis
1947 3642 2083 3719 ma?

455 3758 751 3828 nuscriptis
779 3776 792 3811 :
824 3759 973 3814 Cana
1004 3758 1158 3827 ﬁdes,
1185 3757 1418 3826 antiqua
1439 3759 1698 3810 senectus.
1741 3754 1804 3810 Et
1832 3762 1956 3811 ante
1969 3757 2070 3813 hos

455 3851 603 3927 Virg.
636 3868 673 3906 1.
691 3852 913 3906 Enead.
950 3867 964 3904 :

514 4015 523 4025 .
611 3960 747 4025 Cana
768 3959 907 4025 ﬁdes,
934 3967 982 4009 et
1010 3960 1174 4017 Vesta,
1192 3959 1345 4009 Remo
1366 3971 1480 4007 cum
1503 3958 1672 4018 fratre,
1703 3959 1940 4020 Quirinus

615 4021 736 4071 Jura
754 4021 961 4071 dabunt.

530 4124 597 4177 In
624 4126 884 4176 conventu
937 4122 1302 4190 episcoporum
1330 4121 1515 4177 habito
1535 4124 1595 4177 in
1636 4122 1907 4177 territorio
1944 4121 2073 4175 Tul-

463 4215 600 4269 lensi
621 4215 679 4267 in
697 4214 832 4267 villa
862 4227 981 4282 ques
1004 4212 1211 4267 dicitur
1248 4213 1608 4283 Saponarias.
1642 4214 1717 4269 De
1745 4214 1849 4268 hoc
1874 4211 2068 4267 conci-

464 4306 540 4361 lio
570 4304 828 4361 adnotavi
851 4321 1015 4375 supra
1045 4304 1114 4358 ad
1154 4320 1274 4376 cap.
1310 4305 1399 4360 14.

537 4401 608 4454 Et
625 4402 684 4454 in
706 4371 959 4455 suburbio
987 4371 1296 4467 Lingonicee
1322 4401 1493 4456 urbis.
1526 4399 1650 4455 Haec
1693 4396 1937 4471 synodus
1962 4383 2147 4451 nonD
2178 4374 2212 4428 9
2239 4371 2459 4429 οθῑοδτι

468 4498 665 4547 exstat.

538 4583 793 4649 Quianon
809 4596 877 4635 ea:
904 4583 1058 4650 ipsis,
1089 4586 1151 4636 ut
1179 4598 1286 4637 non
1306 4582 1551 4636 dicamus
1566 4595 1663 4650 per
1691 4581 1851 4648 ipsos,
1880 4578 2085 4647 synodo

469 4671 713 4742 capitula
756 4672 880 4739 ipsa
918 4670 1070 4737 fuere
1099 4671 1344 4740 prolata.
1390 4670 1597 4725 Sensus
1644 4677 1868 4723 estnon
1917 4665 2084 4722 fuisse

475 4763 707 4836 prolata,
729 4762 884 4836 quasi
918 4763 986 4817 ab
1012 4762 1148 4834 ipsis
1176 4763 1441 4835 profecta.

549 4860 725 4913 Timeo
763 4858 1132 4912 neconnivere
1177 4858 1269 4923 sit,
1313 4856 1408 4910 hoc
1433 4859 1624 4910 tacere.
1657 4853 1746 4909 Sic
1771 4851 1985 4908 restitui
2018 4867 2086 4908 ex

474 4952 612 5029 orig.
637 4950 812 5023 ipsius
842 4949 1119 5006 Ccelestini
1170 4949 1334 5021 epist.
1368 4950 1392 5004 1
1431 4965 1446 5015 ;
1480 4963 1577 5020 pro
1608 4948 1869 5019 cohibere,
1895 4947 1920 5003 J
1950 4945 2087 5002 sub-

475 5041 656 5097 stituit
682 5043 1021 5096 committere.

549 5133 612 5187 In
632 5130 769 5185 villa
794 5130 1238 5198 Bothomagensis
1266 5130 1524 5200 episcopii
1539 5143 1658 5199 quae
1712 5127 1922 5197 Melpsa
1948 5126 2087 5181 dici-

482 5224 592 5276 tur.
613 5218 780 5285 Alias,
812 5218 1048 5289 Melpha,
1081 5217 1169 5273 vel
1187 5218 1462 5288 Anelpha,
1510 5216 1628 5273 sive
1653 5215 1916 5285 Avelpha,
1946 5221 2007 5269 ut
2033 5213 2090 5268 in

484 5306 595 5362 MS.
623 5308 647 5363 J
678 5309 911 5379 Nelpha.

1088 5377 1294 5434 CAPUT
1355 5378 1491 5433 XVII

554 5473 629 5524 De
652 5472 854 5537 synodo
895 5485 991 5525 sem
1024 5473 1433 5541 prouinciarum
1489 5469 1682 5527 Gallias
1731 5467 1878 5537 apud
1910 5467 2099 5519 Trecas

490 5562 698 5617 habita.
732 5564 855 5619 Hac
883 5564 1128 5634 synodus
1149 5569 1322 5617 exstat
1340 5569 1473 5619 tom.
1508 5559 1583 5615 III
1601 5558 1830 5621 Concil.,
1854 5565 2008 5628 parte
2038 5572 2096 5619 u;

490 5656 645 5715 parte
674 5659 855 5704 autem
879 5668 914 5704 ιι
945 5656 1121 5705 exstat
1139 5649 1372 5720 epistela
1399 5646 1622 5704 Adriani
1656 5646 1721 5711 II,
1753 5643 2101 5715 respousoria

2143 1908 2249 1955 tur.
2281 1925 2300 1943 ι·
2337 1897 2499 1952 Miror
2516 1896 2801 1951 Nicolaum
2831 1893 3116 1948 Chesneau
3138 1890 3218 1945 sic
3235 1885 3585 1943 transtulisse
3608 1880 3770 1953 quasi

2144 1990 2319 2046 Latini
2350 1986 2788 2059 essetgenitivus
2804 1985 3091 2040 cohaerens
3104 1998 3226 2037 cum
3249 1978 3489 2035 dictione
3516 1973 3774 2029 ﬂuminis

2146 2081 2330 2136 addita
2353 2081 2409 2136 in
2429 2078 2677 2152 margine
2699 2077 2802 2131 hac
2821 2074 3196 2129 adnotatione:
3223 2091 3245 2120 ι
3267 2069 3500 2123 Flumen
3512 2065 3769 2120 Latinum

2145 2171 2343 2226 Tibris.
2378 2191 2399 2218 ι»
2432 2169 2562 2223 Nam
2595 2172 2648 2221 et
2675 2167 2730 2221 in
2763 2163 3096 2220 refutatione
3142 2161 3333 2215 decem
3361 2155 3771 2213 calumniarum

2147 2282 2178 2319 a
2208 2262 2407 2318 Graecis
2436 2261 2801 2330 objectarum,
2830 2272 2994 2329 quam
3014 2260 3137 2325 post
3164 2267 3309 2319 eam,
3341 2264 3465 2321 qua:
3499 2245 3592 2302 hic
3622 2245 3772 2300 cita-

2149 2362 2258 2417 tur,
2285 2350 2489 2406 Nicolai
2521 2348 2810 2420 epistolam
2840 2343 3069 2416 apponit
3095 2340 3384 2406 Baronius,
3421 2335 3560 2391 illud
3583 2333 3771 2389 solum

2148 2445 2348 2499 dicitur
2382 2461 2442 2496 τις
2468 2441 2625 2508 Quod
2677 2445 2862 2493 utatur
2918 2433 3163 2490 Ecclesia
3222 2426 3597 2486 Occidentalis
3628 2440 3775 2496 aqua

2148 2551 2248 2607 pro
2273 2531 2590 2597 chrismate,
2622 2527 2870 2583 omnium
2914 2520 3304 2579 testificatione
3360 2522 3444 2571 est
3482 2512 3779 2570 manifesta

2153 2602 2447 2680 calumnia.
2486 2640 2511 2671 α
2540 2618 2697 2672 Certe
2729 2630 2840 2670 non
2894 2613 3154 2667 videntur
3182 2606 3421 2664 voluisse
3475 2603 3649 2659 Graeci
3688 2602 3778 2656 di-

2155 2726 2282 2767 cere
2304 2715 2470 2765 totam
2528 2704 2825 2761 Ecclesiam
2881 2698 3291 2756 Occidentalem
3322 2695 3403 2751 uti
3425 2710 3572 2767 aqua
3597 2692 3781 2748 Tibris

2160 2816 2260 2872 pro
2291 2797 2610 2863 chrismate,
2641 2795 2741 2851 sed
2768 2792 3015 2848 ﬂuminis
3042 2789 3445 2859 cujuscunque.

2757 2903 2965 2959 CAPUT
2996 2900 3179 2955 XVIII.

2231 3005 2295 3058 In
2314 3001 2519 3056 visione
2538 2997 2792 3054 Bernoldi
2829 2995 3079 3051 redivivi.
3118 2991 3255 3046 Huic
3290 2987 3493 3045 visioni
3518 2986 3784 3043 Bernoldi

2162 3095 2232 3149 de
2277 3093 2399 3149 loco
2426 3089 2722 3147 tenebroso
2766 3098 2822 3143 et
2851 3088 3022 3142 altero
3047 3083 3234 3139 lucido
3264 3078 3470 3135 similia
3498 3085 3631 3134 sunt
3656 3093 3784 3151 qua:

2160 3186 2355 3242 scribit
2375 3183 2436 3238 V.
2504 3181 2652 3237 Beda
2708 3180 2809 3234 lib.
2839 3196 2873 3232 v
2903 3176 3153 3233 Historiae
3211 3171 3394 3247 gentis
3450 3170 3787 3246 Anglorum,

2161 3297 2281 3351 cap.
2326 3277 2414 3345 13,
2436 3284 2495 3332 et
2522 3274 2803 3346 Lupoldus
2829 3267 3246 3344 Babenburgius
3272 3265 3344 3321 de
3384 3263 3504 3319 zelo
3529 3268 3787 3318 veterum

2163 3370 2472 3444 principum
2529 3365 2856 3431 Germaniae,
2906 3380 3028 3435 cap.
3102 3362 3188 3427 14,
3247 3358 3343 3415 ubi
3385 3374 3453 3413 ex
3497 3353 3789 3410 Vincentii

2161 3464 2396 3537 Speculo
2421 3469 2475 3518 et
2501 3478 2567 3517 ex
2599 3458 2832 3515 Historia
2879 3457 3210 3512 Francorum
3241 3451 3355 3525 agit
3399 3449 3471 3504 de
3504 3446 3791 3502 Ludovico

2162 3552 2258 3613 Pio
2288 3557 2422 3627 imp.
2453 3555 2511 3609 in
2535 3551 2714 3625 poenis
2743 3549 2990 3611 detento,
3039 3551 3261 3618 petente
3302 3540 3568 3598 auxilium
3601 3555 3633 3593 a
3678 3538 3792 3593 Lu-

2164 3649 2359 3706 dovico
2398 3644 2722 3702 Germanico
2748 3640 2861 3697 ﬁlio
2880 3655 3001 3696 suo.
3034 3639 3109 3694 De
3132 3652 3243 3708 quo
3269 3643 3324 3691 et
3369 3631 3704 3707 Sigebertus
3737 3631 3795 3685 in

2169 3740 2372 3794 Chron.
2412 3751 2504 3790 an.
2534 3734 2660 3790 875.

2240 3829 2382 3895 Quia
2406 3828 2454 3880 si
2472 3824 2598 3879 inde
2622 3826 2890 3877 certamen
2919 3816 3229 3878 habuerint,
3269 3813 3372 3866 cito
3390 3809 3456 3864 de
3493 3810 3607 3862 ista
3634 3822 3801 3877 pinna

2172 3932 2259 3971 ero
2287 3915 2565 3970 liberatus.
2599 3911 2659 3966 Id
2689 3915 2774 3965 est
2798 3908 2845 3962 si
2862 3904 3109 3962 certatim
3152 3903 3257 3957 hoc
3284 3897 3525 3974 egerint,
3556 3895 3710 3950 sicut
3741 3895 3797 3949 in

2172 4004 2617 4080 praecedentibus
2638 4000 2860 4066 dicitur,
2891 4006 2950 4053 ut
2976 3995 3052 4050 ibi
3092 3993 3244 4067 quod
3270 4007 3364 4047 rex
3381 3988 3701 4054 mandaret,
3732 3986 3800 4041 de

2170 4115 2306 4172 pace
2325 4096 2571 4153 stabilire
2600 4099 2828 4164 possent
2855 4102 3134 4164 agereque
3160 4090 3453 4142 certarent.

2242 4194 2373 4248 Item
2399 4190 2462 4244 de
2485 4188 2740 4258 passione
2765 4185 2822 4241 S.
2863 4181 3109 4250 Dionysii
3153 4194 3189 4232 a
3207 4169 3499 4240 Methodio,
3527 4178 3636 4228 etc.
3670 4170 3802 4225 Haec

2174 4282 2409 4356 epistola
2429 4286 2608 4336 exstat
2634 4277 2781 4349 apud
2810 4274 3030 4330 Surium
3060 4271 3131 4327 de
3157 4269 3296 4325 Vitis
3324 4266 3679 4331 Sanctorum,
3713 4260 3805 4316 die

2805 4432 3013 4489 CAPUT
3040 4429 3173 4486 XIX.

2257 4557 2328 4610 De
2349 4552 2582 4622 conjecto
2629 4547 2958 4603 Normannis
3015 4541 3219 4597 dando.
3274 4536 3598 4607 Conjcctum
3628 4547 3807 4605 genus

2186 4656 2304 4705 erat
2332 4644 2528 4702 tributi
2557 4660 2590 4698 a
2618 4638 2960 4712 conjacendo
3001 4636 3230 4701 dictum,
3252 4638 3314 4687 ut
3342 4635 3494 4702 patet
3523 4643 3592 4683 ex
3618 4626 3722 4680 lib.
3757 4640 3806 4678 iv

2186 4738 2583 4812 Capitulorum,
2635 4750 2755 4804 cap.
2785 4731 2877 4799 69,
2909 4736 2964 4785 et
3008 4744 3075 4784 ex
3102 4725 3285 4782 edicto
3340 4720 3523 4812 Karoli
3555 4718 3615 4773 in
3645 4717 3804 4772 Cari-

2184 4808 2334 4885 sia—co
2354 4842 2501 4882 anno
2518 4824 2644 4881 861.
2660 4821 2795 4878 Vide
2827 4817 3182 4876 Glossarium.
3212 4810 3434 4878 Pithmi,
3466 4808 3637 4864 verbo
3658 4810 3803 4863 Con-

2179 4923 2399 4993 jcctum.
2428 4916 2683 4990 Papirius
2727 4913 3015 4969 Massonus
3042 4908 3143 4963 lib.
3193 4924 3234 4962 ιι
3255 4903 3453 4960 Annal.
3495 4901 3718 4965 Franc.,
3749 4898 3802 4952 in

2189 5015 2466 5073 Ludovico
2491 5011 2661 5068 Balbo
2718 5011 2838 5066 haec
2855 5006 3024 5063 verba
3044 4997 3623 5062 Flodoardirecitans,
3656 5000 3806 5051 notat
3904 4993 3916 5005 ’

2190 5107 2249 5162 in
2276 5103 2525 5177 margine
2553 5119 2566 5156 :
2607 5121 2632 5153 α
2658 5099 2948 5168 Conjectus
2963 5091 3241 5168 signiﬁcat
3267 5102 3570 5144 annonam.
3598 5108 3625 5132 η

2262 5194 2357 5250 Ad
2377 5173 2519 5262 ﬁlios
2543 5203 2753 5260 quoque
2788 5187 2963 5256 ipsius
2988 5181 3237 5249 defuncti
3281 5177 3451 5245 regis,
3485 5173 3805 5230 Ludovicum

2194 5288 2245 5339 et
2270 5261 2710 5338 Karolomanum.
2773 5275 2837 5330 Hi
2888 5278 3019 5328 sunt
3095 5268 3195 5324 filii
3251 5263 3514 5322 Ludovici
3568 5261 3721 5318 Balbi
3744 5276 3806 5315 ex

2197 5369 2475 5445 Ausgarde
2506 5366 2678 5441 priori
2728 5363 2964 5435 conjuge
2986 5376 3084 5429 ;ex
3130 5353 3445 5430 posteriori,
3483 5352 3572 5408 cui
3608 5364 3805 5407 nomen

2199 5456 2501 5525 Adeleidis,
2527 5454 2724 5533 genuit
2755 5451 3005 5509 Carolum
3028 5447 3408 5520 posthumum,
3436 5445 3806 5519 cognomento

2201 5531 2553 5618 Simplicem:
2559 5546 2636 5601 De
2656 5544 2831 5599 illiset
2844 5535 3253 5596 inframeminit
3267 5550 3390 5605 cap.
3406 5531 3499 5599 24,
3515 5540 3807 5586 recensens

2202 5639 2412 5694 litteras
2424 5638 2494 5694 ad
2509 5637 2793 5711 Hugonem
2809 5632 3065 5689 abbatem
3092 5628 3163 5684 de
3180 5625 3377 5682 eodem
3390 5621 3637 5697 negolio.
3656 5619 3810 5692 Sige-
