3972 6206
368 276 473 329 383

1209 269 1600 325 COLVENERII
1641 268 1913 323 SCHOLIA
1957 267 2019 321 IN
2062 266 2225 321 HIST.
2266 246 2549 320 REMENS.
2591 261 2858 318 ECCLES.

3601 258 3709 315 384

368 396 478 461 tum
552 406 671 460 Fuit
726 404 863 459 forte
926 403 1245 457 Hincmarus
1309 401 1787 471 Remensis(quem
1830 405 1978 470 patet
2002 403 2051 468 Α
2080 396 2255 451 Caroli
2283 395 2411 450 novi
2478 394 2677 463 imper.
2713 408 2813 461 per
2842 405 3040 444 manus
3068 388 3340 442 Anastasii
3408 385 3715 441 Bibliothe-

365 495 533 548 fuisse
558 496 938 549 vehementem
990 492 1043 544 in
1098 490 1355 546 omnibus
1397 491 1514 543 suis
1566 489 1977 553 actionibus,et

364 586 659 640 maximum
692 584 889 638 veteris
941 583 1249 653 disciplinze
1293 585 1644 648 assertorem)
1697 580 1977 651 aliquanto

366 676 611 729 severior
665 675 717 727 in
750 691 906 729 suum
963 683 1222 745 nepotem
1261 674 1613 728 Hincmarum
1651 671 1979 725 Laudunen-

367 786 505 835 sem,
530 769 901 832 defensorem,
936 779 993 823 ut
1036 770 1110 823 ait
1138 768 1419 832 Baronius,
1450 767 1655 835 jurium
1719 766 1978 819 Romanae

371 860 624 914 Ecclesia:
658 878 672 923 ;
701 860 797 913 sed
853 868 905 913 et
951 861 1199 931 iniquum
1235 859 1404 912 fuisse
1438 858 1495 911 in
1553 873 1678 911 eum
1736 856 1899 911 docet
1930 857 1983 909 in

368 950 672 1003 Annalibus
702 950 768 1003 ad
783 966 987 1004 annum
1014 951 1115 1005 870
1148 958 1202 1004 et
1229 949 1353 1001 871.
1390 948 1542 1001 Unde
1570 961 1668 1017 pro
1696 946 1984 999 Hincmaro

370 1042 720 1095 Laudunensi
741 1050 821 1095 est
842 1042 1075 1111 epistola
1095 1042 1163 1094 27
1196 1040 1420 1094 Adriani
1456 1040 1497 1093 ll
1530 1047 1585 1091 et
1612 1046 1721 1091 tres
1750 1053 1986 1107 sequen-

370 1143 451 1186 tes
503 1133 756 1199 Ejusdem
794 1134 1107 1193 reclamatio
1159 1133 1273 1185 sive
1325 1130 1624 1201 appellatio
1664 1130 1729 1182 ad
1794 1129 1982 1183 sedem

372 1224 724 1293 apostolicam
759 1232 931 1277 exstat
960 1225 1157 1278 eodem
1208 1231 1339 1277 tom.
1390 1221 1596 1275 Concil.
1631 1228 1751 1289 post
1777 1220 1986 1289 episto-

374 1316 525 1368 lamB
554 1316 783 1370 Joannis
814 1316 952 1381 VIII,
986 1326 1040 1370 et
1070 1315 1289 1370 tandem
1332 1315 1387 1367 in
1444 1312 1701 1366 Trecensi
1726 1311 1983 1377 concilio,

372 1410 474 1463 sub
504 1410 698 1464 eodem
720 1410 931 1464 Joanne
978 1410 1114 1471 Vlll,
1149 1425 1295 1463 anno
1317 1408 1440 1469 878,
1471 1424 1570 1461 suo
1589 1407 1822 1477 pristino
1853 1422 1984 1477 gra-

374 1503 465 1556 dui
525 1502 657 1557 dicit
722 1505 989 1558 Baronius
1050 1503 1216 1557 fuisse
1250 1504 1590 1567 restitutum,
1631 1501 1987 1571 etprobatex

374 1597 561 1651 Adone
591 1598 642 1649 in
694 1596 801 1649 line
850 1597 931 1650 sui
987 1596 1261 1650 Chronici.
1296 1596 1494 1648 Verum
1527 1593 1813 1648 Aimoinus
1839 1593 1987 1647 dicto

376 1692 536 1756 libro,
570 1708 618 1744 c.
646 1692 735 1755 37,
767 1691 947 1760 potius
988 1690 1327 1744 contrarium
1382 1686 1675 1760 signiﬁcat,
1711 1688 1837 1741 dum
1862 1686 1938 1741 ait
1973 1705 1985 1740 ε

374 1782 641 1835 Joannem
679 1798 873 1851 papam
918 1782 1121 1834 dixisse
1153 1788 1210 1834 ut
1253 1779 1594 1833 Hedenulfus
1623 1795 1723 1831 sua
1753 1778 1991 1832 auctori-

377 1879 484 1925 tate
508 1869 796 1923 ordinatus
827 1871 1140 1940 episcOpus,
1184 1869 1375 1922 sedem
1433 1884 1589 1923 suam
1646 1875 1883 1931 teneret,
1939 1875 1994 1921 et

380 1967 696 2038 cpisc0pale
746 1967 1112 2020 ministerium
1166 1976 1374 2039 ageret,
1420 1973 1474 2019 et
1537 1964 1880 2027 Hincmarus,
1948 1963 1992 2015 si

380 2062 563 2126 vellet,
588 2061 808 2114 missam
838 2068 1106 2123 cantaret,
1149 2067 1201 2113 et
1242 2067 1450 2130 partem
1481 2059 1547 2111 de
1580 2058 1746 2111 rebus
1776 2056 1996 2127 episco-

382 2154 455 2225 pii
485 2154 831 2207 Laudunensi
861 2154 1108 2209 haberet.
1142 2153 1297 2208 Certe
1331 2151 1581 2207 Nicolaus
1600 2167 1741 2221 papa
1769 2150 1995 2220 primus,

379 2244 479 2297 etsi
522 2244 574 2297 in
608 2244 804 2298 litteris
829 2244 894 2297 ad
928 2244 1276 2297 Hincmarum
1330 2242 1654 2295 Remensem
1684 2240 1846 2304 datis,
1877 2254 1999 2309 quae

380 2344 595 2389 exstant
636 2342 782 2388 tomo
818 2334 886 2387 lll
928 2332 1160 2397 Concil.,
1196 2349 1323 2386 eum
1357 2331 1411 2384 in
1438 2330 1767 2401 quibusdam
1804 2344 1996 2399 repre-

381 2430 606 2495 hendat,
633 2430 685 2482 in
714 2447 775 2483 ea
808 2436 990 2481 tamen
1024 2427 1258 2497 epistola
1287 2426 1445 2492 cujus
1486 2422 1995 2498 fragmentumcitat

384 2524 472 2577 Ivo
498 2523 550 2575 in
609 2538 709 2576 suo
770 2523 1016 2584 Decreto,
1053 2529 1189 2591 part.
1224 2536 1331 2583 xw,
1398 2534 1516 2587 cap.
1553 2517 1640 2580 46,
1670 2522 1724 2569 et
1756 2515 1898 2569 Crat.
1934 2532 1993 2580 II,

384 2632 416 2685 q
472 2615 524 2677 3,
550 2630 668 2682 cap.
706 2612 829 2677 ἸΟῆ
883 2613 1398 2675 Ειιιερηθιιιίεδιίηιιε,
1426 2608 1747 2678 praeclarum
1777 2607 1827 2660 ei
1861 2623 1997 2673 pra:-

383 2703 1107 2769 bcttrstimonium,dicens
1138 2721 1152 2756 :
1195 2722 1217 2749 ‹‹
1245 2703 1589 2770 Quapropter
1632 2714 1779 2752 nunc
1830 2697 1998 2751 beati-

383 2800 559 2853 tudini
594 2806 698 2853 tuze
722 2797 1061 2870 injungimus
1119 2806 1176 2850 ut
1205 2812 1375 2864 super
1404 2795 1508 2848 hoc
1530 2803 1712 2847 nostra
1758 2792 2001 2847 auctori-

385 2898 493 2945 tate
526 2890 716 2950 fretus,
744 2904 928 2941 curam
970 2888 1037 2939 de
1072 2888 1155 2941 his
1212 2902 1430 2940 sumere
1462 2886 1715 2940 studeas:
1742 2884 1871 2955 quia
1904 2899 1999 2939 oo-

382 3000 476 3037 cm
510 2998 776 3035 DIVINITUS
806 2981 1067 3034 sanctitas
1118 2987 1208 3034 tua
1235 2979 1390 3033 valde
1419 2979 1570 3033 novit
1602 2978 1750 3031 aliud
1779 2994 1905 3032 esse
1935 2993 2000 3031 ex

387 3076 733 3140 necessitate,
757 3075 905 3127 aliud
936 3090 1001 3128 ex
1050 3073 1381 3145 ignorantia,
1406 3080 1570 3144 atque
1599 3072 1745 3126 aliud
1763 3072 1913 3142 quod
1936 3087 2002 3124 ex
2031 3044 2080 3110 Ο

385 3168 567 3223 studio
589 3166 953 3236 delinquitur,
985 3186 1003 3213 α
1040 3163 1427 3219 etc.Eumdem
1451 3161 1617 3217 fuisse
1634 3162 1813 3216 virum
1845 3162 1994 3232 pium

389 3269 444 3313 et
493 3257 788 3311 admodum
843 3256 1141 3310 litteratum
1174 3260 1402 3308 testatur
1449 3253 1776 3324 Meyerusin
1805 3252 1994 3305 Anna-

390 3351 534 3404 libus
590 3349 877 3415 l"landriae,
939 3349 1061 3403 885.
1098 3346 1245 3401 Facit
1304 3362 1526 3417 quoque
1580 3360 1680 3416 pro
1708 3345 1997 3398 llincmaro

390 3441 645 3497 Remensi
666 3441 899 3511 cpistola
922 3440 1169 3508 ejusdem
1211 3438 1438 3493 Joannis
1466 3438 1605 3503 Vlll,
1657 3453 1843 3508 quam,
1872 3435 2000 3506 quia

389 3535 545 3588 deest
575 3534 631 3586 in
657 3533 821 3587 tomis
861 3532 1249 3616 Conciliorum,
1284 3530 1374 3584 hic
1412 3529 1689 3585 ascribere
1749 3528 2005 3598 placuita

390 3626 769 3681 R.P.Jacobo
823 3625 1113 3679 Sirmondo
1169 3639 1234 3677 ex
1287 3622 1629 3676 Bibliotheca
1658 3620 1711 3674 S.
1770 3618 2002 3692 Remigii

390 3714 540 3784 prius
569 3713 918 3782 exscriplam.
964 3732 989 3763 io
1021 3713 1264 3767 Joannes
1292 3711 1588 3780 episcopus
1641 3724 1833 3763 servus
1890 3724 2009 3763 ser-

392 3818 581 3857 verum
608 3802 700 3855 Dei
741 3801 1030 3856 Hincmaro
1051 3800 1468 3870 archiepisc0po
1501 3799 1779 3853 Remensi.
1806 3800 2007 3862 Quam-

393 3897 475 3951 vis
504 3896 574 3951 de
604 3895 907 3950 sanctitatis
947 3903 1051 3948 tute
1110 3892 1322 3960 judicio
1378 3892 1518 3945 nihil
1570 3892 2004 3956 dubitassemus,

397 3986 730 4057 quiatamen
779 3984 1138 4037 charissimus
1189 3981 1336 4035 ﬁlius
1393 3987 1581 4036 noster
1610 3980 1834 4036 Carolus
1866 3979 2003 4033 invi-

395 4075 676 4130 ctissimus
705 4074 1020 4145 imperator,
1052 4088 1083 4126 a
1136 4070 1298 4126 nobis
1324 4069 1747 4142 diligentissime
1770 4084 2010 4139 percun-

394 4174 593 4233 ctatus,
660 4163 1122 4220 circumstantiam
1175 4162 1372 4230 judicii
1428 4177 1458 4216 a
1516 4162 1862 4217 beatitudine
1918 4166 2012 4214 tua

398 4258 966 4328 coepiscOporumque
1014 4268 1237 4308 suorum
1295 4252 1349 4305 in
1398 4252 1744 4305 llincmarum
1804 4250 2008 4304 dudum

396 4348 822 4403 Laudunensem
853 4343 1174 4414 episcopum
1209 4341 1404 4412 prolati
1446 4340 1782 4411 apostolatui
1823 4349 2012 4393 nostro

2080 489 2212 543 carii
2243 488 2298 541 in
2328 485 2628 541 secretario
2670 483 2926 539 ecclesiae
2968 482 3023 533 S.
3059 480 3224 535 Petri.
3259 481 3415 533 Anno
3448 479 3717 533 incarna-

2079 578 2248 632 tionis
2278 575 2578 629 Dominicze
2608 573 2734 637 877,
2768 572 2907 626 Non.
2978 569 3247 635 Januarii,
3288 568 3602 622 indictione
3634 583 3711 633 Ix,

2081 676 2133 723 et
2161 669 2341 722 delata
2371 674 2453 721 est
2482 666 2549 720 ab
2576 665 2774 719 eodem
2805 662 3150 717 Theodorico
3180 661 3236 715 in
3270 660 3489 714 civitate
3519 660 3715 713 Remis

2082 755 2371 809 Hincmaro
2405 754 2698 807 Remorum
2753 749 3179 820 archiepiscopo
3237 748 3435 803 eodem
3476 762 3629 802 anno
3658 751 3719 800 et

2086 845 2277 898 eadem
2312 842 2614 896 indictione
2642 857 2673 893 v
2704 840 2832 893 ldus
2859 837 3055 903 Martii,
3086 862 3109 883 ιι

2156 939 2225 990 Et
2262 952 2295 988 α
2325 937 2634 991 Normanno
2682 935 2744 986 in
2797 931 3005 999 synodo
3049 933 3359 983 accusatus.
3389 927 3464 982 De
3498 927 3608 981 hoc
3634 926 3716 979 vi-

2086 1028 2280 1081 deatur
2318 1024 2555 1095 cpistola
2596 1022 2817 1077 Adriani
2848 1022 2919 1075 28
2959 1027 3013 1074 et
3041 1021 3133 1075 29.

2156 1122 2518 1189 Municipium
2546 1117 2824 1181 Lauduni,
2884 1122 3014 1178 etc.,
3047 1115 3116 1168 ab
3178 1112 3402 1167 exordio
3429 1113 3539 1176 sui,
3568 1117 3721 1181 post-

2087 1229 2249 1284 quam
2278 1228 2312 1265 a
2342 1210 2642 1267 Marcobrio
2670 1211 2920 1275 praetore,
2952 1211 3011 1259 ut
3026 1207 3265 1275 produnt
3301 1204 3565 1269 historice,
3590 1219 3725 1256 con-

2087 1303 2262 1356 ditum
2287 1303 2416 1368 fuit.
2452 1299 2527 1352 De
2559 1297 2752 1351 eadem
2801 1311 2858 1349 re
2900 1295 3045 1348 idem
3090 1293 3416 1346 Hincmarus
3472 1291 3529 1344 in
3575 1307 3726 1360 opus

2090 1394 2167 1447 LV
2193 1392 2588 1463 Capitulorum,
2645 1404 2768 1458 cap.
2804 1388 2870 1443 16
2928 1388 3008 1441 sic
3035 1386 3109 1439 ait
3147 1402 3159 1437 :
3199 1406 3219 1433 ι
3257 1383 3412 1448 Quod
3483 1385 3720 1452 (nempe

2089 1485 2375 1539 castellum
2445 1481 2829 1548 Laudunense(
2899 1479 3040 1532 sicut
3100 1476 3395 1545 Eutropius
3455 1474 3728 1544 antiquus

2091 1575 2570 1650 historiographus
2626 1572 2777 1637 dicit,
2846 1576 3070 1625 auctore
3126 1567 3431 1623 Marcobrio
3482 1573 3728 1637 praetore

2090 1667 2397 1731 conditum,
2425 1665 2491 1719 ab
2522 1664 2751 1719 exordio
2807 1662 2892 1716 sui
2944 1660 2999 1714 in
3033 1659 3359 1734 paganismo
3391 1658 3541 1712 inter
3581 1657 3727 1711 civi-

2095 1767 2233 1815 tates
2262 1759 2349 1813 vel
2408 1755 2780 1828 provinciales
2810 1754 2976 1809 sedes
3034 1768 3241 1808 nomen
3272 1758 3327 1805 et
3382 1751 3564 1805 locum
3614 1763 3727 1803 non

2094 1850 2302 1904 habuit.
2340 1874 2363 1893 η

2167 1940 2311 1994 Olim
2340 1938 2408 1991 ab
2423 1938 2592 1991 horno
2623 1935 2830 1988 habita.
2867 1932 2954 1987 Sic
2978 1931 3064 1985 MS
3095 1937 3149 1985 et
3169 1929 3462 2001 originale.
3489 1927 3540 1993 J,
3568 1944 3726 1992 orno,

2097 2030 2377 2102 quomodo
2402 2026 2601 2102 legitM
2630 2026 2726 2079 lib.
2762 2042 2799 2091 ι,
2843 2040 2964 2093 cap.
2992 2022 3082 2077 20.
3120 2021 3303 2076 Horno
3358 2027 3544 2074 autem
3573 2020 3728 2072 idem

2100 2126 2184 2173 est
2214 2116 2361 2188 quod
2389 2117 2493 2170 hoc
2514 2129 2679 2169 anno.
2711 2112 2919 2167 Dicitur
2948 2118 3001 2164 et
3030 2112 3253 2176 hornus,
3284 2126 3320 2162 a
3369 2124 3484 2175 um,
3518 2114 3579 2162 ut
3607 2106 3730 2162 fru-

2100 2210 2414 2276 ctushorni,
2447 2225 2613 2280 poma
2634 2208 2826 2271 horna,
2857 2205 2910 2259 id
2942 2213 3025 2259 est
3051 2206 3216 2273 hujus
3239 2202 3393 2258 anni.

2170 2309 2319 2361 Licet
2347 2305 2420 2358 ad
2460 2309 2658 2358 tomum
2688 2305 2855 2369 caput
2882 2300 3127 2364 inclinet,
3148 2301 3245 2367 qui
3269 2299 3345 2351 eis
3376 2311 3487 2349 non
3525 2295 3728 2359 obedit,

2098 2398 2191 2454 sed
2212 2397 2396 2465 potius
2426 2409 2587 2463 porro
2631 2393 2815 2445 obvias
2856 2404 3051 2443 manus
3083 2389 3339 2454 inferens.
3373 2385 3462 2439 Sic
3493 2384 3640 2456 orig.
3676 2391 3732 2437 et

2095 2495 2144 2549 J.
2177 2492 2397 2547 Phrasis
2444 2497 2527 2543 est
2557 2488 2689 2542 satis
2752 2487 3003 2541 obscura.
3060 2484 3167 2549 MS,
3221 2483 3490 2537 thomum.
3528 2480 3729 2534 Exem-

2100 2587 2216 2658 plar
2244 2598 2355 2656 quo
2378 2598 2510 2637 usus
2541 2587 2625 2634 est
2672 2577 2936 2632 Baronius
2964 2574 3098 2650 legit
3132 2576 3410 2638 Thomam,
3466 2579 3523 2625 et
3576 2578 3733 2641 putat

2099 2675 2501 2733 restituendum
2551 2675 2791 2728 Romam.
2828 2669 2928 2723 l’ro
2970 2682 3135 2738 porro
3163 2666 3296 2732 legit
3341 2667 3513 2719 Petro.
3553 2664 3611 2716 In
3641 2662 3730 2715 MS

2100 2772 2322 2825 obvians
2357 2766 2575 2839 legitur.
2614 2764 2703 2817 Est
2746 2769 2927 2815 autem
2961 2768 3144 2814 tomus
3175 2756 3399 2828 proprie
3442 2754 3726 2828 fragmen-

2101 2875 2215 2920 tum
2234 2862 2360 2917 libri
2380 2860 2711 2924 abscissum,
2752 2864 2807 2912 et
2832 2872 2930 2926 pro
2978 2856 3098 2926 ipso
3141 2853 3281 2907 libro
3311 2868 3413 2906 seu
3444 2850 3729 2907 volumine

2106 2951 2432 3023 imperfecto
2456 2947 2744 3019 accipitur.

2703 3035 2913 3092 CAPUT
2936 3035 3122 3089 XXIII.

2169 3130 2445 3201 Synodum
2491 3127 2640 3198 apud
2670 3129 2846 3181 Pistas
2876 3124 3166 3192 agendum.
3222 3120 3557 3194 lntelligitur
3582 3134 3725 3173 con-

2099 3222 2288 3277 cilium
2322 3218 2574 3272 Pistcnsc
2599 3215 2655 3269 in
2683 3214 2804 3268 loco
2839 3213 2931 3283 qui
2985 3210 3145 3265 Pistis
3186 3209 3389 3263 dicitur
3417 3208 3487 3260 ad
3517 3207 3728 3277 Sequa-

2101 3332 2226 3370 nam
2292 3311 2541 3375 tluvium,
2590 3306 2929 3362 celebratum
2986 3318 3133 3358 anno
3177 3301 3304 3368 863,
3357 3300 3462 3354 sub
3509 3300 3728 3354 Nicolao

2102 3409 2281 3481 primo
2324 3404 2472 3477 quod
2525 3410 2704 3457 exstat
2755 3408 2889 3455 tom.
2944 3398 3014 3452 lll
3074 3395 3446 3450 Conciliorum
3514 3394 3572 3447 in
3624 3391 3727 3446 fine

2104 3499 2304 3571 prioris
2331 3496 2519 3569 partis.
2576 3491 2731 3549 Unde
2768 3507 2937 3559 supra
2975 3505 3098 3558 cap.
3130 3488 3194 3541 21
3232 3486 3512 3560 legiturin
3546 3484 3727 3539 omni-

2106 3596 2210 3648 bus
2232 3587 2662 3660 exemplaribus,
2689 3586 2764 3639 (ιιί
2793 3587 2970 3639 Pistas
3027 3585 3087 3636 in
3146 3583 3402 3651 Sequana
3436 3597 3448 3633 :
3475 3581 3581 3635 hoc
3609 3580 3727 3633 loco

2108 3686 2214 3741 MS.
2250 3687 2429 3740 Pastas
2457 3680 2609 3751 legit,
2635 3678 2733 3732 sed
2772 3676 2937 3731 male.
2973 3675 3090 3729 Alio
3144 3674 3371 3728 nomiue
3425 3672 3728 3727 Pisciacum

2108 3781 2164 3828 et
2192 3772 2352 3825 Pistae
2384 3770 2587 3824 dicitur
2615 3765 2774 3837 quasi
2806 3764 3078 3827 Pisciataa,
3132 3762 3265 3833 quia
3293 3762 3439 3815 solet
3465 3777 3589 3815 esse
3645 3759 3728 3830 pi-

2106 3868 2261 3922 scina
2291 3866 2458 3920 totius
2480 3861 2745 3926 Francire,
2789 3868 2850 3914 ut
2892 3858 3087 3914 scribit
3139 3856 3506 3912 Sebastianus
3566 3855 3732 3910 Roul-

2106 3956 2245 4009 liard
2268 3955 2323 4007 in
2353 3969 2451 4007 sua
2482 3950 2772 4006 Parthenia
2791 3949 2905 4002 sive
2947 3946 3184 4001 Historia
3234 3945 3497 4000 Ecclesia:
3524 3944 3733 3999 Carno-

2110 4045 2284 4102 tensis
2305 4061 2424 4115 cap.
2465 4043 2553 4109 12,
2574 4057 2725 4096 num.
2749 4041 2802 4094 9.
2837 4039 3042 4093 Gallice
3075 4040 3280 4106 Poissy.

2186 4137 2404 4193 Waloni
2432 4136 2751 4190 Metcnseum
2777 4132 3020 4202 praesuli.
3081 4130 3168 4183 Sic
3204 4128 3314 4194 MS,
3349 4128 3449 4182 sed
3484 4128 3535 4193 J,
3578 4129 3744 4183 Waltz

2113 4231 2390 4307 quomodo
2406 4236 2564 4284 vocat
2595 4244 2718 4283 eum
2738 4226 3023 4281 Aimoinus
3052 4224 3154 4278 lib.
3191 4241 3245 4291 v,
3271 4239 3395 4293 cap.
3432 4223 3523 4277 41.

2726 4341 2937 4396 CAPUT
2968 4341 3143 4395 XXIV.

399 4440 607 4504 retulit,
648 4436 971 4511 agnovimus
1015 4435 1224 4503 justum
1259 4432 1429 4487 fuisse
1470 4430 1991 4500 omninojudicium

2184 4445 2251 4498 In
2299 4440 2729 4496 Parisiacensem
2780 4434 3119 4504 parochiam.
3176 4430 3268 4484 Sic
3318 4430 3353 4483 C
3426 4429 3484 4482 in
3535 4429 3740 4483 Gallica

401 4534 590 4602 Neque
644 4530 790 4584 enim
860 4534 1041 4582 tantus
1099 4524 1516 4597 princepsnisi
1545 4525 1775 4579 veritate
1824 4522 2019 4577 fultum

401 4624 703 4696 quidquam
725 4627 938 4691 poterat
992 4618 1285 4673 affirmare.
1322 4616 1472 4671 Uude
1503 4616 1660 4670 nefas
1692 4631 1816 4670 esse
1849 4612 2018 4668 duxi-

402 4730 525 4768 mus
555 4712 675 4780 ejus
708 4709 965 4764 relationi
996 4723 1107 4763 non
1154 4706 1405 4777 praebere
1451 4703 1580 4759 ﬁdei
1636 4704 2024 4759 incunctanter

400 4806 668 4861 auditum.
704 4802 822 4857 Noli
863 4817 993 4874 ergo
1020 4800 1132 4869 jam
1169 4814 1319 4853 nunc
1350 4796 1648 4853 Ecclesiam
1682 4795 2016 4849 Laudunen-

402 4914 519 4952 sem
540 4896 817 4951 viduatam
863 4902 918 4947 et
947 4893 1068 4946 sine
1115 4890 1389 4966 regimine
1418 4886 1680 4960 pastorali
1713 4885 2013 4948 dimittere,

400 4991 496 5047 sed
528 4985 907 5043 indifferenter
936 4985 1197 5049 electum,
1229 4988 1284 5037 et
1316 4982 1384 5036 de
1424 4978 1809 5035 Laudunensis
1834 4977 2016 5032 Eccle-

401 5079 664 5136 siaaclero
690 5076 866 5130 virum
928 5073 1211 5135 idoneum,
1263 5080 1318 5126 et
1372 5070 1428 5125 in
1478 5085 1588 5141 quo
1618 5068 1866 5124 omnium
1894 5076 2023 5123 vota

406 5165 776 5231 consentiant,
810 5148 993 5218 eidem
1025 5160 1280 5217 Ecclesia}
1312 5158 1530 5231 praetice
1552 5173 1777 5229 prorsus
1801 5155 2022 5227 episco-

407 5273 559 5329 pum.
582 5254 677 5310 Cui
731 5252 988 5308 electioni
1034 5251 1292 5307 Volumus
1352 5250 1515 5306 etiam
1556 5249 1787 5304 missum
1814 5245 2023 5317 praefati

408 5344 642 5418 piissimi
694 5341 1045 5413 imperatoris
1094 5341 1384 5408 interesse,
1429 5347 1488 5396 ut
1522 5339 1643 5394 sine
1681 5337 2025 5393 saecularium

408 5438 644 5508 strepitu
675 5434 826 5492 omni
858 5435 1027 5488 latere
1059 5433 1182 5488 talis
1212 5433 1465 5508 eligatur,
1511 5431 1606 5503 qui
1658 5437 1820 5500 aptus
1859 5428 2031 5483 sacris

407 5528 716 5585 canonibus
767 5545 893 5584 esse
943 5529 1123 5584 modis
1179 5526 1440 5582 omnibus
1487 5520 2028 5594 approbetur.0pta-

409 5637 532 5675 mus
561 5622 906 5675 sanctitatem
938 5629 1084 5675 tuam
1134 5620 1191 5673 in
1226 5618 1441 5673 Christo
1474 5619 1617 5671 bene
1650 5614 1853 5669 valere.
1899 5613 2030 5667 Data

411 5718 496 5764 est
517 5710 705 5762 Romae
732 5709 1073 5766 Theodorico
1112 5711 1271 5778 jussu
1313 5724 1471 5780 papae
1495 5704 1818 5769 Joannis,et
1839 5703 2028 5758 domni

2122 4531 2501 4595 translatione,
2545 4541 2641 4598 pro
2671 4541 2780 4596 quo
2812 4523 2942 4578 facit
2971 4521 3120 4593 quod
3150 4520 3355 4575 scribat
3386 4519 3454 4573 ad
3488 4520 3747 4573 abbatem

2121 4623 2173 4677 S.
2205 4618 2447 4690 Dionysii
2471 4617 2643 4687 juxta
2672 4615 2934 4670 Parisios.
2971 4610 3007 4665 C
3060 4611 3114 4664 in
3147 4609 3340 4664 Latino
3373 4617 3428 4662 et
3459 4608 3515 4673 .l,
3558 4610 3751 4663 Paria-

2122 4732 2329 4772 censem
2360 4732 2374 4781 ;
2406 4712 2513 4775 MS,
2553 4714 2955 4767 Parnaccnsem.

2724 4820 2937 4878 CAPUT
2983 4818 3135 4873 XXV.

2190 4922 2521 4992 Magcdardo
2544 4921 2854 4991 praeposito.
2888 4916 2999 4982 MS,
3032 4914 3347 4982 Agenardo.

2732 5034 2943 5091 CAPUT
2962 5033 3137 5088 XXVI.

2202 5154 2331 5208 Viro
2361 5150 2733 5206 illustrissimo
2782 5146 3048 5202 Eberado.
3104 5143 3173 5209 Μ,
3207 5142 3501 5197 Ebarardo
3533 5160 3550 5205 ;
3582 5141 3607 5196 J
3644 5141 3750 5196 Eb-

2125 5243 2288 5297 rardo
2320 5256 2421 5312 per
2450 5251 2756 5310 synCOpen.

2199 5337 2389 5392 Rorico
2419 5336 2736 5392 Normamzo
2785 5329 2860 5383 ad
2914 5328 3076 5398 ﬁdem
3107 5325 3310 5381 Christi
3339 5338 3615 5377 converso.
3661 5321 3749 5373 llic

2131 5425 2364 5482 Roricus
2395 5423 2652 5478 diversus
2682 5428 2766 5476 est
2794 5436 2824 5473 a
2849 5419 3080 5473 Rollone
3134 5414 3623 5469 Nordmannorum
3653 5412 3749 5465 du-

2131 5528 2303 5581 ctore,
2336 5518 2404 5571 de
2435 5531 2546 5586 quo
2570 5513 2878 5569 Chronicon
2931 5510 3325 5565 Cameracense
3355 5507 3454 5560 lib.
3486 5523 3547 5571 ιι,
3580 5522 3631 5560 c.
3659 5504 3744 5567 ‘29,

2132 5608 2227 5679 qui
2260 5605 2327 5659 ad
2357 5604 2519 5659 Iidem
2551 5612 2637 5659 est
2666 5616 2968 5658 conversus
2998 5605 3054 5653 et
3082 5596 3395 5666 baptizatus
3425 5611 3517 5649 an.
3542 5592 3670 5661 912,
3696 5599 3749 5645 ut

2132 5699 2336 5755 ibidem
2367 5698 2641 5754 adnotavi.
