3972 6206
270 341 379 395 385

850 469 1057 523 CAPI'T
1099 471 1300 525 XXVII.

339 563 664 617 Irmintrudi
699 566 917 629 reginze.
977 565 1094 619 Haec
1149 574 1230 620 est
1277 565 1452 621 Caroli
1509 567 1652 622 Calvi
1710 569 1884 638 prima

266 669 422 714 uxor,
477 670 599 724 qua)
639 655 706 706 ab
764 655 884 707 aliis
923 656 1282 725 scriptoribus
1333 658 1746 713 Ilermentrudis
1791 678 1889 730 ap-

265 743 522 812 pellatur,
550 761 657 814 qua
686 744 945 798 defuncta
979 746 1267 800 Itichildim
1302 749 1472 802 duxit.

342 835 406 887 Ut
436 839 678 888 tanentes
705 839 1154 900 convenientiam,
1187 853 1300 905 qua
1337 839 1588 903 dicimus,
1615 856 1627 891 :
1671 843 1888 894 Dinulte

259 923 416 976 nobis
463 924 648 976 debita
690 929 877 977 nostra
907 929 1066 988 Sicut,
1100 932 1204 977 etc.
1238 926 1684 981 Convenientiam
1727 929 1886 983 intel-

261 1013 383 1086 ligit
415 1021 630 1083 pactum
688 1031 785 1068 seu
820 1017 1232 1080 concordatum,
1290 1025 1381 1072 aut
1409 1018 1700 1086 juridicam
1753 1037 1886 1075 con-

262 1105 604 1160 ventionem.
628 1106 869 1176 Respicit
891 1107 1039 1160 enim
1068 1108 1135 1160 ad
1160 1114 1375 1176 pactum
1408 1109 1672 1162 orationis
1700 1111 1884 1164 Domi-

262 1200 404 1253 nicze
435 1207 487 1253 et
515 1201 583 1253 ad
612 1216 733 1269 cap.
769 1201 834 1253 13
887 1201 1109 1275 Regula!
1143 1203 1195 1255 S.
1234 1201 1538 1266 Benedicti,
1572 1203 1623 1254 in
1657 1220 1765 1273 quo
1798 1205 1885 1257 di-

260 1289 430 1344 citur:
470 1313 485 1333 -
523 1289 585 1343 Ut
613 1290 867 1344 convcnti
893 1307 990 1360 per
1022 1291 1472 1361 ipsiusorationis
1491 1292 1882 1360 sponsionem,

257 1395 370 1450 qua
416 1379 643 1432 dicunt:
677 1381 907 1432 Dimitte
943 1381 1120 1444 nobis,
1157 1401 1177 1428 ι
1211 1387 1315 1433 etc.

336 1474 609 1539 Quantum
669 1475 1033 1542 periculosum
1083 1476 1305 1538 malum,
1359 1480 1467 1528 tam
1510 1479 1633 1544 ipsa
1670 1479 1879 1541 regina,

256 1579 421 1631 quam
451 1567 687 1632 emptria:
716 1565 816 1617 illa
837 1567 1119 1618 subierint.
1149 1564 1218 1630 Μ,
1249 1565 1592 1627 Periculum;
1623 1564 1680 1628 J,
1712 1582 1882 1633 qua-n-

255 1656 372 1704 tum
401 1653 631 1720 periculi
656 1653 881 1718 malum,
915 1657 1026 1706 tam
1071 1656 1192 1722 ipsa
1225 1668 1388 1721 quam
1426 1656 1752 1721 impe-ratriw
1780 1655 1880 1707 illa

255 1744 550 1798 subierint.

828 1815 1048 1869 CAPUT
1103 1815 1302 1869 XXVII.

331 1930 630 1998 Cujusdam
658 1933 856 1998 fratris
897 1935 1272 2000 Bagamfredi.
1306 1934 1392 1986 Sic
1423 1933 1470 1987 M
1516 1935 1618 1987 hoc
1653 1934 1773 1988 loco
1823 1942 1877 1988 et

255 2018 422 2087 paulo
454 2019 612 2073 infra.
649 2020 704 2085 S,
727 2023 1114 2088 Ragem/‘redi:
1147 2021 1196 2086 J,
1231 2024 1596 2089 Raganfredi.

330 2110 391 2164 Si
435 2127 555 2164 vero
579 2113 694 2180 ipse
733 2127 901 2166 comes
941 2113 1036 2166 hoc
1087 2115 1208 2180 ﬁeri
1234 2116 1473 2180 nega-vit.
1509 2113 1597 2166 Sic
1653 2112 1782 2166 llIS..
1817 2114 1878 2164 At

252 2201 310 2254 J:
346 2203 436 2257 Sic
461 2219 587 2256 vero
634 2219 798 2257 comes
828 2207 944 2273 ipse
982 2205 1076 2257 hoc
1109 2207 1230 2272 ﬁeri
1266 2219 1375 2258 non
1405 2207 1619 2270 rogavit
1674 2205 1880 2257 Sensus

255 2308 385 2347 esse
414 2293 631 2348 videtur
665 2311 676 2347 :
721 2295 775 2346 Si
806 2311 992 2348 comes
1024 2303 1188 2368 neget
1218 2312 1275 2348 se
1307 2295 1522 2349 fecisse.

331 2391 447 2444 Aut
476 2392 667 2444 timore
692 2391 948 2458 alicujus,
972 2391 1054 2444 vel
1075 2391 1411 2444 hortamento
1433 2391 1495 2443 de
1519 2392 1638 2459 ipso
1661 2389 1884 2457 presby-

254 2484 388 2533 tero.
451 2480 538 2533 Sic
566 2480 611 2534 .I.
651 2480 844 2534 Verum
877 2479 987 2545 MS,
1043 2485 1138 2534 aut
1169 2483 1360 2534 timore
1380 2479 1613 2547 alicujus
1644 2481 1880 2547 impulsu

246 2569 726 2638 prcesumantinde
737 2571 1014 2634 dam-nari,
1030 2569 1112 2622 vel
1121 2570 1438 2637 juramento
1448 2569 1513 2621 de
1532 2569 1668 2636 ipso,
1697 2575 1802 2621 etc.

325 2659 493 2713 Malos
523 2663 700 2712 autem
724 2660 998 2726 praesciuit
1031 2662 1261 2722 tantum,
1307 2673 1413 2710 non
1443 2657 1872 2724 praedestinavit,

250 2768 349 2806 nec
378 2756 437 2804 ut
462 2753 712 2820 perirent
767 2767 868 2804 sua
893 2754 1239 2819 praescientia
1289 2751 1566 2818 compulit.
1601 2749 1690 2801 Sic
1716 2749 1763 2802 J.
1813 2751 1875 2802 At

251 2839 345 2893 MS
377 2839 530 2892 addit
559 2839 696 2893 duas
721 2839 948 2893 voculas
981 2840 1072 2907 (ad
1119 2840 1364 2908 regnum)
1399 2840 1501 2893 hoc
1530 2839 1723 2892 modo:
1755 2840 1875 2892 Non

246 2933 665 3001 praedestinavit
696 2932 771 2984 ad
826 2947 1048 2998 regnum
1082 2948 1174 2986 nec
1213 2937 1271 2985 ut
1316 2933 1576 2999 perirent,
1607 2937 1692 2983 etc
1745 2930 1874 2993 Quir.

1690 346 1751 398 IN
1797 346 2043 401 LIBRUM
2087 349 2166 402 IV.

3409 420 3429 437 ι
3497 359 3600 414 386

1912 483 1958 546 Α
1986 493 2118 531 sane
2147 477 2307 531 lectio
2349 479 2540 532 vitiosa
2572 485 2672 542 est,
2706 486 2758 532 et
2801 497 2898 549 pro
2928 496 2988 533 ea
3023 481 3316 537 dicendum
3379 485 3599 553 fuisset,

1988 570 2062 622 ad
2089 572 2392 624 interitum.

2593 662 2800 715 CAPlfT
2823 663 2995 718 XXIX.

2061 774 2134 826 De
2165 772 2299 825 libro
2328 774 2469 827 edito
2499 791 2532 826 a
2554 790 2624 827 se.
2659 777 2901 839 Qualiter
2923 776 3147 830 Domini
3181 779 3264 831 vel
3284 788 3596 834 sanctorum

1987 861 2098 914 sint
2123 861 2392 935 imagines
2418 865 2764 918 venerandae.
2799 867 2950 929 Quod
2983 868 3024 920 si
3045 868 3187 921 liber
3214 870 3312 922 iste
3341 877 3598 938 exstaret,

1991 965 2107 1009 tum
2160 957 2303 1010 clare
2335 965 2607 1011 constaret
2637 959 2769 1028 quid
2801 961 2868 1013 de
2904 961 3002 1014 hac
3057 980 3112 1014 re
3153 964 3386 1017 senserit
3439 965 3602 1018 Ilinc—

1989 1065 2188 1101 marus.
2259 1049 2410 1102 Certe
2469 1051 2737 1103 catholice
2800 1053 3036 1105 sensisse
3097 1062 3242 1122 patet
3307 1073 3373 1109 ex
3431 1057 3604 1126 ipsius

1987 1156 2179 1209 epusc.
2241 1158 2301 1193 ιν
2335 1142 2707 1212 Capitulorurn
2763 1152 2948 1197 contra
2995 1146 3341 1200 Ilincnmrum
3391 1149 3604 1204 I.audu-

1990 1247 2246 1294 nensem,
2278 1249 2396 1302 cap.
2571 1234 2724 1296 Quod
2771 1250 2898 1287 vero
2953 1235 3202 1288 Matthias
3241 1238 3484 1308 Illyricas
3539 1259 3602 1294 ex

1987 1323 2233 1389 ejusdem
2269 1324 2450 1392 Operis
2480 1341 2599 1393 cap.
2632 1326 2703 1378 ‘20
2734 1325 2913 1378 locum
2960 1325 3178 1398 allegat,
3213 1345 3319 1398 quo
3351 1329 3603 1384 Ilincma-

1986 1434 2078 1471 rus
2108 1418 2395 1488 septimam
2438 1421 2708 1488 synodum
2740 1421 2808 1472 dc
2850 1420 3202 1493 imaginibus,
3235 1439 3356 1492 qua)
3399 1431 3478 1476 cst
3511 1425 3603 1477 Ni-

1983 1527 2133 1564 czena
2191 1529 2246 1577 ιι,
2280 1512 2540 1565 damnare
2591 1513 2826 1573 videtur,
2860 1513 3143 1566 sciendum
3204 1523 3404 1568 textum
3440 1517 3603 1569 Ilinc-

1983 1609 2115 1662 mari
2149 1617 2403 1678 corrupte
2451 1608 2710 1680 allegare,
2748 1625 2842 1678 pro
2896 1612 3364 1678 L‘onstantimpoli
3404 1610 3602 1662 substi-

1982 1700 2185 1754 tuendo
2234 1703 2444 1756 Νίσαια).
2479 1700 2651 1752 Verba
2683 1717 2804 1770 quae
2837 1700 3036 1769 allegat
3070 1701 3339 1754 habentur
3380 1703 3430 1753 in
3485 1702 3602 1754 dia-

1980 1793 2104 1866 logo
2134 1801 2328 1864 quarto
2377 1793 2529 1845 Alani
2564 1809 2609 1846 ο.
2649 1793 2730 1846 18.
2794 1794 2921 1845 Item
2957 1794 3100 1861 apud
3143 1794 3431 1846 Baronium
3467 1803 3598 1846 tom.

1979 1884 2064 1950 IX,
2097 1901 2241 1937 anno
2269 1882 2390 1936 79L
2428 1885 2488 1936 At
2521 1883 2768 1936 videatur
2797 1883 3068 1954 integrum
3102 1900 3241 1952 opus
3276 1884 3447 1952 ipsius
3477 1885 3604 1937 Ilin-

1977 1976 2143 2030 cmari
2177 1977 2324 2046 quod
2354 1977 2578 2034 demum
2637 1992 2783 2030 anno
2816 1977 3149 2045 przccedenti
3215 1979 3345 2032 1615
3377 1979 3597 2032 Parisiis

1978 2068 2185 2121 editum
2227 2075 2328 2132 est,
2372 2068 2466 2121 ubi
2519 2069 2638 2121 sine
2680 2067 2789 2121 ulla
2845 2068 3095 2120 lectionis
3141 2069 3400 2121 varietate
3462 2072 3599 2125 Con-

1979 2163 2332 2231 stantinOpoli
2362 2162 2578 2234 legitur.
2628 2161 2882 2214 Videatur
2924 2162 3049 2214 item
3111 2163 3313 2216 Alanus
3345 2165 3462 2217 loco
3487 2166 3598 2231 jam

1982 2257 2149 2322 dicto,
2175 2264 2226 2310 et
2246 2274 2367 2326 cap.
2402 2273 2496 2327 seq
2545 2264 2596 2310 et
2626 2256 2888 2310 latissime
2915 2257 2982 2308 de
3008 2257 3091 2309 his
3123 2257 3401 2311 disserens
3433 2260 3602 2311 Seve-

1983 2353 2136 2407 rinus
2167 2352 2355 2407 Binius
2386 2353 2439 2406 in
2467 2353 2610 2406 notis
2658 2353 2724 2404 ad
2757 2352 3049 2406 conculium
3082 2353 3596 2415 Francofordiense,

1984 2451 2116 2499 tom.
2157 2444 2246 2497 III.

2584 2533 2790 2587 CAPUT
2821 2533 2986 2586 XXX.

2048 2662 2209 2714 Anno
2278 2662 2568 2713 Dominicze
2622 2663 3016 2714 inmrnationis
3083 2662 3203 2715 882.
3262 2662 3350 2715 Sic
3402 2662 3586 2714 omnia

1975 2748 2331 2819 exemplaria,
2385 2749 2510 2803 etin
2545 2751 2644 2803 hac
2689 2766 2744 2803 re
2777 2751 2952 2823 magis
3003 2751 3339 2803 credendum
3381 2751 3591 2805 auctori

1975 2855 2139 2909 quam
2173 2839 2462 2912 Sigcbcrto
2484 2847 2538 2893 et
2565 2840 2792 2910 \leyero.
2824 2839 2917 2908 qui
2942 2839 3146 2893 obiisse
3179 2840 3428 2893 scribunt
3464 2840 3591 2892 Hin-

1977 2944 2187 2982 marum
2230 2943 2375 2982 anno
2405 2928 2528 2983 885.

985 3292 1490 3382 SCHOLIA
1557 3294 1680 3380 IN
1743 3291 2200 3378 LIBRUM
2267 3291 2888 3404 QUARTUM.

795 3619 1004 3672 CAPUT
1061 3617 1349 3672 PRIMUM.

331 3691 494 3745 Falco
521 3693 606 3744 vir
635 3691 792 3744 valde
821 3692 1036 3745 nobilis.
1071 3691 1216 3742 Alias
1242 3690 1409 3752 Falco,
1435 3686 1715 3759 quomodo
1749 3685 1877 3739 ubi-

265 3796 376 3851 que
411 3780 522 3833 fere
565 3779 752 3833 scribit
784 3779 850 3833 Ill.

342 3874 556 3926 Marino
581 3887 736 3939 papa
765 3871 1035 3938 delegans.
1075 3869 1193 3922 Haec
1245 3875 1328 3922 est
1367 3884 1494 3921 vera
1527 3867 1710 3933 lectio,
1744 3881 1882 3936 quo-

267 3964 438 4016 modo
463 3972 514 4016 et
542 3963 682 4016 infra
730 3961 1078 4016 concorditer
1117 3959 1338 4034 legitur,
1371 3959 1470 4012 etsi
1505 3959 1557 4012 in
1595 3958 1639 4011 Μ
1675 3957 1880 4012 recenti

264 4072 434 4109 manu
459 4055 814 4125 superaddita
843 4055 912 4108 sit
942 4054 1120 4108 littera
1158 4060 1177 4106 t
1218 4064 1275 4107 ut
1302 4053 1515 4127 legatur
1545 4055 1798 4114 .Ilartino,
1830 4058 1882 4104 et

264 4148 415 4200 hunc
455 4146 660 4200 faciunt
692 4146 977 4199 Martinum
1021 4145 1085 4200 II.
1148 4145 1256 4198 Sed
1287 4144 1585 4218 legendum
1635 4145 1881 4197 Marinus

270 4241 539 4296 ltaronius
566 4247 619 4294 et
657 4241 845 4294 Binius
876 4246 1214 4303 attestautur,
1248 4246 1562 4293 asserentes
1594 4253 1879 4308 perperam

267 4332 541 4386 nominari
574 4332 857 4386 Martinam
889 4331 1217 4385 secundum.

337 4427 440 4478 Pro
492 4425 801 4491 defensione
853 4424 1131 4476 Frotharii
1185 4423 1540 4477 Bituricensis
1606 4423 1884 4491 archiepi-

263 4522 432 4588 scopi.
497 4519 593 4572 Ilic
631 4520 803 4572 fuerat
837 4517 1259 4593 Burdegalensis
1306 4517 1776 4588 archiepiscopus,
1827 4524 1886 4570 ut

268 4623 418 4686 patet
449 4631 614 4685 supra
645 4614 736 4668 lib.
791 4631 871 4678 ιιι,
911 4631 960 4669 c.
999 4615 1088 4678 21,
1130 4620 1183 4667 et
1215 4612 1354 4666 infra
1385 4613 1489 4668 hoc
1517 4614 1711 4668 eodem
1763 4629 1882 4682 cap.

338 4707 432 4760 Ad
459 4721 579 4774 quae
604 4706 716 4759 illa:
742 4707 1086 4774 respondens.
1135 4705 1513 4758 Recensentur
1558 4705 1659 4758 hoc
1699 4703 1878 4773 capite

261 4803 459 4856 decem
489 4809 544 4855 et
574 4801 809 4871 amplius
839 4800 1087 4871 epistolae
1130 4799 1396 4870 Stephani
1429 4799 1491 4853 VI
1533 4815 1707 4869 papae,
1745 4815 1880 4870 qua-

262 4914 383 4952 rum
443 4896 592 4951 nulla
622 4903 796 4951 exstat
831 4897 885 4949 in
941 4895 1192 4966 epistolis
1247 4895 1637 4958 decretalibus,
1686 4893 1772 4948 vel
1825 4893 1878 4946 in

1909 3622 1957 3687 ρ
2053 3613 2155 3665 Sed
2184 3613 2384 3667 Odonis
2420 3615 2562 3679 regis
2601 3614 2692 3666 sui
2721 3616 2987 3669 consultu.
3025 3618 3118 3670 llic
3150 3620 3283 3683 ()do,
3320 3617 3463 3670 filius
3498 3619 3607 3674 Ito-

1984 3705 2121 3759 berti
2151 3704 2327 3766 ducis,
2381 3703 2480 3757 fuit
2518 3711 2666 3758 tutor
2708 3704 2853 3776 regis
2882 3705 3057 3759 Caroli
3120 3710 3414 3780 Simplicis,
3455 3719 3610 3778 post-

1986 3797 2138 3851 humi
2171 3796 2426 3849 Ludovici
2456 3796 2625 3849 Balbi.
2651 3796 2783 3849 Vide
2812 3797 3029 3850 Scholia
3060 3799 3198 3854 infra
3221 3819 3340 3871 cap,
3374 3803 3426 3855 5.

2058 3889 2332 3956 Synodum
2381 3904 2667 3941 convocare
2713 3888 2862 3956 apud
2922 3888 3269 3955 Wangionem
3310 3896 3603 3951 civitatem.

1985 3977 2094 4038 MS,
2135 3981 2488 4045 Vangionem.
2523 3977 2644 4030 Ilzec
2678 3976 2787 4029 alio
2822 3976 3047 4028 nomine
3081 3977 3377 4033 Wormatia
3409 3982 3613 4040 dicitur

1985 4084 2014 4120 a
2046 4067 2335 4139 Sigeberto
2367 4073 2420 4119 et
2449 4066 2573 4118 aliis
2630 4065 2782 4119 Unde
2815 4064 3186 4134 Luitprandus
3229 4069 3281 4121 in
3317 4069 3506 4123 libello
3539 4076 3612 4129 (Ie

1987 4156 2118 4210 Vitis
2164 4154 2486 4226 pontiﬁcum
2544 4155 2597 4207 in
2630 4155 2746 4207 Vita
2803 4155 3065 4223 Stephani
3107 4157 3266 4220 sexti,
3301 4158 3434 4212 dicit
3479 4177 3606 4218 eum

1978 4245 2212 4313 jussisse
2260 4245 2533 4313 synodum
2591 4245 2880 4298 convocari
2941 4243 3315 4307 \Vormatiam,
3361 4255 3414 4299 et
3446 4248 3605 4308 titulo

1984 4336 2402 4390 Wormatiensis
2428 4335 2645 4388 concilii
2690 4335 2910 4403 ponitur
2947 4344 3073 4390 tom.
3114 4338 3180 4390 Ill
3216 4339 3606 4410 Conciliorum,

1986 4436 2139 4498 parte
2171 4444 2229 4486 ιι,
2281 4444 2426 4481 anno
2458 4428 2581 4480 890.
2643 4427 2818 4480 Verba
2849 4429 2967 4494 ejus
3021 4430 3099 4482 sic
3133 4429 3367 4483 habent:
3433 4457 3445 4476 ι
3513 4433 3608 4489 IIic

1987 4520 2376 4573 Herimannum
2402 4518 2788 4572 Coloniensem
2819 4521 3323 4590 archiepisc0pum,
3361 4529 3414 4574 et
3448 4522 3606 4578 Adal-

1989 4612 2203 4686 garium
2257 4611 2723 4683 Ilamburgensem
2775 4613 3293 4682 archiepiscopum,
3347 4614 3416 4666 de
3477 4615 3603 4670 Bre-

1982 4703 2158 4756 mensi
2199 4702 2438 4756 Ecclesia
2486 4701 2908 4766 contendentes,
2963 4702 3314 4756 Wormatiam
3352 4704 3418 4757 ad
3469 4722 3605 4774 syn-

1981 4793 2150 4847 odum
2204 4791 2393 4846 venire
2451 4790 2635 4859 jussit,
2709 4790 2800 4843 ubi
2874 4791 3096 4845 Fulconi
3173 4793 3428 4849 Remensi
3481 4797 3606 4866 Epi-

1982 4902 2149 4957 sc0po
2176 4886 2293 4940 vice
2324 4901 2422 4939 sua
2449 4882 2765 4947 commissa,
2804 4898 3022 4936 causam
3069 4899 3258 4938 eorum
3301 4887 3604 4943 examinari

263 4987 429 5043 tomis
460 4987 849 5042 Conciliorum.
892 4986 1060 5041 Sicuti
1108 5002 1212 5039 nec
1242 4985 1352 5040 ulla
1384 4992 1557 5040 exstat
1604 4985 1881 5044 Fulconis,
1915 4994 1965 5059 ι)
1989 4979 2289 5031 mandavit.
2339 5004 2359 5022 ιι

262 5095 388 5151 quae
422 5079 527 5133 hoc.
583 5078 760 5148 capite
810 5087 1202 5132 enumerantur
1250 5082 1373 5130 octo
1419 5075 1504 5130 vel
1555 5091 1776 5142 novem,
1832 5087 1886 5132 et

263 5174 454 5244 plures
493 5187 614 5242 cap.
657 5171 1040 5242 sequentibus.

333 5267 468 5332 Quo,
501 5266 693 5318 divina
727 5266 1022 5327 vocatione,
1064 5264 1328 5317 hominem
1377 5261 1679 5315 excedente.
1715 5262 1770 5315 Id
1805 5275 1890 5322 est

260 5367 499 5415 mortuo.
544 5358 636 5412 Sic
675 5357 814 5410 infra
859 5373 902 5410 c.
949 5357 1018 5411 5:
1085 5378 1109 5406 α
1147 5358 1297 5410 Tunc
1355 5355 1462 5408 illis
1495 5355 1729 5409 feliciter
1779 5357 1882 5410 hu-

263 5468 425 5506 mana
457 5448 878 5504 excedentibus.
937 5472 960 5494 ιι
1020 5449 1110 5503 Sic
1152 5448 1457 5502 Chronicon
1491 5445 1881 5503 Cameracense

262 5549 358 5603 lib.
404 5566 482 5615 ιιι,
515 5565 561 5602 c.
597 5546 704 5600 19:
762 5564 786 5593 «
825 5544 1106 5599 Baldricus
1152 5544 1451 5614 episcOpus
1479 5541 1756 5596 hominem
1788 5560 1883 5596 ex-

259 5637 375 5702 ivit,
438 5659 457 5687 ι
514 5637 568 5690 id
600 5641 684 5690 est
736 5638 988 5688 mortuus
1019 5642 1118 5689 est.
1178 5634 1478 5687 Videantur
1510 5646 1631 5700 qua:
1672 5631 1879 5687 ibidem

260 5725 541 5782 adnotavi.

2057 5092 2162 5157 Qui
2214 5105 2393 5143 eorum
2427 5091 2812 5143 eicaricatione
2864 5090 3141 5159 perfuncti
3189 5090 3538 5160 disceptandi
3555 5104 3604 5150 et

1987 5180 2325 5235 deliberandi
2353 5181 2653 5232 libertatem
2707 5181 3038 5247 possideant.
3067 5179 3154 5233 Sic
3187 5178 3244 5234 C.
3291 5182 3351 5233 At
3383 5182 3424 5234 III
3467 5185 3602 5237 viri-

1989 5273 2214 5332 catione,
2265 5269 2411 5339 quod
2461 5269 2493 5320 S
2525 5268 2754 5322 mutavit
2781 5268 2834 5321 in
2884 5270 3320 5336 juriscautione;
3375 5269 3396 5320 J
3461 5274 3598 5325 vica-

1989 5366 2246 5426 riatione;
2291 5360 2437 5430 apud
2495 5359 2787 5412 Baronium
2838 5363 3121 5426 m’catione,
3175 5361 3229 5414 in
3275 5377 3444 5434 marg.
3501 5379 3602 5432 pro

1980 5454 2112 5505 vice.
2156 5449 2362 5505 Eodem
2401 5463 2567 5501 sensu
2601 5447 2655 5499 in
2698 5449 2932 5518 epistola
2979 5452 3033 5504 S.
3080 5450 3434 5524 Iladegundis
3464 5451 3601 5525 legi-

1985 5549 2073 5594 tur
2095 5539 2239 5610 apud
2265 5538 2488 5610 Gregor.
2541 5535 2767 5603 Turon.,
2798 5537 2890 5592 lib.
2927 5556 2976 5592 ix
3028 5540 3161 5594 Hist.
3203 5540 3391 5593 Frane.
3427 5556 3475 5594 c.
3506 5542 3598 5605 42,

1985 5633 2223 5702 epistola:
2248 5633 2581 5685 vicarietate.
2638 5630 2846 5685 Sensus
2888 5639 2988 5698 est,
3047 5633 3145 5698 Qui
3173 5633 3417 5704 ipsorum
3460 5634 3602 5688 vica-

1985 5721 2094 5776 rias
2125 5737 2323 5791 Operas
2361 5721 2576 5787 subeat,
2606 5721 2722 5776 sive
2753 5720 2993 5776 uthodie
3030 5721 3327 5792 loquimur,
3361 5723 3453 5792 qui
3486 5723 3596 5774 sint
