3972 6206
1217 336 1613 399 COLVENERII
1654 329 1929 388 SCHOLIA
1970 326 2033 381 ΙΝ
2075 322 2239 379 HIST.
2282 318 2564 377 REMENS.
2611 312 2875 371 ECCLES.
3618 298 3737 352 388

388 366 490 425 387

394 516 585 559 eorum
616 497 998 567 procuratores
1034 502 1155 541 cum
1189 482 1354 554 plena
1388 482 1653 550 potestate
1693 489 1807 529 rem
1845 470 2005 525 abso-
2028 473 2073 537 Α
2102 465 2278 527 sieno,
2334 468 2514 516 tutore
2568 455 2814 525 ejusdem
2889 448 3087 515 Caroli,
3146 444 3241 517 qui
3291 441 3514 498 titulum
3566 436 3740 512 regni

2104 554 2139 567 η
2483 548 2539 567 -L
2581 545 2727 567 -m.--
2784 540 2956 567 [πη-ηις
2990 536 3163 567 ρηηηοξ
3212 530 3570 567 ςηπιιπ-ηιηι-ἱα
3613 528 3737 567 [ηιιὶ

388 598 501 650 lute
531 584 919 658 componendi.
956 578 1213 650 Sequitur
1240 575 1386 629 enim
1418 590 1430 625 :

464 689 529 740 Ut
558 682 705 736 nullo
720 678 945 732 ulterius
964 678 1217 740 tempore,
1244 668 1511 735 praecepta
1540 661 1758 730 ﬁnitiva
1788 659 2001 710 sentcn-

388 780 489 841 tia,
518 774 583 827 de
624 772 724 825 hac
780 783 837 821 re
867 763 1223 820 necessarium
1256 759 1328 811 sit
1385 759 1585 809 rertere
1631 750 1995 821 quastionem.

391 840 481 923 Sic
520 867 709 939 legunt
748 860 785 915 C
815 868 869 914 et
897 858 937 922 l;
978 853 1076 910 sed
1117 853 1165 920 l,
1194 850 1510 919 inﬁnitima.
1546 844 1611 899 In
1640 843 1726 897 MS
1761 840 2004 911 perfecta

394 972 493 1028 pro
541 924 811 1024 percepta,
862 954 917 1000 et
962 944 1009 998 M
1065 946 1268 996 nectere
1308 952 1404 1009 pro
1456 938 1676 998 vertere,
1727 924 2003 1000 quomodo

395 1026 559 1104 etiam
592 1050 884 1112 utrumque
904 1036 1048 1108 apud
1067 1031 1361 1088 Baronium
1392 1026 1612 1100 legitur.

1053 1162 1257 1220 CAPUT
1288 1162 1353 1215 ll.

473 1266 773 1322 Rodemiam
808 1258 1073 1314 videlicet.
1105 1253 1195 1307 Sic
1229 1252 1290 1315 J;
1325 1249 1382 1315 S,
1424 1246 1762 1307 Rodennam;
1804 1238 1875 1305 M,
1912 1239 2012 1292 To-

399 1361 631 1414 dennam
642 1398 652 1408 .

470 1451 852 1520 Imperatorem
891 1455 1099 1512 quoque
1144 1436 1427 1494 Widonem
1476 1432 1784 1485 coronatum
1835 1423 2015 1477 eodem

401 1559 546 1599 anno
599 1541 908 1607 signiﬁcans
961 1532 1253 1586 indictione
1289 1528 1514 1581 decima.
1558 1518 1821 1575 Videlicet
1868 1527 2013 1569 anno

402 1634 528 1699 892,
587 1604 840 1700 quamvis
871 1621 1049 1676 statim
1108 1636 1139 1672 a
1170 1622 1344 1671 morte
1399 1610 1573 1666 Caroli
1601 1606 1800 1671 Crassi,
1852 1604 1907 1657 id
1932 1607 2017 1657 est

404 1722 473 1777 ab
500 1694 646 1774 anno
673 1717 841 1785 (juxta
872 1710 1211 1785 chinonem
1252 1712 1305 1759 et
1349 1700 1659 1770 Baronium)
1688 1697 1813 1762 888,
1844 1694 2016 1764 impe-

2102 554 2430 608 Francorum
2478 548 2546 601 ab
2575 545 2728 601 obitu
2784 540 2959 596 Caroli
2990 536 3165 593 Crassi
3212 530 3571 605 imperatoris
3613 528 3741 599 (qui

2101 655 2239 702 teste
2296 643 2601 716 Reginonc,
2657 652 2821 708 quem
2866 632 3114 704 sequitur
3170 629 3365 682 Baron.
3412 638 3564 678 anno
3629 622 3744 675 Do-

2104 735 2237 790 mini
2280 710 2483 787 888px
2514 730 2617 783 hac
2645 727 2754 780 vita
2784 720 3052 795 migravit)
3086 716 3372 789 tyrannice
3417 710 3739 781 usurpavit.

2106 822 2425 899 Sigebertus
2451 819 2507 871 in
2538 816 2736 871 Chron.
2768 826 2913 866 anno
2940 807 3045 864 890
3070 804 3261 861 scribit
3287 801 3542 858 Carolum
3572 797 3741 851 Cras-

2105 892 2225 968 scin
2278 911 2344 965 ab
2374 905 2737 981 Optimatibus
2780 898 3157 972 repudiatum,
3186 900 3239 948 et
3281 893 3338 947 in
3371 892 3554 946 locum
3609 902 3740 954 ejus

2106 975 2461 1057 sublimatum
2486 993 2805 1067 praedictum
2829 986 3135 1050 Arnulfum,
3165 990 3219 1038 et
3241 980 3495 1035 Carolum
3521 975 3739 1030 obiisse

2108 1109 2253 1148 anno
2283 1088 2568 1163 sequenti;
2621 1084 2853 1147 addens,
2886 1079 3082 1135 eodem
3133 1090 3277 1129 anno
3308 1072 3415 1127 890
3464 1070 3741 1131 Francos,

2109 1186 2360 1257 neglecto
2406 1179 2598 1235 (.arolo
2632 1172 2889 1230 Ludovici
2938 1169 3087 1225 Balbi
3124 1180 3295 1239 puero
3345 1164 3434 1217 vix
3466 1157 3742 1223 decenni,

2111 1250 2297 1349 regem
2330 1270 2437 1325 sibi
2472 1266 2786 1340 praefecisse
2818 1263 3064 1318 Odonem
3099 1257 3273 1313 ﬁlium
3291 1252 3520 1310 Roberti
3552 1250 3738 1305 ducis.

2116 1337 2246 1419 lte’m
2274 1363 2330 1416 in
2361 1337 2554 1416 eadem
2584 1355 2796 1427 synodo
2824 1353 2894 1407 de
2927 1348 3194 1405 Balduino
3234 1344 3436 1401 comite
3467 1337 3743 1396 Flandria“:

2114 1460 2399 1510 tractatum
2429 1457 2532 1515 est,
2562 1456 2621 1503 ut
2651 1454 2799 1518 patet
2830 1461 2895 1498 ex
2924 1460 3043 1512 cap.
3073 1441 3107 1497 6
3137 1446 3191 1494 et
3220 1437 3250 1492 7
3279 1434 3561 1507 sequenti.
3588 1430 3747 1505 Sige-

2115 1544 2305 1599 bertus
2332 1539 2596 1612 praedicta
2634 1540 2801 1590 retert
2830 1533 2898 1587 ad
2943 1545 3150 1585 annum
3180 1527 3303 1590 894,
3337 1538 3448 1595 quo
3479 1535 3633 1576 anno
3665 1519 3745 1573 sic

2115 1635 2232 1688 ait:
2286 1656 2311 1679 α
2370 1629 2561 1684 Odone
2599 1640 2729 1697 rege
2785 1638 2883 1694 per
2934 1618 3227 1676 consilium
3284 1614 3625 1668 Francorum
3686 1606 3741 1659 in

2115 1722 2403 1795 Aquitania
2429 1720 2774 1781 demorante,
2806 1712 2997 1768 Franci
3039 1723 3270 1780 puerum
3315 1703 3571 1759 Carolum
3600 1699 3744 1753 duo-

409 1812 549 1866 rium
598 1802 968 1875 occupaverit,
1011 1816 1133 1855 cum
1166 1802 1316 1851 esset
1344 1795 1452 1849 dux
1494 1792 1934 1879 Spoletanorum,
1966 1790 2020 1839 et
2046 1792 2094 1858 Β
2116 1790 2379 1879 de'nnem’
2410 1809 2669 1866 Ludovici
2703 1805 2854 1861 Balbi
2882 1804 3078 1867 mium,
3108 1801 3164 1854 in
3190 1812 3419 1872 regnum
3443 1799 3743 1865 paternum

408 1901 477 1954 de
506 1913 573 1951 eo
604 1902 715 1950 tota
744 1893 852 1947 vita
881 1907 980 1944 sua
1007 1904 1127 1942 cum
1165 1883 1390 1939 Arnulfo
1419 1889 1473 1937 et
1520 1877 1848 1953 Berengario
1879 1876 2019 1929 duce

406 1983 767 2055 Forojuliensi
798 1978 1104 2035 certaverit.
1139 1976 1459 2043 Utrumque,
1489 1968 1697 2024 scilicet
1726 1965 2019 2020 Widonem

407 2094 462 2141 et
490 2081 796 2148 Arnulfum,
828 2077 1034 2133 obiisse
1064 2071 1255 2127 scribit
1275 2070 1473 2123 Baron.
1507 2081 1651 2120 anno
1682 2062 1786 2119 899
1815 2080 1828 2127 ;
1863 2061 2018 2134 Sige-

409 2177 596 2231 bertus
620 2173 911 2226 Widonem
944 2182 1089 2221 anno
1116 2164 1212 2219 901
1244 2179 1258 2227 ;
1309 2157 1591 2215 Armﬂfum
1621 2155 1748 2221 902,
1782 2161 1835 2209 et
1869 2153 2021 2206 Lam-

409 2269 623 2323 bertum
657 2262 905 2317 Widonis
938 2259 1108 2314 filium
1139 2256 1261 2313 903.
1293 2255 1490 2308 Verum
1530 2248 1732 2305 certius
1765 2248 1883 2302 haec
1911 2262 2026 2300 om-

412 2362 503 2416 nia
546 2356 832 2420 Baronius,
883 2352 977 2424 qui
1018 2347 1291 2405 Lamberti
1342 2346 1470 2415 imp.
1523 2341 1732 2397 obitum
1784 2338 2026 2412 assignat

413 2469 558 2510 anno
583 2452 708 2508 910.

1053 2512 1260 2569 CAPUT
1292 2513 1383 2566 Ill.

485 2612 637 2681 Quod
678 2612 729 2665 si
775 2608 1017 2670 auderet,
1060 2604 1366 2675 apostolica:
1401 2601 1544 2656 sedis
1575 2598 1894 2654 sententiam
1940 2609 2027 2647 re-

414 2700 756 2773 formidaret.
815 2695 905 2749 Sic
945 2693 981 2747 C
1026 2701 1081 2747 et
1118 2692 1165 2747 .l.
1201 2693 1263 2746 At
1299 2691 1415 2744 MS:
1465 2688 1618 2756 Quod
1644 2690 1693 2740 si
1725 2701 1833 2740 non
1875 2683 2032 2738 audi-

418 2796 518 2853 ret,
573 2787 899 2859 apostolicae,
941 2789 1042 2836 etc.
1094 2782 1292 2835 Verum
1329 2780 1385 2833 in
1414 2778 1459 2832 M
1502 2774 1708 2831 recenti
1738 2788 1903 2828 manu
1935 2770 2031 2825 ad-

416 2885 563 2951 jecta
603 2884 688 2932 est
719 2874 937 2949 negatio
976 2889 1102 2926 non.
1146 2871 1319 2936 Quare
1348 2883 1459 2923 non
1504 2871 1587 2922 est
1614 2863 1842 2919 dubium
1875 2861 2032 2934 prio-

424 2985 537 3024 rem
567 2965 861 3021 lectionem
891 2977 1071 3017 veram
1102 2974 1243 3013 esse.

494 3062 625 3114 Item
652 3056 844 3111 scribit
885 3053 1055 3108 eidem
1094 3051 1495 3119 archiepiscopo
1534 3047 1611 3116 (id
1640 3053 1722 3102 est
1750 3046 2044 3102 Formosus

423 3164 566 3220 papa
597 3144 867 3211 Fulconi,)
898 3158 1001 3213 pro
1034 3140 1314 3195 Bertharto
1344 3138 1580 3208 quodam
1608 3138 1918 3207 presbytero
1966 3136 2043 3189 Ita

424 3238 533 3305 MS,
576 3236 612 3291 C
658 3243 713 3291 et
755 3235 827 3298 J;
884 3234 1024 3287 alias
1075 3232 1357 3293 Vertario;
1407 3227 1443 3281 C
1484 3228 1536 3283 in
1577 3227 1804 3293 Gallico,
1862 3226 1951 3281 hic
1990 3231 2044 3279 et

427 3328 591 3396 infra,
622 3328 932 3385 Berchario.

1069 3391 1276 3449 CAPUT
1320 3392 1402 3446 ιν.

498 3488 627 3555 Qua
654 3494 781 3545 tunc
810 3502 846 3539 a
875 3481 1205 3539 Zendeboldo
1233 3481 1456 3551 Arnulﬁ
1479 3481 1618 3548 regis
1658 3479 1787 3547 ﬁlio.
1820 3476 1869 3543 .l,
1903 3479 2040 3532 Zeu-

428 3578 670 3643 deboldo,
715 3574 994 3648 quomodo
1048 3571 1188 3628 etC.
1244 3571 1564 3644 Sigebertus
1616 3568 2045 3625 Zuendebaldum

428 3669 699 3723 nominat.
730 3669 859 3723 Erat
896 3674 1077 3721 autem
1111 3663 1258 3719 filius
1292 3660 1499 3717 Arnulﬁ
1539 3678 1605 3715 ex
1631 3659 1961 3725 concubina,
1989 3666 2049 3712 ut

431 3762 596 3835 habet
644 3759 791 3813 idem
831 3756 1149 3831 Sigcbertus
1199 3752 1253 3807 in
1298 3750 1495 3806 Chron.
1547 3749 1673 3817 896,
1713 3748 1811 3803 ubi
1858 3747 2051 3802 scribit

430 3870 556 3912 eum
586 3869 617 3906 a
652 3858 805 3922 patre
835 3849 1035 3903 factum
1084 3860 1268 3918 regem
1296 3842 1755 3907 Lothariensium,
1787 3846 1842 3895 et
1881 3839 1950 3894 ab
1981 3839 2049 3895 iis

430 3955 779 4023 peremptum
810 3960 956 4001 anno
993 3942 1121 4010 903,
1148 3942 1257 4006 vel,
1287 3946 1347 3995 ut
1373 3939 1605 4014 Regino,
1635 3939 1763 3994 900.

1093 4052 1299 4109 CAPUT
1326 4053 1386 4107 V.

505 4133 749 4200 Arnulfo
777 4131 896 4197 regi
941 4127 1373 4183 Transrhenensi
1409 4125 1622 4180 litteras
1668 4124 1909 4189 mittens,
1945 4137 2046 4192 pro

433 4240 600 4280 causa
641 4224 783 4290 regis
812 4215 1473 4287 Karoliquemparvulum
1510 4214 1691 4268 adhuc
1726 4216 1959 4267 unmerat
1987 4212 2049 4266 in

431 4331 628 4383 regem.
665 4312 761 4367 Hic
789 4307 1047 4364 Arnulfus
1076 4313 1195 4361 erat
1222 4305 1369 4360 ﬁlius
1404 4304 1772 4371 Carlomanni,
1804 4303 1898 4375 qui
1931 4301 2051 4357 Car-

431 4408 729 4463 lomannus
761 4402 861 4457 fuit
907 4399 1056 4455 ﬁlius
1088 4398 1345 4454 Ludovici
1400 4396 1729 4452 Germanici.
1778 4395 1874 4450 Hic
1902 4396 2050 4450 enim

2121 1910 2403 1969 revocant,
2432 1897 2685 1954 etRemis
2710 1912 2741 1950 a
2763 1893 2999 1949 Fulcone
3025 1883 3521 1957 archiepiscopoin
3550 1895 3744 1954 regem

2122 1992 2379 2049 benedici
2428 1990 2652 2045 faciunt.
2686 2006 2715 2037 ι)
2747 1986 2807 2040 Et
2833 1998 2979 2038 anno
3000 1982 3133 2037 899:
3176 2004 3190 2023 -
3227 1977 3341 2032 Odo
3374 1990 3469 2029 rex
3500 1973 3749 2027 Franco—

2123 2103 2242 2141 rum
2272 2083 2524 2147 moritur,
2564 2081 2849 2135 obtestans
2892 2076 3155 2147 primates
3184 2079 3244 2127 ut
3279 2067 3532 2124 Carolum
3576 2065 3637 2118 in
3665 2079 3754 2117 re-

2122 2193 2234 2253 gno
2264 2176 2590 2246 reciperent.
2618 2192 2643 2223 ι)
2679 2170 2833 2236 Quod
2852 2168 3106 2240 pluribus
3134 2162 3378 2219 declarat
3399 2159 3467 2214 ad
3486 2156 3754 2213 eumdem

2125 2284 2329 2324 annum
2356 2265 2460 2321 899
2482 2264 2754 2336 Meyerus.

2196 2356 2349 2423 Quod
2390 2354 2706 2409 Aschericus
2732 2352 2866 2420 ipse.
2902 2346 2993 2401 Sic
3018 2345 3103 2400 CR
3151 2350 3207 2398 et
3233 2342 3292 2409 J;
3325 2340 3426 2395 sed
3457 2338 3530 2405 Μ,
3561 2337 3756 2393 Adde-

2122 2449 2290 2512 ricus,
2322 2460 2421 2516 pro
2452 2459 2561 2515 quo
2592 2443 2626 2496 S
2656 2443 2901 2508 clericus,
2933 2435 3215 2509 quomodo
3254 2433 3311 2487 in
3353 2429 3592 2487 Baronio
3625 2427 3760 2500 legi-

2125 2543 2216 2591 tur
2240 2543 2373 2590 tom.
2408 2532 2472 2599 X,
2504 2546 2649 2586 anno
2672 2530 2798 2595 892,
2830 2534 2883 2582 et
2913 2527 2968 2580 in
3000 2524 3182 2595 Papir.
3216 2521 3495 2576 Massono.

2198 2626 2459 2681 Filiorum
2513 2622 2789 2691 Godfridi.
2846 2618 2935 2673 MS
2989 2615 3170 2686 Papir.
3212 2612 3475 2682 Golfridi.
3517 2609 3569 2674 .l,
3622 2608 3759 2664 Ges-

2129 2720 2289 2787 fridi.

2206 2811 2480 2878 Quatenus
2510 2811 2622 2862 tam
2657 2804 2723 2858 de
2752 2818 2834 2857 me
2863 2816 3027 2872 quam
3052 2800 3215 2853 etiam
3242 2797 3308 2850 de
3334 2794 3457 2848 sede
3494 2792 3763 2855 Remensi,

2133 2901 2423 2957 mercedem
2454 2899 2713 2966 dignetur
2741 2895 2952 2949 habere.
2986 2891 3063 2945 Ita
3093 2890 3159 2955 Β,
3184 2887 3316 2943 MS..
3348 2884 3636 2953 exemplar
3666 2882 3767 2935 Ba-

2144 2996 2285 3051 ronii
2321 3003 2377 3049 et
2403 2995 2451 3060 J,
2507 2991 2655 3064 quod
2686 2989 2819 3064 legit
2873 2989 2940 3042 de
2989 2985 3129 3051 sede,
3178 2998 3302 3038 cum
3353 2979 3463 3035 alia
3510 2978 3768 3034 omittam

2145 3089 2233 3155 de,
2259 3094 2318 3142 ut
2354 3087 2425 3142 sit
2454 3086 2660 3140 dictum
2693 3079 2877 3152 phrasi
2909 3077 3111 3133 Gallica
3130 3076 3315 3140 merci,
3348 3071 3403 3126 id
3433 3077 3516 3126 est
3544 3069 3763 3125 veniam

2071 3156 2120 3225 Ο
2142 3186 2197 3235 et
2225 3176 2626 3253 indulgentiam
2661 3174 2813 3238 dare,
2844 3172 2981 3227 alias
3004 3168 3210 3241 legitur
3245 3167 3583 3228 memoriam,
3625 3175 3767 3232 quo.

2142 3269 2307 3324 modo
2335 3266 2566 3323 vertitur
2591 3264 2646 3319 in
2676 3262 2899 3318 Gallico.

2785 3383 2995 3441 CAPUT
3030 3384 3118 3438 Vl.

2217 3486 2474 3541 Frothero
2498 3482 2921 3550 archiepiscopo.
2957 3476 3049 3531 Sic
3078 3475 3121 3529 Β
3148 3480 3205 3530 et
3231 3472 3281 3528 Ι.
3323 3472 3389 3527 At
3413 3469 3527 3535 MS,
3558 3469 3767 3524 Flothe-

2146 3595 2224 3633 ro.
2250 3578 2448 3632 Verum
2481 3574 2630 3629 illam
2647 3572 2940 3627 lectionem
2973 3565 3338 3639 praeferimus,
3366 3563 3498 3635 quia
3532 3563 3769 3635 intelligi

2147 3668 2365 3723 videtur
2416 3663 2733 3719 Frotharius
2784 3657 3143 3713 Bituricensis
3195 3653 3669 3724 archiepiscOpus,
3708 3653 3773 3704 de

2151 3776 2260 3833 quo
2289 3774 2455 3829 supra
2489 3773 2608 3826 cap.
2642 3756 2683 3821 l,
2716 3762 2771 3808 et
2796 3753 2892 3807 lib.
2927 3768 3008 3817 ιιι,
3040 3766 3087 3805 c.
3119 3748 3209 3811 21.
3244 3746 3453 3818 quique
3486 3746 3542 3800 in
3576 3745 3774 3800 tabulis

2150 3849 2505 3907 Democharis
2536 3847 2703 3902 etiam
2754 3842 3032 3899 Froterius
3060 3848 3308 3904 vocatur,
3367 3844 3422 3892 et
3449 3836 3777 3907 subscripsit

2152 3937 2363 4013 synodo
2393 3933 2781 3992 Suessionensi
2811 3932 3009 3986 habitae
3041 3944 3186 3984 anno
3218 3927 3323 3983 866
3353 3935 3409 3983 et
3434 3926 3772 3981 Trecassina:

2153 4043 2300 4084 anno
2320 4027 2448 4094 867,
2479 4024 2574 4081 ubi
2601 4024 2768 4078 modo
2821 4018 3114 4086 Frotarius,
3133 4016 3320 4083 modo,
3348 4015 3538 4071 addita
3568 4015 3769 4086 aspira—

2152 4126 2328 4191 tione,
2360 4122 2675 4177 Frothartus
2710 4117 3046 4174 nominatur.

2216 4214 2486 4279 Bostagno
2541 4208 2943 4264 Arelatensium
3008 4202 3251 4273 praesuli.
3321 4199 3418 4255 llic
3473 4199 3597 4254 sine
3673 4199 3771 4254 du-

2148 4304 2243 4359 bio
2280 4304 2326 4357 is
2353 4308 2436 4358 est
2464 4300 2558 4373 qui
2589 4314 2760 4371 supra
2786 4297 2861 4352 lib
2889 4313 2967 4363 ιιι,
3014 4310 3132 4364 cap.
3160 4293 3250 4347 21.
3306 4291 3650 4347 Rothstanus
3677 4308 3772 4363 ap—

2151 4394 2409 4466 pellatur.

435 4496 746 4551 Ludovicus
807 4490 953 4579 tilius
1009 4487 1267 4579 Ludovici
1316 4487 1395 4579 Pii
1464 4484 1816 4579 imperatoris
1872 4484 2054 4539 dictus
2078 4510 2136 4579 D
2225 4484 2468 4539 Pleonico
2507 4479 2914 4549 archiepiscopo
2966 4473 3374 4529 Transmarino.
3418 4473 3519 4527 Hic
3568 4480 3656 4528 est
3682 4473 3773 4544 qui

434 4583 795 4641 Germanicus
825 4587 881 4636 et
921 4575 1409 4642 Transrhenensis,
1457 4574 1624 4629 frater
1678 4572 1852 4630 Caroli
1883 4571 2052 4638 Calvi,

437 4673 628 4730 habuit
680 4679 792 4726 tres
858 4667 1025 4735 ﬁlios,
1087 4664 1532 4729 Carlomannum,
1610 4660 1944 4718 Ludovicum
2003 4665 2057 4713 et

437 4762 691 4818 Carolum
724 4758 997 4822 Crassum,
1022 4753 1117 4825 qui
1140 4752 1242 4807 fuit
1264 4752 1581 4821 imperator,
1615 4748 1703 4804 cui
1732 4755 1925 4819 patruo
1956 4763 2058 4803 suo

437 4856 494 4910 in
548 4867 721 4928 regno
750 4849 935 4922 potius
972 4862 1134 4919 quam
1188 4843 1422 4914 imperio
1466 4840 1734 4896 successit
1775 4838 2055 4894 Arnulfus.

440 4943 593 5001 Unde
646 4949 756 4997 tam
795 4958 827 4996 a
880 4936 1187 4993 Flodoardo
1218 4950 1383 5007 quam
1429 4932 1497 4986 ab
1528 4930 1651 4985 aliis
1700 4928 2061 5001 scriptoribus

434 5036 641 5107 saepius
690 5050 787 5088 rex
827 5030 1139 5102 appellatur
1206 5042 1370 5099 quam
1428 5024 1751 5095 imperator.
1800 5021 2061 5076 Videatur

436 5129 635 5184 Baron.
668 5125 823 5181 Tom.
855 5125 918 5192 X,
945 5138 1090 5178 anno
1133 5119 1257 5176 888.
1294 5119 1420 5174 Haec
1453 5123 1634 5172 autem
1666 5131 1790 5187 qua:
1821 5130 2061 5186 sequun-

439 5228 526 5276 tur
573 5233 750 5291 usque
797 5217 866 5272 ad
925 5216 1019 5271 illa
1089 5212 1283 5269 verba:
1365 5213 1495 5267 Item
1555 5209 1631 5264 ad
1694 5209 1933 5264 eumdem
1974 5223 2060 5262 re-

437 5327 554 5379 gem
601 5309 920 5378 signiﬂcans
958 5307 1008 5359 ei
1054 5304 1120 5357 de
1155 5301 1437 5371 ﬁdelitate,
1491 5306 1623 5364 etc.,
1683 5297 1841 5370 ponit
1892 5297 2063 5352 Seve-

438 5402 798 5459 rinusBinius
826 5415 926 5471 pro
966 5397 1143 5475 gestis
1172 5395 1393 5452 concilii
1424 5391 1774 5457 Rhemensis,
1799 5390 2061 5446 celebrati

441 5510 625 5550 annno
659 5493 786 5559 892,
832 5492 888 5546 in
918 5505 1027 5563 quo
1068 5488 1292 5544 Carolus
1328 5486 1593 5557 Simplex,
1636 5482 1779 5539 filius
1818 5483 2053 5554 posthu-

440 5598 564 5637 mus
635 5580 895 5636 Ludovici
953 5578 1105 5634 Balbi
1186 5592 1251 5631 ex
1335 5573 1598 5629 Adelaide
1632 5615 1648 5640 ,
1724 5571 2056 5626 Francorum

442 5671 598 5742 regni
665 5669 945 5741 legitimus
996 5681 1307 5733 successor,
1363 5682 1396 5720 a
1451 5664 1692 5719 Fulcone
1759 5660 2058 5717 Rhemensi

445 5758 863 5825 archiepiscOpo
904 5764 1121 5820 unctus,
1171 5755 1376 5821 rejecto
1418 5755 1606 5808 Odone
1652 5753 1855 5807 comite
1904 5751 2059 5804 Pari-

2155 4588 2387 4631 numero
2418 4587 2602 4628 nonus
2631 4569 2882 4625 decimus
2911 4567 2968 4621 in
2996 4566 3247 4640 catalogo
3279 4564 3610 4635 archiepisc.
3648 4565 3779 4620 Can-

2157 4666 2520 4725 tuariensium
2541 4670 2782 4720 vocatur.

2228 4756 2310 4811 Ad
2337 4755 2687 4811 tractandum
2725 4753 2791 4807 de
2823 4752 3144 4823 pervasione
3164 4746 3449 4804 Balduini.
3496 4746 3777 4802 lnvaserat

2160 4849 2250 4904 hic
2287 4847 2569 4903 Baduinus
2598 4845 2871 4900 Flandriaa
2923 4858 3111 4898 comes
3166 4838 3565 4895 monasterium
3600 4840 3779 4895 Berti—

2160 4953 2335 4993 nense
2377 4952 2444 4992 ex
2470 4935 2771 4991 donatione
2802 4930 2975 4987 Caroli
3017 4927 3315 4999 Simplicis,
3349 4926 3420 4980 de
3450 4932 3562 4998 qua
3601 4943 3685 4993 re,
3715 4943 3779 4982 ex

2159 5030 2463 5089 Folchardo
2492 5036 2549 5083 et
2601 5028 2814 5081 Joanne
2852 5022 3054 5093 lperio,
3114 5019 3362 5075 Molanus
3416 5018 3475 5073 in
3505 5018 3629 5073 Nat.
3689 5019 3776 5074 SS.

2160 5124 2333 5198 Belgii
2360 5122 2449 5178 die
2470 5121 2505 5176 9
2533 5116 2843 5190 Septembr.
2873 5122 2928 5171 et
2956 5115 3022 5169 17
3050 5111 3219 5169 Junii.

2230 5212 2531 5268 Abbatiam
2579 5206 2873 5278 quamdam
2914 5205 2975 5257 in
3002 5201 3168 5271 hujus
3222 5199 3493 5254 Hetilonis
3516 5199 3781 5268 parochia

2161 5307 2341 5363 sitam.
2374 5298 2635 5374 lntelligit
2660 5295 2940 5353 Cisonium
2968 5293 3025 5347 in
3056 5290 3282 5348 dicecesi
3326 5287 3688 5357 Tornacensi,
3714 5291 3778 5345 de

2162 5408 2270 5465 qua
2312 5404 2479 5460 supra
2510 5403 2631 5458 cap.
2662 5386 2714 5452 1,
2746 5399 2870 5455 quae
2902 5382 3004 5437 sita
3034 5380 3235 5436 dicitur
3263 5378 3321 5432 in
3353 5378 3617 5449 parocliia
3640 5379 3780 5434 ﬂeti-

2159 5480 2303 5535 lonis
2331 5475 2577 5549 episcopi
2608 5471 3011 5535 Noviomensis,
3036 5469 3187 5541 quia,
3216 5473 3275 5521 ut
3304 5466 3373 5521 ad
3400 5482 3523 5537 cap.
3554 5469 3591 5521 5
3619 5466 3775 5521 librii

2158 5572 2562 5638 adnotavimus,
2592 5567 2958 5625 Tornacensis
2997 5572 3053 5621 et
3101 5562 3486 5619 Neviomensis
3544 5561 3777 5619 Ecclesia

2158 5662 2433 5719 sexcentis
2463 5662 2625 5716 annis
2654 5660 2825 5718 unita:
2860 5658 3100 5715 fuerunt.

2230 5750 2382 5816 Quod
2400 5753 2752 5819 impetratum
2784 5766 2818 5803 a
2837 5751 3079 5804 Romana
3098 5744 3366 5799 detulerat
3389 5742 3544 5797 urbe.
3571 5740 3626 5797 S.
3656 5739 3775 5795 Eve-
