3972 6206
203 332 308 386 389

1632 320 1695 373 ΙΝ
1738 319 1982 373 LIBRUM
2032 321 2112 373 ιν.

3433 329 3538 386 390

200 455 394 510 rardus
453 452 716 516 marchio,
748 459 806 505 ut
863 458 943 504 est
989 465 1155 519 supra
1209 465 1330 518 cap.
1369 449 1386 503 1
1452 447 1616 518 hujus
1669 447 1814 512 libri,
1843 451 1894 517 Α
1921 447 2041 501 libri
2072 446 2237 512 tertii,
2268 447 2592 502 Hincmarus
2620 448 2757 502 obiit
2788 464 2933 504 anno
2961 450 3085 516 882,
3115 459 3168 505 et
3197 452 3358 508 Fulco
3394 458 3540 511 sedit

203 562 405 617 corpus
444 547 498 599 S.
533 544 720 598 Calixti
753 558 910 613 papae
942 549 994 595 et
1043 541 1296 610 martyris
1325 555 1356 592 a
1410 538 1654 592 Romana
1682 539 1816 591 sede

204 636 529 708 impetravit,
562 635 660 688 sed
703 633 818 687 ﬁeri
869 632 1046 702 potuit
1081 638 1138 685 ut
1167 631 1387 684 demum
1443 628 1589 682 filius
1644 628 1817 698 ipsius

206 726 489 789 Rodulfus,
521 727 587 779 de
618 740 727 794 quo
752 724 839 778 hic
861 730 942 776 est
972 737 1177 786 sermo,
1205 721 1334 773 inde
1365 720 1639 774 detulerit.
1673 719 1816 772 Scri-

203 817 339 870 bunt
370 823 552 869 tamen
584 814 822 867 Jacobus
851 812 1098 881 Meyerus
1129 810 1182 863 in
1213 811 1407 863 Annal.
1444 809 1730 874 Flandria},
1765 817 1819 863 et

203 907 443 962 Joannes
473 905 722 960 Molanus
763 905 818 957 in
869 903 1042 956 Natal.
1081 901 1174 955 SS.
1220 901 1390 974 Belgii
1440 901 1527 953 die
1559 901 1627 953 14
1657 900 1819 954 Octo-

208 1000 336 1064 bris,
371 997 518 1052 beati
577 996 767 1050 Calixti
825 994 1088 1065 reliquias
1147 993 1427 1046 Gisonium
1477 992 1669 1046 allatas
1722 1009 1821 1062 per

210 1087 538 1142 Everardum
586 1085 692 1140 loci
724 1084 1069 1138 fundatorem
1101 1097 1247 1136 anno
1302 1081 1424 1134 851.
1459 1081 1622 1134 Addit
1652 1080 1822 1134 Mola—

208 1195 310 1232 nus
359 1193 454 1232 eas
510 1177 698 1230 Remis
743 1192 888 1240 esse,
941 1191 1052 1245 quo
1099 1174 1308 1227 delatas
1361 1171 1530 1226 fuisse
1567 1171 1823 1226 scribitur

209 1269 347 1323 infra
375 1286 495 1339 cap.
551 1269 622 1332 8;
680 1269 734 1321 in
767 1267 1048 1338 epitaphio
1079 1274 1259 1319 autem
1308 1263 1493 1318 feretri
1547 1263 1822 1317 Cisonium

207 1358 415 1413 delatas
442 1357 642 1430 legitur
695 1372 842 1410 anno
868 1355 992 1410 855.
1056 1355 1229 1418 Quare
1263 1353 1373 1407 falli
1404 1352 1620 1406 videtur
1671 1351 1824 1424 Sige-

207 1447 414 1510 bertus,
444 1447 529 1499 vel
563 1445 816 1516 quisquis
845 1445 947 1497 hoc
977 1442 1262 1516 Sigeberto
1290 1441 1488 1509 adjecit
1520 1455 1662 1494 anno
1691 1440 1822 1493 884:

217 1557 241 1588 α
280 1537 391 1592 Hoc
419 1545 665 1607 tempore
716 1535 984 1590 Rodulfus
1023 1534 1246 1605 quidam
1281 1549 1482 1603 corpus
1522 1532 1697 1586 sancti
1729 1533 1828 1584 tia-

209 1627 304 1680 lxti
337 1643 493 1697 papae
524 1635 581 1680 et
621 1624 874 1695 martyris
910 1641 939 1677 a
971 1625 1215 1678 Romana
1245 1622 1380 1676 urbe
1412 1622 1467 1674 in
1522 1620 1825 1684 Franciam,

208 1719 487 1773 transfert.
537 1742 562 1764 ι»

280 1809 554 1861 Prwmissi
601 1805 826 1871 Ot/‘ridi.
880 1804 968 1857 Sic
1002 1803 1318 1875 nominatur
1368 1801 1508 1855 infra
1561 1817 1609 1854 c.
1667 1801 1722 1854 11

205 1896 462 1950 omnibus
505 1894 934 1964 exemplaribus,
977 1899 1030 1945 et
1082 1893 1137 1945 in
1184 1891 1386 1946 tabulis
1445 1889 1828 1955 Democharis,

202 1992 367 2055 atque
410 1984 465 2037 in
500 1982 774 2037 Chronico
829 1980 1208 2034 Cameracensi
1241 1980 1334 2033 lib.
1402 1982 1452 2042 1,
1495 1995 1544 2032 c.
1601 1979 1689 2031 61.
1725 1980 1830 2032 Su-

209 2089 308 2144 pra
343 2079 526 2127 tamen
581 2073 685 2126 hoc
740 2086 860 2140 cap.
919 2069 1004 2123 MS
1061 2069 1196 2142 legit
1248 2072 1318 2123 Et
1366 2070 1586 2135 fredus;
1631 2067 1681 2135 J,
1739 2069 1831 2122 0t-

209 2166 420 2232 fredus.

282 2252 577 2307 Auxilium
604 2252 712 2305 sibi
749 2251 915 2304 veniae
951 2252 1260 2318 ﬂagitantes
1310 2249 1379 2302 ab
1406 2250 1550 2319 ipsa.
1578 2248 1603 2302 J
1636 2248 1836 2304 omittit

209 2349 412 2410 venite;
443 2344 581 2400 forte
612 2344 912 2418 legendum
940 2347 1140 2398 venire.

845 2456 1054 2511 CAPUT
1104 2455 1214 2508 Vll.

282 2553 371 2606 Ea:
418 2553 614 2619 synodo
654 2554 828 2608 Remis
883 2553 1072 2605 habita
1119 2553 1410 2605 Dominicce
1444 2551 1836 2604 incarnationis

212 2659 352 2697 anno
381 2643 486 2697 892
515 2646 698 2710 arguit
724 2659 858 2696 cum.
897 2642 1020 2696 Hzec
1059 2648 1139 2695 est
1170 2642 1414 2712 synodus
1464 2639 1752 2694 Remensis
1782 2639 1837 2693 in

219 2749 329 2803 qua
389 2731 612 2786 Carolus
664 2732 902 2801 Simplex
951 2729 1096 2784 ﬁlius
1147 2729 1405 2784 Ludovici
1460 2730 1607 2783 Balbi
1667 2729 1720 2782 in
1762 2745 1842 2782 re-

218 2841 345 2899 gem
379 2823 707 2878 Francorum
736 2829 934 2877 unctus
965 2831 1069 2886 est,
1117 2821 1182 2875 de
1214 2837 1322 2892 quo
1353 2837 1522 2890 supra
1551 2821 1733 2876 notavi
1765 2821 1832 2874 ad

218 2936 341 2989 cap.
366 2920 426 2972 4.

823 2986 1030 3042 CAPUT
1087 2986 1204 3040 Vill

289 3100 379 3154 Ab
408 3100 632 3154 ecclesia
664 3098 812 3152 tituli
863 3097 916 3152 S.
951 3097 1236 3164 Agricola}.
1297 3097 1420 3152 Hac
1451 3097 1615 3152 hodie
1662 3104 1747 3152 est
1778 3096 1832 3151 S.

223 3187 455 3242 Nicasii.

873 3255 1081 3309 CAPUT
1118 3255 1184 3308 IX

300 3352 377 3405 Hi
405 3350 604 3405 scilicet
642 3349 936 3405 Gibrianus
999 3348 1254 3414 Helenus,
1314 3353 1418 3402 etc.
1486 3348 1573 3402 Sic
1627 3347 1710 3402 MS
1741 3347 1848 3401 Ve-

230 3458 352 3496 rum
376 3441 615 3495 llelanus
644 3440 699 3493 in
730 3439 779 3493 Μ
836 3439 941 3493 alia
973 3455 1136 3492 manu
1167 3439 1387 3492 additus
1415 3445 1514 3504 est,
1548 3455 1670 3492 cum
1705 3450 1850 3493 esset

226 3533 490 3589 omissus.
521 3533 583 3586 At
614 3538 648 3586 υ
691 3532 744 3584 in
804 3532 995 3586 Latino
1052 3540 1107 3585 et
1137 3530 1361 3595 Gallico,
1395 3535 1448 3584 et
1477 3529 1501 3584 J
1535 3545 1635 3600 pro
1675 3545 1741 3584 eo
1772 3530 1851 3584 le-

227 3631 372 3700 gunt
398 3627 647 3679 Tesanus.
683 3623 977 3694 Utriusque
1037 3622 1285 3676 meminit
1336 3622 1577 3676 Joannes
1606 3621 1853 3676 Molanus

231 3715 291 3767 in
323 3713 607 3767 additione
639 3711 706 3765 ad
735 3711 1061 3766 Usuardum.
1093 3710 1298 3764 lllius8
1330 3710 1452 3764 Maii
1507 3709 1594 3763 his
1624 3710 1806 3764 verbis
1837 3728 1849 3763 :

238 3827 264 3857 σ
313 3803 500 3859 Remis
525 3803 799 3874 depositio
853 3803 1028 3857 sancti
1088 3801 1330 3856 Gibriani
1385 3801 1738 3865 confessoris,
1797 3804 1852 3856 in

238 3893 478 3948 ecclesia
507 3891 680 3946 sancti
709 3890 939 3963 Remigii
968 3889 1326 3961 quiescentis.
1357 3911 1376 3938 ι
1408 3889 1599 3958 Hujus,
1633 3889 1662 3943 7
1693 3888 1853 3944 Octo-

243 3983 364 4037 bris
396 4002 412 4036 :
447 4007 471 4028 «
527 3983 586 4036 In
619 3996 759 4055 pago
786 3979 1063 4046 Remensi,
1092 3979 1212 4034 vico
1229 3979 1322 4050 qui
1346 3985 1570 4033 vocatur
1585 3978 1862 4046 Buxiolus,

245 4070 524 4141 depositio
553 4070 728 4124 sancti
783 4069 969 4124 Helani
1026 4068 1330 4140 presbyteri
1363 4075 1418 4122 et
1447 4067 1801 4123 confessoris.
1838 4090 1858 4119 ι

246 4163 517 4218 Eumdem
550 4164 601 4217 S.
639 4163 904 4216 llelanum
935 4161 1100 4216 habet
1130 4162 1236 4215 hoc
1291 4160 1380 4215 die
1425 4161 1617 4214 Petrus
1648 4159 1862 4215 Galesi-

247 4259 378 4312 nius
406 4257 460 4310 in
528 4271 628 4312 suo
692 4254 1094 4328 Martyrologio,
1159 4270 1224 4308 ex
1290 4252 1488 4308 tabulis
1551 4260 1864 4308 sanctorum

247 4349 510 4403 Ecclesiae
543 4347 854 4410 Remensis,
884 4354 938 4400 et
976 4345 1272 4416 utrobique
1305 4345 1425 4399 sine
1465 4344 1574 4398 ulla
1604 4345 1865 4399 varietate

248 4440 492 4495 Helanus
521 4439 849 4510 appellatus,
879 4438 1018 4492 sicut
1062 4446 1116 4492 et
1147 4438 1200 4491 in
1233 4437 1407 4492 Natal.
1434 4437 1526 4490 SS.
1561 4437 1727 4511 Belgii
1753 4437 1868 4492 Mo-

1875 3139 1922 3206 C

1917 540 2076 595 annis
2111 540 2195 605 17,
2222 539 2397 592 tribus
2416 541 2722 604 mensibus,
2759 543 3021 596 etdecem
3049 544 3262 608 diebus,
3290 554 3345 600 ut
3378 549 3541 604 habet

1919 633 2022 686 hoc
2052 633 2170 684 loco
2206 631 2567 700 epitaphium.
2603 632 2778 695 Qua'e
2837 635 3038 688 fallitur
3071 635 3324 690 Nicolaus
3373 640 3541 693 Ches-

1920 741 2058 779 neau
2088 725 2216 777 dum
2250 725 2303 776 in
2337 724 2538 778 Gallica
2580 742 2678 778 sua
2725 725 2967 781 editione
3001 735 3153 782 notat
3185 729 3236 781 in
3292 732 3537 805 margine

1918 832 2042 869 eum
2073 815 2279 869 obiisse
2309 831 2454 870 anno
2483 817 2609 871 903.
2642 816 2790 870 Idem
2820 819 3080 887 probatur
3107 835 3171 873 ex
3206 837 3254 875 c.
3285 823 3351 877 17
3379 823 3538 878 infra.

1920 911 2050 964 Nam
2083 927 2205 964 cum
2237 928 2526 966 successor
2573 913 2692 981 ejus
2728 913 3022 980 Herivzeus,
3073 923 3131 969 ut
3162 924 3244 970 est
3276 917 3329 970 in
3378 917 3541 972 Chro-

1921 1002 2046 1056 nico
2073 1002 2330 1066 auctoris,
2368 1003 2564 1056 obierit
2593 1019 2736 1057 anno
2765 1005 2887 1066 922,
2926 1005 3015 1058 die
3051 1007 3085 1058 2
3114 1007 3262 1073 Julii,
3295 1016 3351 1061 et
3382 1011 3546 1062 sede-

1922 1091 2011 1156 rit,
2070 1098 2127 1144 ut
2171 1092 2377 1145 ibidem
2437 1093 2655 1158 dicitur,
2704 1095 2864 1147 annis
2920 1096 2990 1148 22
3049 1097 3289 1168 demptis
3349 1101 3546 1155 diebus

1925 1184 1978 1247 4,
2019 1189 2235 1251 Oportet
2291 1198 2416 1236 eum
2457 1184 2769 1238 ordinatum
2824 1185 2992 1239 fuisse
3024 1187 3112 1240 die
3165 1190 3199 1241 6
3254 1190 3378 1243 Julii
3439 1208 3544 1245 an-

1927 1292 1996 1331 no
2035 1278 2141 1331 900

1996 1368 2454 1438 Explorantesque
2505 1371 2764 1440 quomodo
2817 1387 2851 1425 a
2903 1377 3104 1427 metatu
3147 1390 3241 1429 suo
3290 1376 3362 1429 ad
3411 1380 3550 1446 regis

1927 1460 2270 1528 colloquium,
2312 1467 2416 1513 etc.
2467 1461 2554 1514 Sic
2585 1463 2770 1516 omnia
2817 1464 3170 1534 exemplaria.
3208 1467 3412 1520 Sensus
3443 1476 3545 1533 est,

1931 1555 2207 1624 quomodo
2241 1572 2270 1608 a
2300 1555 2422 1609 loco
2454 1557 2509 1609 in
2541 1573 2649 1626 quo
2683 1559 2871 1612 metari
2905 1561 3064 1624 solet,
3101 1562 3182 1614 vel
3216 1579 3281 1616 ex
3310 1563 3549 1633 hospitio

1933 1665 2055 1715 suo,
2090 1649 2363 1720 proficisci
2414 1655 2635 1706 soleret.
2686 1654 2837 1707 Unde
2885 1655 3084 1708 dicitur
3131 1657 3316 1710 infra:
3368 1660 3554 1710 (.‘a'teri

1932 1745 2030 1810 qui
2080 1744 2393 1811 superfuere
2431 1745 2516 1796 his
2556 1746 2652 1812 qui
2694 1745 2768 1797 ad
2824 1745 3123 1813 hospitalia
3161 1751 3548 1809 remanserant,

1774 1816 2040 1885 InBetc.
2104 1834 2276 1887 Utitur
2323 1835 2516 1887 eadem
2574 1850 2708 1888 voce
2746 1839 2971 1888 metatus
3031 1835 3172 1889 infra
3231 1854 3277 1890 e.
3335 1837 3422 1901 15,
3455 1837 3548 1891 ubi

1933 1921 2230 1996 significari
2260 1921 2555 1992 hospitium
2577 1938 2637 1974 ex
2667 1938 2732 1976 eo
2758 1929 2923 1991 patet,
2951 1923 3078 1993 quia
3109 1925 3257 1993 quod
3285 1924 3358 1976 ibi
3387 1923 3548 1979 dicit:

1937 2018 2029 2071 Ad
2055 2021 2310 2070 metatum
2355 2032 2513 2070 suum
2542 2017 2795 2082 deduxit,
2843 2017 2898 2069 in
2931 2016 3200 2072 Chronico
3233 2034 3335 2072 suo
3374 2019 3507 2073 dicit
3539 2037 3552 2072 :

1935 2113 2104 2165 Duxit
2128 2127 2247 2164 eum
2294 2111 2368 2164 ad
2413 2112 2654 2180 hospitia
2682 2127 2798 2167 sua.
2837 2113 2970 2165 ltem
3027 2113 3216 2166 eadem
3247 2129 3381 2168 voce
3421 2131 3555 2168 usus

1936 2213 2019 2259 est
2074 2221 2238 2274 supra
2292 2205 2383 2258 lib.
2421 2208 2472 2270 1,
2505 2222 2552 2260 c.
2586 2205 2672 2272 20,
2737 2213 2788 2260 et
2845 2207 2939 2259 lib.
2976 2224 3032 2269 ιι,
3070 2223 3117 2261 c.
3176 2209 3229 2270 3,
3287 2208 3382 2261 ubi
3431 2209 3554 2262 vide

1936 2299 2206 2355 scholion.
2256 2301 2430 2365 Quare
2477 2317 2586 2354 non
2621 2308 2788 2366 recte,
2842 2302 3265 2357 reclamantibus
3300 2305 3559 2358 omnibus

1938 2390 2363 2460 exemplaribus,
2397 2390 2430 2443 S
2467 2390 2581 2444 vult
2610 2391 2809 2464 corrigi
2843 2408 2854 2444 :
2895 2391 3032 2456 Quot
3061 2395 3117 2444 in
3155 2395 3412 2447 comitatu
3443 2409 3558 2448 suo.

1941 2485 2082 2538 Voce
2114 2488 2343 2538 metatus
2396 2484 2563 2538 utitur
2594 2483 2911 2554 frequenter
2955 2485 3178 2559 Gregor.
3245 2486 3446 2542 Turon.
3504 2488 3558 2541 in

1941 2575 2074 2629 l-Iist.
2127 2576 2479 2641 Francorum,
2540 2582 2597 2628 ut
2654 2575 2747 2629 lib.
2784 2593 2858 2638 ιιι,
2920 2593 3040 2646 cap.
3095 2578 3147 2642 8,
3203 2580 3274 2632 ad
3310 2584 3562 2633 metatum

1939 2667 2232 2732 regressis;
2267 2680 2314 2717 c.
2350 2665 2437 2730 15,
2469 2667 2527 2718 in
2556 2669 2759 2718 metatu
2798 2665 2948 2733 ejus;
2984 2665 3077 2719 lib.
3113 2684 3163 2732 ν,
3197 2683 3247 2722 c.
3276 2669 3364 2723 15.
3398 2671 3559 2724 Rece-

1941 2757 2094 2811 dente
2121 2773 2242 2811 vero
2271 2773 2389 2824 rege
2408 2758 2483 2811 ad
2511 2761 2763 2812 metatum
2792 2772 2946 2811 suum
2970 2775 2984 2822 ;
3032 2758 3160 2812 item
3191 2759 3396 2814 ibidem
3434 2776 3557 2831 cap.

1935 2849 2042 2915 39;
2087 2851 2180 2905 lib.
2234 2869 2327 2911 vn.
2375 2867 2493 2922 cap.
2529 2852 2644 2916 29,
2705 2851 2828 2916 bis;
2888 2851 2964 2906 lib
3032 2869 3148 2918 vin,
3207 2869 3326 2924 cap.
3373 2854 3427 2920 2,
3488 2857 3562 2909 ad

1933 2945 2187 2995 metatum
2227 2947 2468 2997 nostrum
2543 2943 2780 2996 advenit.
2839 2943 2993 3007 Quod
3040 2953 3236 3015 postea
3291 2946 3448 3012 dicit,
3503 2949 3562 3001 in

1935 3035 2208 3086 mansione
2235 3047 2365 3096 mea,
2395 3032 2450 3085 id
2480 3039 2565 3086 est
2593 3032 2900 3099 domicilio,
2929 3040 3034 3088 etc.

2571 3146 2779 3201 CAPUT
2823 3148 2937 3202 ΧΠ.

2017 3220 2086 3272 Et
2135 3219 2309 3272 sancti
2336 3219 2566 3283 Remigii
2618 3219 2976 3274 benedictione
3006 3224 3223 3292 recepit.
3279 3221 3388 3276 Hoc
3421 3224 3567 3277 enim

1947 3311 2209 3366 tributum
2239 3320 2322 3366 est
2343 3313 2552 3366 meritis
2583 3313 2636 3368 S.
2671 3314 2926 3388 Remigii,
2966 3318 3114 3388 quod
3162 3318 3208 3371 is
3249 3319 3341 3389 qui
3373 3335 3570 3389 corpo-

1949 3403 2023 3456 ris
2063 3402 2183 3468 ejus
2234 3401 2650 3456 translationem
2702 3403 3090 3474 honoraverat,
3126 3425 3238 3464 non
3290 3411 3568 3467 amitteret

1953 3497 2100 3569 quod
2133 3496 2182 3550 ei
2225 3495 2368 3550 furto
2401 3495 2578 3550 fuerat
2608 3496 2870 3551 ablatum.

2028 3682 2322 3737 Conventus
2361 3609 3076 3754 deniquflsxinlcjurlalglsvswpe
3100 3703 3218 3742 cum
3256 3696 3579 3764 coepiscopis

1954 3787 2062 3827 sua:
2089 3771 2369 3825 diwceseos
2401 3770 2612 3825 habuit.
2655 3769 2986 3826 Nominatim
3025 3775 3184 3842 duos,
3227 3795 3397 3833 unum
3431 3798 3577 3838 anno

1963 3864 2087 3928 909,
2117 3862 2220 3916 sub
2261 3859 2453 3935 Sergio
2488 3861 2556 3914 Ill
2590 3877 2730 3932 papa
2770 3860 2826 3913 in
2879 3877 3018 3936 pago
3051 3865 3406 3924 Suessionico
3433 3879 3578 3943 apud

1965 3955 2292 4020 Trosleium,
2340 3954 2409 4008 de
2441 3968 2548 4024 quo
2581 3952 2721 4007 infra
2774 3968 2823 4008 c.
2856 3954 2943 4020 16,
2993 3955 3084 4008 ubi
3118 3957 3202 4010 MS
3227 3958 3417 4030 legunt
3450 3965 3581 4020 Tro-

1966 4052 2174 4116 sleium,
2235 4059 2290 4103 et
2343 4049 2526 4104 omnia
2555 4047 2852 4118 exemplar.
2907 4065 2954 4103 c.
2993 4050 3056 4104 19
3086 4059 3139 4103 et
3191 4052 3279 4106 21.
3340 4054 3580 4127 Utroque

1967 4142 2114 4197 enim
2151 4139 2375 4194 nomine
2405 4139 2559 4192 locus
2603 4138 2910 4208 appellatus
2955 4140 3249 4206 invenitur,
3282 4150 3340 4197 ut
3370 4143 3464 4200 illa
3489 4163 3584 4218 ap-

1967 4232 2190 4303 pellatio
2233 4229 2304 4283 sit
2345 4229 2578 4302 integra,
2621 4228 2738 4282 haec
2787 4245 2886 4298 per
2909 4229 3401 4299 abbreviationem,
3441 4236 3585 4294 sicut

1970 4327 2265 4382 Herivaeus.
2303 4325 2469 4391 Hujus
2499 4331 2618 4376 acta
2649 4324 2962 4378 summatim
3005 4341 3070 4379 ex
3100 4326 3333 4388 Baronio
3368 4329 3582 4386 haben-

1968 4429 2055 4475 tur
2105 4427 2237 4474 tom.
2287 4417 2356 4469 lll
2402 4414 2788 4477 Conciliorum,
2833 4423 2987 4484 parte
3043 4434 3100 4474 ll.
3144 4419 3382 4474 Alterum
3438 4439 3584 4479 anno

246 4530 362 4585 lani
395 4529 484 4583 die
509 4509 910 4593 3PDecembris,
959 4526 1051 4580 ubi
1097 4525 1352 4580 distincte
1409 4509 1676 4579 recenset
1713 4525 1869 4578 Hela-
1895 4509 1946 4576 D
1972 4515 2096 4578 921,
2131 4514 2197 4567 de
2229 4527 2338 4582 quo
2363 4515 2560 4564 auctor
2589 4516 2778 4563 noster
2807 4509 2863 4562 in
2891 4525 2990 4564 suo
3021 4512 3312 4579 Chronico,
3344 4521 3398 4568 et
3418 4516 3582 4572 Seve-

250 4634 408 4683 num,
443 4617 769 4680 Tresanum,
794 4615 1146 4678 Germanum,
1179 4620 1232 4667 et
1276 4613 1569 4667 Veranum.
1605 4614 1680 4666 De
1711 4621 1871 4667 aetate
1975 4611 2127 4664 riuus
2177 4605 2362 4660 Binius
2391 4612 2515 4674 post
2566 4603 2836 4674 synodum
2864 4603 3071 4659 ibidem
3122 4608 3448 4663 celebratam
3481 4612 3585 4665 sub

250 4707 451 4761 horum
482 4710 798 4758 sanctorum
831 4705 947 4758 haec
976 4703 1168 4757 scribit
1195 4702 1512 4774 Sigebertus
1557 4700 1612 4754 in
1669 4701 1867 4756 Chron.

248 4813 404 4854 anno
432 4796 536 4852 509
569 4815 581 4850 :
612 4796 901 4850 Gibrianus
931 4796 1123 4850 Scotus
1182 4810 1305 4849 cum
1339 4793 1598 4848 fratribus
1629 4799 1684 4847 et
1720 4808 1873 4849 soro-

247 4892 409 4947 ribus
440 4891 495 4944 in
534 4910 554 4937 «
590 4889 814 4943 Galliam
865 4888 1266 4960 peregrinatus,
1309 4886 1503 4942 urbem
1545 4887 1868 4941 Remensem

244 4986 367 5040 vita
394 4991 448 5038 et
483 4988 657 5038 morte
687 4997 786 5035 sua
805 4981 1056 5035 illustrat.
1084 5001 1105 5028 ι)

329 5074 580 5130 Francia.
616 5072 704 5126 Sic
734 5070 816 5125 CR
846 5088 859 5135 ;
893 5069 989 5124 sed
1017 5069 1123 5136 MS,
1151 5069 1391 5132 Franda,
1419 5068 1470 5136 J,
1503 5068 1740 5123 Fraude.

917 5187 1124 5242 CAPUT
1144 5187 1204 5241 X.

326 5282 403 5337 De
431 5279 659 5335 historia
695 5276 1168 5346 interremptionis
1197 5292 1293 5331 seu
1333 5273 1578 5342 martyrii
1611 5273 1867 5328 Fulconis

246 5375 508 5431 videatur
537 5371 786 5426 Molanus
819 5369 871 5422 in
921 5367 1200 5423 Natalibus
1243 5367 1332 5422 SS.
1391 5365 1563 5440 Belgii
1604 5365 1670 5418 17
1696 5364 1865 5430 Junii,

249 5482 319 5520 ex
346 5461 628 5519 chronicis
659 5456 1084 5513 Bertinensium.
1122 5457 1244 5511 Fuit
1264 5455 1481 5512 occisus
1506 5469 1651 5508 anno
1680 5453 1871 5520 900,ut

248 5554 462 5609 ibidem
497 5549 720 5614 dicitur,
776 5555 830 5601 et
858 5545 1212 5600 consentiunt
1264 5543 1602 5616 Sigebertus,
1634 5543 1871 5599 Jacobus

243 5643 494 5708 Cuisius,
527 5639 802 5708 Meyerus,
861 5633 1125 5687 Baronius
1188 5634 1244 5687 in
1298 5629 1621 5691 Annalibus,
1674 5636 1730 5684 et
1755 5631 1869 5697 alii,

243 5737 420 5809 idque
465 5743 624 5787 exeo
653 5726 918 5797 probatur
973 5724 1119 5794 quia,
1175 5731 1234 5779 ut
1285 5720 1463 5794 patuit
1489 5734 1654 5788 supra
1674 5720 1731 5774 in
1760 5720 1871 5777 fine

1973 4700 2179 4766 Seulfo,
2209 4699 2277 4752 de
2309 4713 2416 4769 qua
2447 4695 2588 4750 infra
2617 4712 2663 4750 c.
2698 4697 2784 4749 19.

2041 4801 2166 4852 Post
2213 4795 2404 4850 bellum
2431 4795 2579 4863 quod
2629 4793 2889 4850 Robertus
2915 4808 3080 4848 comes
3116 4800 3303 4850 contra
3332 4812 3416 4851 eos
3447 4800 3584 4855 Car-

1970 4895 2189 4945 notenus
2230 4889 2409 4956 gessit.
2437 4885 2532 4940 Sic
2560 4885 2746 4940 omnia
2799 4884 3154 4955 exemplaria,
3185 4889 3332 4957 quod
3383 4889 3584 4947 Gallice
3624 4907 3628 4911 ‘

1972 4987 2120 5035 recte
2150 4977 2311 5032 vertit
2338 4992 2457 5031 vers
2489 4978 2757 5043 Chartres,
2809 4975 2863 5028 id
2905 4981 3007 5037 est,
3040 4992 3230 5031 versus
3270 4978 3580 5038 Carnotum.

1972 5071 2125 5128 Unde
2155 5069 2206 5123 S.
2269 5070 2592 5124 Carnotenus
2635 5067 2863 5122 mutavit
2893 5066 2947 5119 in
3004 5066 3402 5125 Carnototenus.
3439 5072 3584 5135 Quo—

1973 5164 2136 5219 modo
2192 5170 2375 5218 autem
2427 5161 2581 5216 Rollo
2635 5161 2743 5216 dux
2810 5161 3246 5216 Normannorum
3289 5162 3578 5221 Carnotum

1972 5255 2258 5319 obsidens,
2297 5251 2624 5306 miraculose
2668 5251 2736 5305 ab
2765 5251 2900 5306 urbe
2942 5254 3194 5322 repulsus
3244 5254 3424 5321 fuerit,
3481 5257 3583 5310 sub

1970 5366 2174 5405 annum
2224 5346 2438 5402 Domini
2473 5346 2585 5402 908
2618 5363 2716 5417 per
2743 5347 3025 5402 camisiam
3061 5365 3158 5403 seu
3200 5349 3490 5405 interulam
3519 5351 3575 5405 B.

1971 5445 2148 5499 Marias
2182 5443 2406 5519 virginis
2434 5441 2539 5496 late
2583 5441 2844 5495 describit
2874 5441 3136 5497 idiomate
3177 5444 3380 5498 Gallico
3412 5445 3576 5499 Seba.

1972 5542 2184 5595 stianus
2215 5538 2493 5594 Roulliard
2549 5537 2604 5591 in
2654 5553 2754 5592 sua
2808 5536 3040 5591 Historia
3069 5538 3324 5594 Ecclesiae
3375 5539 3584 5596 Carno-

1973 5630 2146 5685 tensis
2175 5646 2294 5700 cap.
2325 5631 2378 5695 7,
2413 5645 2566 5683 num.
2589 5629 2640 5683 5.

2041 5725 2226 5780 Fidem
2273 5725 2476 5781 Christi
2530 5727 2799 5795 suscipere
2851 5728 3174 5792 receperunt.
3212 5726 3287 5779 Ita
3339 5726 3374 5779 C
3427 5735 3482 5780 et
3531 5725 3580 5778 J.
