3972 6206
426 314 519 367 391

1264 294 1651 352 COLVENERII
1694 291 1965 346 SCIIOLIA
2008 290 2071 343 IN
2116 287 2281 343 HIST.
2326 284 2609 340 REMENS.
2655 282 2915 337 ECCLES.

3667 282 3781 338 392

424 439 530 493 Sed
582 436 688 500 MS,
721 436 941 496 Baron.,
997 428 1169 497 Papir.
1207 433 1261 480 et
1295 431 1485 478 auctor
1538 421 1656 490 ipse
1702 420 1756 472 in
1811 417 2036 483 Chron.,
2067 424 2115 487 Α
2143 422 2201 470 ut
2228 422 2310 468 est
2340 413 2482 466 infra
2505 428 2553 466 c.
2585 412 2675 465 26.
2702 409 2847 464 Obiit
2876 417 3056 463 autem
3091 425 3215 462 xvm
3240 408 3355 462 Kal.
3387 407 3571 473 Junii,
3604 414 3777 478 atque

426 534 694 599 ceperunt.

2144 509 2215 561 ita
2246 505 2493 579 regnavit
2519 519 2695 557 annos
2755 501 2835 556 I2.
2890 501 3040 566 Quod
3071 500 3356 555 conforme
3398 507 3483 553 est
3527 499 3778 569 Bobezto

495 625 719 688 Insuper
766 620 924 669 etiam
956 617 1245 667 Romanum
1290 609 1595 677 pontiﬁcem
1651 618 1813 671 super
1840 601 2043 668 ejusce-
2144 598 2409 671 Gaguino,
2443 597 2610 649 Paulo
2671 593 2888 647 ASmiIio
2922 601 2975 646 et
3030 592 3154 646 aliis
3204 590 3409 644 multis.
3450 592 3525 642 Ilf‘
3564 592 3671 643 hoc
3706 591 3781 643 ita

425 714 570 767 modi
640 712 844 776 Inegotio
919 704 1181 760 consulere
1242 700 1471 754 studuit.
1546 697 1635 751 Ad
1711 694 1864 762 cujus
1921 708 2046 745 cou-
2147 690 2339 745 scribit
2368 688 2460 741 lib.
2493 705 2531 740 ιι
2563 686 2850 739 Annalium
2886 683 3135 754 Papirius
3167 683 3222 736 in
3254 681 3447 736 Carolo
3479 681 3775 750 Simplice:

425 803 591 860 sulta.
646 806 752 853 etc.
804 794 1146 863 Rescriptum
1190 788 1420 843 Joannis
1468 786 1529 838 IX
1585 800 1739 855 papa:
1780 782 1847 834 ad
1891 780 2045 833 Heri-

427 906 587 944 vcum
616 885 1094 954 archiepiscopum
1128 880 1193 931 de
1224 878 1291 930 iis
1336 892 1459 947 quin
1493 874 1636 927 circa
1665 870 2047 924 Nordmanno-

429 998 547 1035 rum
580 977 1000 1033 conversionem
1054 969 1305 1025 facienda
1337 968 1517 1020 forent
1546 970 1722 1018 exstat
1771 959 1916 1031 apud
1946 959 2048 1011 Ba-

427 1090 548 1129 ron.
580 1080 712 1127 tom.
742 1070 803 1134 X,
833 1082 977 1122 anno
1007 1064 1131 1129 985,
1162 1071 1217 1116 et
1248 1077 1378 1115 iom.
1414 1059 1504 1112 IlI.
1540 1054 1772 1116 Concil.,
1804 1059 1959 1122 parte
1991 1066 2049 1103 ιι.

1064 1176 1272 1231 CAPUT
1315 1174 1418 1228 XV.

502 1275 753 1344 Sequenti
774 1286 894 1323 vero
925 1284 1081 1330 anno,
1117 1274 1223 1320 etc.
1260 1263 1532 1330 Deinceps
1560 1272 1827 1313 annorum
1856 1266 2053 1307 nume-

431 1385 545 1433 rus,
576 1382 737 1438 quem
782 1362 982 1429 ailjeci,
1017 1364 1267 1427 sumptus
1321 1361 1497 1408 estex
1555 1348 1825 1403 Chronico
1877 1341 2049 1397 nostri

433 1433 744 1516 Flodoardi,
778 1450 925 1522 quod
968 1449 1209 1501 Pithmns
1235 1443 1407 1497 edidit
1447 1442 1591 1494 inter
1618 1433 1912 1490 duodecim
1946 1445 2048 1483 au-

435 1558 614 1603 ctores
643 1551 957 1599 coetaneos.

2151 804 2175 827 κ
2206 778 2530 847 Rodulphus
2565 775 2818 829 Richardi
2860 773 3006 827 ﬁlius
3031 774 3085 826 in
3139 771 3494 826 matrimonio
3532 771 3771 823 Italia-Ilii?

2152 867 2392 921 Emmam
2436 864 2655 919 Roberti

2725 862 2911 925 ﬁliam,
2945 869 2999 915 et
3032 860 3355 915 IIeribertus
3416 860 3607 913 aliam
3660 859 3781 922 ejus

2157 960 2322 1013 ﬁliam
2374 959 2623 1022 duxerat,
2685 972 2844 1010 socer
2882 956 3186 1029 generique
3253 962 3308 1009 et
3376 954 3535 1027 [Iugo
3606 950 3775 1004 filius.

2156 1050 2479 1106 auctoritate
2512 1059 2566 1103 et
2622 1048 2795 1122 gratia
2858 1055 3023 1117 atque
3087 1047 3293 1118 Opibus
3332 1046 3570 1099 multum
3612 1049 3787 1114 pote-

2150 1152 2290 1199 rant.
2316 1166 2345 1195 δ)

2774 1212 2981 1267 CAPUT
3008 1212 3139 1266 XXI.

2223 1329 2537 1382 Heribertus
2571 1329 2827 1383 Karolum
2856 1329 2921 1381 de
2950 1327 3217 1390 custodia,
3258 1329 3317 1379 in
3346 1340 3457 1394 qua
3482 1340 3604 1377 eum
3635 1324 3789 1376 deti-

2154 1418 2330 1480 nebat,
2362 1418 2516 1485 ejecit
2598 1417 2730 1471 Dolo
2787 1416 2933 1470 enim
3003 1416 3274 1470 Heriberti
3340 1422 3533 1485 captus
3602 1411 3787 1465 fuerat

2154 1522 2299 1559 anno
2330 1507 2453 1571 923,
2491 1514 2613 1576 pOst
2678 1505 2921 1560 occisum
2959 1504 3284 1566 Robertum,
3334 1511 3389 1556 et
3450 1502 3731 1555 liberatus
3758 1517 3788 1552 e

506 1640 730 1704 Propter
780 1634 1124 1697 Haganonem
1154 1626 1525 1681 consiliarium
1556 1635 1730 1673 suum.
1768 1635 1791 1665 α
1830 1615 1905 1667 [ta
1942 1611 1965 1665 J
1996 1616 2050 1663 et

2189 1612 2373 1651 .ircere
2402 1613 2547 1652 anno
2576 1597 2700 1664 927,
2730 1597 2828 1650 sed
2859 1612 3004 1653 anno
3057 1594 3312 1665 sequenti
3367 1594 3566 1647 iterum
3598 1593 3657 1645 in
3690 1608 3787 1646 cu-

2191 1697 2200 1704 .
2267 1690 2299 1704 ..
2507 1690 2518 1704 .
2597 1698 2605 1704 .
2758 1690 2768 1698 .
3371 1686 3477 1704 nam
3534 1685 3656 1704 ιι---

436 1730 472 1784 C
526 1729 579 1781 in
614 1726 802 1780 Latino
858 1729 909 1776 et
940 1721 1162 1774 Gallico.
1226 1718 1269 1771 III
1310 1731 1462 1777 vero,

437 1822 470 1874 S
501 1818 629 1873 fecit
662 1819 944 1882 Hugonem.
980 1811 1086 1863 Sed
1116 1826 1233 1863 eam
1284 1823 1447 1878 quam
1482 1802 1807 1858 retinuimus
1857 1794 2051 1850 lectio-

438 1928 564 1966 nem
596 1924 779 1964 veram
828 1922 949 1959 esse
981 1910 1198 1957 constat
1235 1916 1299 1954 ex
1333 1906 1555 1952 auctore
1587 1895 1643 1947 in
1675 1893 1823 1945 dicto
1882 1888 2053 1940 Chro-

1510 1716 1802 1779 Hugonem,
1836 1722 1903 1760 ex
1947 1714 2056 1774 quo

2183 1690 2396 1743 .todiam
2427 1690 2701 1754 redactus,
2756 1690 2813 1741 in
2867 1705 2976 1759 qua
3014 1687 3149 1741 obiit
3178 1701 3325 1740 anno
3371 1686 3495 1738 929.
3534 1685 3663 1738 Haec
3724 1700 3791 1737 ex

2081 1769 2127 1834 Β
2154 1789 2375 1833 auctore
2400 1780 2453 1832 in
2487 1779 2771 1833 Chronico.
2811 1778 2982 1831 Habet
3039 1776 3123 1830 his
3180 1774 3485 1829 conformia
3516 1772 3794 1843 bigeber-

2158 1882 2263 1939 tus,
2297 1874 2393 1925 sed
2435 1874 2641 1927 fallitur
2672 1873 2727 1925 in
2764 1881 3032 1941 tempore,
3091 1871 3219 1924 dum
3272 1867 3469 1922 scribit
3496 1882 3647 1921 anno
3681 1867 3791 1920 92s

438 2000 586 2064 nico,
635 1996 727 2051 ubi
760 2003 1076 2048 constanter
1124 1991 1197 2043 ita
1252 1988 1386 2059 legit
1432 1985 1618 2039 multis
1675 1981 1830 2035 locis.
1884 1978 2055 2031 Aliam
2158 1982 2282 2019 eum
2309 1966 2362 2019 in
2388 1966 2693 2020 custodiam
2754 1966 2981 2019 Peronae
3013 1981 3042 2017 a
3103 1963 3306 2018 comite
3363 1961 3655 2015 Heriberto
3688 1960 3794 2013 (ιρ-

441 2104 661 2144 causam
695 2084 943 2139 derelicti
995 2081 1166 2136 Caroli
1201 2078 1345 2152 regis
1394 2076 1599 2129 indicat
1657 2071 1975 2145 Sigebertus
2006 2066 2061 2118 in

442 2180 642 2235 Chron.
676 2193 821 2250 anno
860 2174 986 2236 920,
1020 2174 1105 2226 his
1158 2171 1342 2225 verbis
1375 2187 1387 2221 :
1446 2167 1718 2221 Robertus
1761 2163 1866 2214 dux
1900 2158 2065 2211 frater

443 2272 648 2327 Odonis
680 2270 846 2344 regis,
894 2276 1164 2338 appetens
1214 2278 1441 2335 regnum
1494 2259 1825 2312 Francorum
1872 2259 2063 2306 contra

443 2362 715 2424 Carolum,
748 2341 1106 2428 inquietabat
1157 2352 1462 2418 Franciam,
1504 2348 1736 2417 ejusque
1802 2341 2061 2395 instinctu

442 2466 637 2506 omnes
687 2463 829 2518 pene
882 2445 1153 2516 primores
1182 2439 1426 2495 Francize
1485 2434 1917 2490 adversabantur
1968 2430 2067 2483 Ca-

444 2540 580 2595 rolo.
633 2564 656 2586 ιι

1062 2598 1270 2655 CAPUT
1309 2597 1418 2651 XVI

516 2704 590 2755 De
620 2698 903 2754 Erlebaldi
933 2696 1140 2749 comitis
1172 2688 1705 2744 excommunicatione
1756 2684 1832 2737 Ita
1863 2696 2066 2753 perpe-

446 2801 540 2848 tuo
584 2790 715 2862 legit
742 2789 789 2842 J.
826 2786 1039 2857 Alioqui
1070 2783 1219 2838 varia
1249 2791 1334 2835 est
1364 2780 1527 2834 lectio
1560 2778 1723 2831 etiam
1770 2775 1825 2828 in
1867 2773 2062 2828 eodem

447 2878 771 2949 exemplari,
804 2877 890 2930 MS
922 2876 977 2928 in
1010 2873 1167 2927 titulo
1192 2871 1325 2944 legit
1356 2867 1658 2931 Heribaldi,
1687 2880 1813 2918 mox
1837 2864 1889 2917 in
1916 2869 2065 2916 textu

449 2978 506 3032 M
528 2975 923 3039 Herlebaldum,
953 2978 1007 3025 et
1052 2976 1244 3040 postea
1297 2964 1633 3021 Erbebaldus
1664 2981 1680 3027 ;
1724 2962 1782 3024 S,
1813 2958 2065 3014 Heribal-

450 3072 573 3125 dus.
609 3068 829 3142 Legitur
855 3074 909 3120 et
937 3062 1261 3127 Erebaldus,
1285 3059 1603 3121 Ereboldus,
1637 3063 1692 3110 et
1723 3051 2063 3110 Erleboldus.

453 3163 526 3217 Ex
554 3162 663 3216 ﬁne
690 3167 870 3214 autem
902 3156 1101 3228 capitis
1128 3159 1257 3209 nota
1299 3168 1422 3207 eum
1452 3150 1765 3205 absolutum
1797 3147 1968 3202 fuisse
1998 3142 2068 3197 ab

454 3246 1029 3309 excommunicatione
1068 3250 1193 3315 post
1220 3248 1472 3297 mdrtem.

1055 3353 1262 3409 CAPUT
1293 3352 1464 3407 XVII.

532 3453 720 3507 Tertia
762 3450 850 3503 die
898 3447 1102 3501 scilicet
1134 3449 1426 3514 postquam
1454 3442 1713 3497 Robertus
1764 3453 1862 3491 rea:
1891 3437 2071 3503 factus

453 3543 658 3608 fuerat.
688 3539 881 3593 Factus
921 3542 1039 3590 erat
1094 3550 1186 3589 rex
1238 3534 1331 3587 die
1361 3531 1550 3586 ultima
1596 3527 1744 3581 Junii
1799 3526 1925 3579 922.
1978 3523 2073 3577 Hic

462 3628 755 3691 Robertus,
823 3624 990 3679 frater
1050 3622 1258 3677 Odonis
1312 3620 1477 3691 regis,
1545 3618 1742 3672 eodem
1795 3629 1964 3681 anno,
2017 3618 2076 3665 ut

457 3719 653 3776 scribit
708 3717 1055 3781 Odorannus,
1106 3721 1161 3768 et
1217 3712 1556 3785 Sigebertus,
1615 3707 1820 3762 auxilio
1879 3705 2076 3760 Lotba-

458 3812 743 3873 riensium,
773 3808 918 3878 apud
945 3805 1297 3861 Suessionem
1349 3801 1789 3856 interfectusest.
1819 3797 1925 3852 Sed
1958 3812 2076 3850 ma-

457 3906 549 3979 gis
566 3900 773 3959 auctori
797 3907 987 3956 nostro
1013 3914 1102 3952 res
1123 3896 1207 3951 sui
1231 3894 1495 3966 temporis
1548 3892 1814 3947 scribenti
1844 3891 2074 3945 creden-

459 3999 613 4064 dum,
655 3996 749 4067 qui
780 4008 924 4048 anno
975 4008 1094 4062 seq.
1150 3989 1254 4044 923
1277 3988 1620 4043 interfectum
1667 3983 1860 4040 scribit
1882 3983 1935 4036 in
1976 3995 2077 4035 suo

464 4090 758 4148 Chronico.

1061 4155 1269 4211 CAPUT
1324 4153 1476 4209 XIX.

539 4254 719 4307 Vitam
766 4249 966 4318 ﬁnisse.
1006 4245 1149 4300 Obiit
1178 4243 1397 4299 Seulfus
1426 4256 1572 4296 anno
1602 4239 1727 4306 925,
1759 4236 1992 4308 expletis
2020 4235 2077 4289 in

457 4346 775 4417 episcOpatu
800 4342 959 4397 annis
988 4340 1159 4394 t'ibus
1193 4346 1246 4393 et
1302 4337 1504 4391 diebus
1563 4335 1830 4405 quinque.
1866 4333 1943 4385 Ita
1973 4346 2076 4384 au-

458 4445 576 4492 ctor
600 4436 655 4489 in
690 4434 980 4505 Chronico,
1020 4431 1114 4485 Cui
1165 4429 1449 4486 conforme
1494 4435 1576 4481 est
1607 4425 1756 4497 quod
1801 4424 1869 4478 de
1896 4437 1963 4476 eo
1994 4420 2077 4474 le-

458 4528 608 4602 gitur
636 4526 777 4581 infra
804 4542 927 4597 cap.
958 4525 1044 4580 35.

1087 4591 1296 4647 CAPUT
1326 4591 1431 4645 XX.

530 4708 802 4774 Rodulfus
832 4707 1005 4773 igitur
1029 4720 1148 4757 rem.
1185 4703 1257 4756 De
1291 4702 1393 4755 hoc
1416 4697 1652 4755 Rodulfo
1682 4695 1875 4751 scribit
1904 4694 2079 4763 Meye-

461 4816 554 4854 rns
580 4814 726 4854 anno
756 4797 879 4853 890.
918 4796 1119 4851 Eodem
1134 4809 1280 4849 anno
1312 4778 2077 4863 Burgundionesﬁodulpho,

463 4887 862 4943 Ricardiducis
888 4886 973 4939 sui
1028 4883 1163 4948 ﬁlio,
1229 4882 1484 4936 diadema
1535 4880 1941 4950 imposuerunt,
1984 4892 2078 4931 re-

460 4993 701 5051 gemque
759 4974 865 5029 sibi
906 4973 1411 5029 consalutaverunt.
1446 4969 1542 5024 Hic
1572 4966 1741 5042 igitur
1791 4965 2079 5033 Rodulfus,

459 5070 606 5124 ﬁlius
632 5067 886 5123 Richardi
922 5064 1257 5121 marchionis
1288 5062 1534 5134 praefecti
1590 5059 1943 5135 Burgundiae,
1967 5064 2083 5114 erat

464 5158 945 5234 reX'Burgundiae,
973 5173 1138 5229 quem
1198 5155 1417 5221 Franci,
1446 5154 1629 5209 occiso
1661 5153 1719 5207 in
1753 5152 1941 5223 praelio
1972 5152 2081 5206 Ro-

464 5252 622 5307 berto
642 5267 795 5325 rege,
819 5266 1012 5305 socero
1038 5249 1235 5319 ipsius,
1265 5263 1410 5303 anno
1456 5246 1582 5311 925,
1618 5244 1872 5300 nolentes
1900 5244 2082 5298 redire

466 5344 533 5398 ad
566 5342 819 5398 Carolum
876 5342 1237 5415 Simplicem,
1283 5340 1389 5395 sibi
1437 5354 1622 5414 regem
1655 5337 1961 5410 elegerunt,
1994 5351 2081 5390 re-

466 5432 653 5503 xitque
681 5447 910 5504 regnum
942 5431 1185 5485 Francia:
1237 5446 1335 5500 per
1360 5429 1499 5484 duos
1547 5442 1741 5485 annos,
1796 5431 1853 5480 ut
1891 5423 2084 5479 scribit

468 5521 806 5596 Sigebertus,
835 5522 981 5577 dicto
1015 5521 1207 5576 Carolo
1262 5521 1316 5575 in
1345 5520 1598 5576 custodia
1639 5518 1784 5590 apud
1814 5518 2080 5572 Peronam

468 5608 709 5664 detento.
760 5612 960 5665 Verum
1016 5627 1082 5664 ex
1132 5626 1254 5679 cap.
1308 5607 1676 5679 sequentibus
1717 5612 1933 5663 constat
1955 5621 2080 5660 eum

473 5709 732 5763 regnasse
764 5698 816 5750 in
844 5697 1072 5768 Francia
1103 5712 1278 5764 usque
1308 5696 1375 5750 ad
1394 5711 1597 5749 annum
1623 5696 1752 5762 936,
1782 5710 1891 5764 quo
1922 5694 2082 5757 obiit,

2095 3228 2145 3296 C

2165 2064 2376 2111 trusum
2401 2057 2471 2111 ob
2500 2072 2692 2110 necem
2727 2056 2947 2110 Roberti
2987 2055 3141 2110 ducis
3166 2055 3234 2108 ab
3288 2069 3355 2107 eo
3388 2053 3691 2123 perempti.
3734 2051 3794 2104 Et

2164 2164 2309 2204 anno
2339 2149 2443 2203 926
2470 2168 2485 2203 :
2528 2170 2551 2199 α
2580 2146 2806 2202 Carolus
2872 2162 2961 2201 rex
3032 2146 3363 2198 Francorum
3396 2144 3500 2196 sub
3532 2142 3794 2197 custodia

2166 2238 2434 2291 Heribcrti
2494 2238 2647 2291 exsul
2680 2244 2733 2291 et
2787 2244 2994 2305 martyr
3022 2234 3271 2289 moritur.
3324 2253 3351 2280 π
3411 2232 3685 2285 Similiter
3736 2231 3791 2283 in

2166 2339 2411 2400 tempore
2443 2330 2666 2395 fallitur,
2700 2331 2829 2383 dum
2860 2328 3052 2383 scribit
3109 2342 3255 2381 anno
3309 2326 3414 2382 928
3448 2325 3789 2379 Ludovicum

2168 2417 2338 2472 ﬁlium
2373 2418 2548 2473 Caroli
2618 2419 2673 2472 in
2705 2417 2987 2472 Franciam
3043 2432 3169 2471 esse
3235 2431 3542 2481 reversum,
3577 2430 3707 2469 cum
3740 2413 3791 2466 id

2167 2507 2389 2561 demum
2420 2506 2621 2562 factum
2650 2507 2719 2560 sit
2774 2521 2919 2560 anno
2967 2504 3094 2569 976,
3148 2511 3273 2573 post
3318 2502 3533 2557 obitum
3568 2498 3791 2555 Rodulﬁ

2171 2596 2318 2671 regis
2339 2598 2691 2671 Burgundize.

2763 2687 2974 2744 CAPUT
3004 2687 3168 2741 XXIII

2246 2794 2350 2849 Nec
2376 2803 2480 2842 non
2506 2790 2555 2839 et
2592 2784 2857 2840 Amaldo.
2915 2782 3053 2837 SicJ
3088 2800 3102 2845 ;
3132 2781 3257 2843 alia,
3316 2781 3584 2835 Arnoldo.
3621 2780 3795 2833 Simi-

2166 2882 2290 2937 liter
2320 2880 2375 2934 in
2407 2877 2772 2949 sequentibus
2794 2892 2940 2930 nunc
2958 2875 3242 2939 Artoldus,
3272 2873 3554 2943 quomodo
3583 2871 3798 2941 stepius

2168 2971 2203 3025 C
2233 2977 2287 3025 et
2312 2970 2362 3035 J,
2394 2983 2540 3022 nunc
2569 2966 2861 3030 Artaldus,
2889 2964 3167 3035 quomodo
3198 2962 3547 3033 frequentius
3580 2960 3664 3014 MS
3714 2961 3794 3015 leo

2168 3066 2323 3135 gunt.
2352 3059 2488 3112 Item
2514 3055 2830 3123 Sigeboldus
2856 3062 2911 3108 et
2937 3052 3279 3121 Sigebaldus,
3335 3059 3442 3106 etc.
3479 3070 3493 3116 ;
3534 3060 3591 3104 et
3647 3049 3797 3103 infra

2171 3167 2217 3205 c.
2251 3150 2339 3213 33,
2366 3147 2632 3203 Deroldus
2663 3153 2718 3199 et
2743 3145 3032 3200 Deraldus.

2776 3236 2983 3291 CAPUT
3012 3236 3183 3290 XXIV,

2241 3347 2315 3398 De
2347 3333 2687 3396 ordinatione
2709 3335 2884 3388 domm
2915 3330 3137 3386 Artoldi
3185 3330 3440 3397 episcopi.
3499 3326 3623 3380 IIzec
3654 3324 3797 3379 facta

2173 3439 2255 3486 est
2278 3446 2425 3485 anno
2459 3430 2585 3494 731,
2614 3432 2669 3481 et
2697 3423 2836 3480 obiit
2863 3419 3146 3484 anno96l,
3165 3417 3346 3489 pridie
3379 3416 3493 3469 Kal.
3519 3414 3796 3479 Octobris,

2172 3535 2232 3581 ut
2255 3526 2422 3579 habet
2471 3530 2662 3578 auctor
2714 3522 2773 3574 in
2824 3516 3115 3581 Chronico,
3172 3520 3337 3585 atque
3367 3514 3443 3567 ita
3472 3517 3691 3567 constat
3730 3511 3789 3566 3|

2175 3612 2653 3687 annis-Ecclesiam
2686 3609 3047 3685 gubernasse.

2782 3698 2990 3754 CAPUT
3039 3697 3188 3751 XXV.
3700 3738 3707 3746 .

2251 3800 2497 3868 Synodus
2518 3802 2715 3867 septem
2744 3797 3109 3866 episcoporum
3148 3791 3298 3861 apud
3328 3792 3386 3846 S.
3428 3793 3691 3845 Macram.
3723 3790 3794 3853 Μ,

2181 3891 2467 3957 Magram;
2498 3888 2554 3954 S,
2585 3887 2883 3941 Machram.
2918 3883 2977 3936 In
3008 3890 3140 3936 tom.
3177 3880 3246 3933 III
3304 3878 3513 3933 Concil.
3569 3878 3799 3948 ponitur

2179 3995 2324 4035 anno
2351 3978 2475 4046 935,
2507 3979 2610 4033 sub
2657 3976 2882 4032 nomine
2933 3974 3151 4029 consilii
3209 3972 3519 4037 Remensis,
3569 3988 3695 4025 cum
3728 3972 3795 4024 sit

2180 4080 2363 4150 pagus‘
2382 4074 2605 4146 quidam
2637 4072 2885 4141 ejusdem
2911 4070 3188 4135 dioecesis,
3211 4068 3319 4123 alio
3348 4066 3577 4122 nomine
3605 4070 3796 4120 Fismes
3880 4068 3887 4073 “

2180 4166 2379 4231 dictus,
2411 4172 2471 4219 ut
2500 4163 2781 4219 adnotavit
2809 4160 3064 4216 Nicolaus
3091 4158 3395 4212 Chesneau.
3433 4156 3507 4210 De
3537 4155 3796 4226 passione

2180 4261 2361 4311 autem
2395 4254 2446 4308 S.
2480 4254 2673 4307 Macra!
2694 4250 2927 4325 virginis
2953 4248 3126 4303 habes
3156 4246 3296 4300 infra
3317 4262 3347 4300 c
3396 4245 3485 4299 51.

2686 4348 2691 4351 ’
2784 4338 2993 4392 CAPUT
3024 4337 3198 4390 XXVI.

2246 4437 2512 4492 Ludovico
2545 4435 2733 4489 Karoli
2760 4433 2894 4502 ﬁlio,
2929 4446 3078 4501 quem
3138 4444 3235 4482 rea:
3293 4428 3595 4483 Alstamius
3625 4443 3796 4481 avun-

2094 4546 2155 4616 ι)
2174 4527 2326 4581 culus
2351 4524 2527 4594 ipsius
2559 4523 2848 4577 nutriebat.
2886 4521 2948 4585 R,
2980 4521 3247 4574 Alstanus
3282 4535 3294 4570 :
3323 4517 3372 4582 J,
3407 4520 3703 4572 Astranus.
3742 4518 3795 4570 In

2178 4621 2429 4694 catalogo
2484 4635 2673 4693 regum
2724 4616 2930 4691 Anglia:
2982 4613 3127 4685 apud
3184 4613 3452 4667 Joannem
3511 4611 3795 4665 Carionem

2180 4711 2502 4764 Adelstanus
2530 4707 2852 4762 nominatur
2883 4722 2897 4770 ;
2928 4705 3175 4775 Meyerus
3228 4703 3574 4757 Atelstanum
3621 4708 3795 4754 vocat.

2182 4798 2273 4852 Est
2313 4805 2494 4852 autem
2551 4796 2643 4850 hic
2695 4794 3005 4849 Ludovicus
3060 4792 3237 4847 Caroli
3293 4791 3579 4861 Simplicis
3636 4788 3797 4854 ﬁlius,

2182 4892 2363 4945 dictus
2390 4887 2833 4952 Transmarinas,
2883 4886 3012 4957 quia
3044 4894 3194 4939 trans
3248 4899 3399 4937 mare
3430 4883 3582 4952 apud
3614 4898 3797 4956 regem

2184 4981 2391 5057 Anglia)
2413 4978 2589 5033 fuerat
2642 4979 2937 5043 enutritus,
2992 4991 3058 5030 eo
3115 4974 3262 5046 quod
3316 4979 3552 5026 matrem
3578 4972 3801 5025 haberet

2183 5073 2350 5129 ﬁliam
2384 5071 2529 5145 regis
2558 5070 2877 5141 Anglorum.

2252 5165 2404 5233 Quod
2424 5168 2582 5235 pater
2600 5164 2714 5233 ejus
2762 5161 2995 5229 (scilicet
3025 5159 3250 5214 Carolus
3298 5157 3569 5227 Simplex)
3617 5158 3670 5212 S.
3697 5158 3795 5209 Re-

2179 5263 2344 5329 migio
2374 5259 2703 5314 tradiderat.
2764 5256 2821 5309 Id
2867 5261 2952 5309 est
2987 5251 3321 5308 monaSIerio
3353 5251 3404 5302 S.
3456 5248 3716 5323 Remigii,
3743 5253 3797 5299 ut

2181 5357 2333 5423 patet
2352 5366 2416 5404 ex
2447 5348 2633 5403 verbis
2688 5346 3074 5418 sequentibus.
3109 5344 3197 5397 Sic
3251 5350 3305 5395 et
3365 5339 3507 5394 infra
3537 5352 3791 5409 cap.seq.

2184 5448 2240 5499 ct
2268 5443 2398 5497 alibi
2429 5441 2719 5511 accipitur.

2768 5508 2978 5564 CAPUT
3002 5506 3229 5562 XXVIII.

2253 5605 2412 5670 Hugo
2434 5604 2686 5670 princeps
2713 5601 2859 5669 ﬁlius
2901 5598 3160 5653 Rotberti.
3214 5593 3310 5648 llic
3365 5592 3508 5647 infra
3540 5608 3590 5647 c.
3640 5592 3708 5646 35
3744 5597 3793 5643 et

2185 5692 2316 5748 alibi
2344 5702 2570 5748 vocatur
2602 5693 2752 5763 Hugo
2783 5705 2988 5753 comes,
3036 5688 3127 5759 qui
3165 5686 3347 5741 dictus
3390 5693 3475 5738 est
3503 5684 3659 5755 llugo
3684 5682 3788 5737 Ma-
