3972 6206
163 251 270 305 393

1599 269 1660 322 IN
1708 269 1954 328 LIBRUM
1997 277 2080 329 IV.

2504 329 2530 352 ο
3406 306 3511 362 394

157 428 326 484 guns,
383 428 570 467 comes
625 414 966 482 Parisiensis,
1021 430 1075 475 et
1117 422 1225 477 dux
1270 425 1596 496 Aquitaniae,
1639 428 1784 484 illius
1811 438 1856 504 Α
1881 436 1994 488 sule
2022 436 2250 504 addunt,
2284 444 2333 493 et
2367 443 2698 499 Theobulrlus
2715 450 2961 516 quidem,
2995 457 3141 524 quod
3167 459 3323 516 abest
3355 480 3385 517 a
3407 481 3507 519 ca?-

165 501 388 524 D.-.l.-_nf
429 504 657 524 A__,l.“-,
695 522 736 524 ,ν
786 508 794 516 ο
906 516 914 524 .
978 510 1011 524 τι
1084 511 1093 521 ο
1135 513 1142 521 -
1258 514 1267 522 ι
1461 517 1470 524 .
1507 517 1516 524 .
1681 521 1690 524 -
1728 521 1736 524 .

165 501 388 556 Roberti
418 504 828 578 Andegavensis
869 516 920 562 et
978 510 1301 567 Parisiensis
1333 517 1569 582 comitis,
1600 521 1692 589 qui
1728 521 1779 574 in

163 606 351 662 regem
398 591 573 646 fuerat
603 594 831 662 electus,
865 597 932 652 de
957 616 1067 670 quo
1090 618 1256 673 supra
1289 621 1408 675 cap.
1444 608 1529 660 Π.
1556 608 1782 663 Vocatur

161 681 312 736 idem
341 683 490 754 [Iugo
518 685 622 739 dux
653 687 1002 755 Francorum,
1037 694 1129 764 qui
1167 695 1440 752 Ludovico
1475 699 1588 771 regi
1616 700 1783 753 Fran-

158 788 376 840 corum,
413 775 524 833 tilio
548 779 721 834 Caroli
763 781 1060 854 Simplicis,
1095 787 1399 855 rebellavit,
1443 792 1779 846 obiitautem

159 881 310 919 anno
331 865 454 920 956.
493 867 588 921 I-Iic
619 884 681 922 ex
711 886 880 925 uxore
946 874 1144 940 Aurea,
1177 894 1299 948 quae
1341 878 1450 933 tilia
1493 891 1605 935 erat
1638 883 1781 937 Ileu-

162 953 261 1006 rici
295 955 313 1006 I
345 956 604 1026 AuCUpis,
647 965 699 1012 et
739 975 891 1015 soror
921 947 1146 1019 Othonis
1213 968 1372 1038 primi
1407 970 1775 1042 imperatoris,

160 1065 329 1119 quam
363 1050 454 1104 alii
497 1052 753 1107 IIavidem
789 1057 1096 1126 nominant,
1129 1064 1320 1134 genuit
1362 1065 1643 1136 IIugonem
1679 1069 1778 1122 Ca-

157 1150 376 1210 petum,
411 1147 757 1212 postmodum
829 1149 1068 1205 Franciae
1121 1170 1326 1227 regem,
1371 1159 1462 1228 qui
1514 1161 1778 1215 exstincta

156 1233 331 1303 stirpe
364 1234 537 1290 Caroli
569 1236 770 1309 Magni,
827 1257 1054 1314 regnum
1128 1245 1455 1302 Francorum
1511 1252 1771 1308 obtinuit.

157 1324 399 1379 Historia
429 1327 762 1384 describitur
791 1335 934 1402 apud
968 1335 1278 1391 Aimoinum
1314 1339 1387 1393 lib
1438 1359 1468 1393 v
1497 1343 1569 1397 De
1609 1347 1780 1417 gestis

156 1416 520 1485 Francorum,
563 1436 609 1474 c.
637 1423 706 1474 4-4
745 1430 798 1477 et
843 1425 931 1491 45,
977 1426 1097 1481 Erat
1132 1439 1311 1484 autem
1354 1433 1530 1488 dictus
1572 1416 1777 1490 Ilober-

155 1513 250 1559 tus
306 1505 474 1561 frater
527 1508 729 1564 Odonis
785 1513 951 1587 regis,
1001 1532 1222 1573 uxorem
1268 1520 1478 1576 habens
1533 1540 1776 1580 sororem

155 1597 434 1653 Heriberti
467 1604 855 1670 potentissimi,
920 1611 1135 1666 comitis
1175 1615 1482 1686 Aquitanize
1508 1627 1561 1674 et
1601 1621 1774 1676 Vero—

155 1688 416 1751 mandire,
450 1691 518 1744 de
545 1709 655 1762 quo
712 1695 800 1750 hic
840 1705 925 1752 est
952 1698 1209 1772 frequens
1250 1707 1478 1762 mentio.
1512 1707 1665 1764 Unde
1691 1712 1776 1764 Si-

152 1780 426 1852 gebertus
457 1782 510 1836 in
542 1783 808 1843 Chronico
858 1806 1002 1846 anno
1030 1795 1061 1845 9
1079 1795 1152 1860 49,
1189 1795 1469 1872 "agonem
1505 1802 1772 1864 Ileriberti

155 1867 336 1923 ﬁlium
366 1879 520 1926 vocat
565 1881 820 1943 nepotem
883 1877 1124 1950 [lagonis
1155 1867 1358 1956 Magni,
1400 1887 1556 1940 sicuti
1588 1897 1640 1942 et
1672 1907 1771 1944 au-

155 1966 280 2014 ctor
303 1967 490 2014 noster
523 1962 577 2015 iu
610 1963 876 2021 Chronico
909 1969 1032 2023 9t3.

231 2050 596 2120 Mihiquoque
644 2056 910 2111 ecclesiam
953 2061 1397 2118 Colmisiuci‘vici
1439 2067 1677 2122 abstulit.
1713 2067 1774 2123 In

149 2143 426 2199 Chronico
467 2162 586 2209 suo,
623 2165 766 2204 anno
814 2153 938 2219 95.0,
972 2154 1083 2208 ait:
1117 2158 1406 2214 Ecclesium
1439 2178 1600 2230 quam
1631 2180 1774 2232 rege-

147 2236 274 2289 bu-m
305 2238 360 2290 in
419 2239 784 2296 Culmisciuco.
851 2245 1001 2300 Unde
1060 2256 1273 2304 constat
1315 2268 1438 2305 eum
1473 2254 1772 2325 aliquando

146 2331 424 2380 rectorem
471 2344 568 2382 seu
613 2339 883 2400 pastorem
945 2334 1111 2391 fuisse
1146 2339 1247 2393 loci
1281 2340 1447 2408 illius,
1484 2345 1639 2412 cujus
1666 2346 1774 2397 fre-

145 2423 387 2486 quenter
439 2421 688 2476 meminit
722 2425 773 2477 in
806 2426 905 2480 hac
964 2427 1218 2485 Historia.
1255 2433 1410 2486 Varie
1453 2444 1633 2489 autem
1667 2438 1768 2491 hoc

145 2523 351 2563 nomen
395 2511 671 2577 scribitur,
704 2524 762 2570 ut
785 2516 1162 2575 adnotavimus
1193 2523 1260 2576 ad
1294 2523 1389 2578 lib.
1423 2543 1458 2592 I,
1489 2544 1535 2580 c.
1577 2529 1658 2582 12.

752 2607 956 2664 CAPUT
1010 2612 1160 2668 XXX.

221 2687 565 2746 Altimontem
597 2699 830 2750 castrum
857 2707 1138 2768 occupant.
1174 2702 1261 2756 Sic
1300 2704 1512 2774 integre
1566 2707 1765 2761 scribi-

152 2781 246 2828 tur
308 2779 577 2834 :atRetJ
631 2783 955 2857 plerumque
1014 2790 1317 2846 Almontem
1384 2794 1593 2868 legunt,
1661 2804 1766 2851 tam

149 2883 322 2938 supra
354 2886 516 2941 quam
546 2872 705 2928 infra.

225 2959 414 3014 Postea
436 2966 617 3016 ueteri
656 2981 863 3036 quoque
917 2970 1024 3037 ﬁlii
1073 2973 1343 3027 Heriberti
1392 2981 1599 3033 comitis
1628 2982 1768 3032 reci-

139 3050 380 3117 piuntur
434 3069 466 3106 (ι
496 3071 634 3122 rege.
701 3057 946 3128 Papirius
1002 3061 1285 3117 Massonus
1332 3065 1428 3119 lib.
1488 3085 1522 3121 ιι
1576 3071 1766 3124 Annal.

149 3143 405 3200 Francor.
437 3145 505 3200 de
547 3147 650 3203 isto
686 3149 975 3206 IIeriberto
1010 3155 1211 3209 comite
1243 3157 1324 3211 sic
1364 3159 1588 3214 scribit:
1625 3187 1648 3207 ‹‹
1683 3162 1770 3215 Li-

146 3235 318 3290 beros
356 3238 577 3310 reliquit
645 3241 1004 3310 IIeribertum,
1068 3247 1353 3321 IIugonem
1423 3252 1767 3327 illegitimum

150 3327 451 3384 Remorum
470 3332 807 3402 pontiﬁcem,
829 3335 1093 3405 Odonem,
1118 3341 1494 3410 Adclbertum,
1519 3353 1572 3399 et
1594 3345 1760 3401 filiam

147 3417 370 3472 unicam
395 3423 658 3494 Arnulphi
701 3426 917 3481 Flandri
951 3445 1201 3485 uxorem.

222 3511 530 3568 Amblicum
550 3522 787 3573 castrum
819 3523 976 3590 cepit.
1006 3523 1078 3576 Ita
1107 3524 1130 3577 .l
1157 3544 1171 3595 ;
1201 3524 1258 3593 C,
1283 3527 1592 3583 Amblecum
1620 3531 1759 3598 ;MS,
1850 3561 1854 3571 ι

145 3605 471 3660 Amblidum
507 3626 520 3673 ;
556 3608 779 3676 Gallice,
809 3613 1013 3668 Ambli.

756 3699 962 3757 CAPUT
993 3703 1146 3758 XXXI

225 3783 291 3838 Ut
314 3784 485 3853 filium
517 3789 713 3856 ipsum,
757 3795 803 3845 et
859 3795 1036 3861 ﬁlium
1088 3797 1284 3861 fratris
1336 3801 1424 3851 sui
1470 3803 1767 3870 suscipims

148 3876 296 3929 idem
321 3883 542 3947 prmsul.
605 3883 682 3936 Ita
734 3883 790 3950 C,
824 3884 877 3938 in
921 3887 1123 3942 Gallico
1153 3899 1206 3944 et
1251 3891 1440 3947 Latino
1481 3893 1576 3947 οι]
1615 3912 1628 3958 ;
1665 3895 1764 3948 sed

144 3968 299 4021 aliud
333 3971 632 4040 exemplar,
681 3981 734 4028 et
791 3976 895 4045 MS,
931 3987 985 4033 et
1014 3989 1204 4036 auctor
1263 3982 1319 4036 in
1386 3983 1676 4052 Chronico,
1705 3992 1771 4042 ut

137 4059 318 4128 ﬁlium
349 4061 578 4119 hominis
606 4068 804 4135 ipsius,
838 4076 943 4123 etc.

722 4155 928 4213 CAPUT
994 4159 1200 4216 XXXII.

216 4242 536 4298 Monasterii
563 4245 617 4301 S.
653 4248 930 4302 Benedicti
960 4250 1224 4306 abbatem.
1253 4253 1341 4309 Sic
1361 4257 1548 4311 omnia
1579 4273 1766 4312 exem-

146 4334 341 4403 plaria.
378 4336 552 4400 Quare
589 4354 699 4394 non
751 4348 899 4396 recte
948 4342 982 4394 S
1043 4345 1264 4415 scripsit
1295 4349 1353 4402 S.
1410 4352 1641 4416 Remigii
1669 4370 1764 4422 pro

142 4425 437 4480 Benedicti.
477 4426 736 4483 Utautem
780 4430 1061 4486 adnotavit
1118 4434 1371 4491 Nicolaus
1447 4438 1756 4510 Chesneau,

139 4515 408 4590 intelligit
433 4519 689 4576 abbatem
715 4523 766 4577 S.
796 4524 1163 4581 Benedictiad
1198 4528 1429 4604 Ligerim
1464 4533 1515 4586 in
1537 4534 1761 4589 dimcesi

143 4607 545 4662 Aurelianensi.

213 4699 424 4766 Regina
451 4700 718 4770 Gerberga
743 4719 906 4775 super
931 4707 1006 4760 ad
1033 4708 1288 4765 Othonem
1327 4728 1501 4780 regem
1532 4717 1761 4782 fratrem

133 4802 298 4841 suum
354 4789 664 4856 legationem
731 4794 1024 4851 direxerat.
1099 4797 1224 4853 Haec
1286 4800 1564 4876 Gerberga
1605 4820 1764 4860 soror

139 4878 376 4934 Othonis
411 4880 569 4951 primi
601 4882 952 4954 imperatoris
979 4887 1095 4943 sive
1124 4890 1272 4963 regis
1301 4891 1395 4961 (sic
1421 4893 1567 4947 enim
1613 4911 1759 4966 saepe

138 4963 212 5017 ab
256 4963 533 5021 historicis
564 4971 900 5041 nominatur,
932 4975 1078 5046 quod
1112 4977 1558 5035 benedictionem
1593 4983 1763 5053 impe-

138 5058 337 5113 rialem
371 5076 479 5115 non
521 5075 828 5138 acceperat.
892 5069 1051 5124 sicuti
1090 5087 1192 5126 nec
1254 5073 1519 5130 Henricus
1551 5077 1763 5148 Auceps

141 5159 306 5221 pater
331 5151 552 5224 ipsius),
587 5155 721 5222 lizee,
758 5157 1012 5229 inquam,
1072 5163 1348 5240 Gerberga
1396 5166 1568 5222 fuerat
1627 5187 1764 5226 uxor

138 5239 447 5295 Gissebertt
477 5242 634 5298 ducis
661 5245 1050 5324 Lotharingiar,
1113 5269 1223 5324 quo
1279 5239 1602 5326 interfecto,
1645 5276 1767 5315 eam

139 5331 299 5386 duxit
330 5349 556 5388 uxorem
601 5335 911 5395 Ludovicus
958 5360 1051 5398 rex
1091 5345 1445 5416 Francorum,
1491 5358 1550 5406 ut
1581 5352 1771 5408 scribit

138 5420 469 5493 Sigebertus
499 5423 553 5477 in
577 5423 868 5497 Chronico,
903 5447 1050 5489 anno
1081 5435 1206 5492 943.

719 5548 926 5606 CAPUT
973 5553 1196 5610 XXXIII.

207 5637 524 5693 Remensem
544 5654 662 5696 cum
711 5646 933 5713 Hugone
987 5651 1243 5720 praesule,
1315 5657 1476 5721 quasi
1525 5669 1650 5709 mea:
1679 5671 1771 5710 ca-

132 5735 360 5801 pturus,
388 5735 713 5801 aggreditur
741 5740 942 5797 urbem.
977 5743 1064 5798 MS
1127 5753 1250 5814 post
1281 5745 1576 5801 dictionem
1614 5763 1766 5815 pra:-

453 5837 755 5902 PATROL.
815 5842 1150 5907 CXXXV.

1885 532 2014 584 teris
2062 541 2116 587 et
2172 551 2201 587 a
2235 533 2522 604 Chronico,
2586 557 2688 596 nec
2761 545 2977 602 videtur
3036 549 3172 606 illud
3207 556 3501 615 admittere

1882 628 2150 683 orationis
2178 635 2535 690 constructio.

1951 730 2216 794 Defuncto
2251 734 2478 788 Deraldo
2494 737 2935 798 Ambianensium
2955 751 3186 815 prmsule
3215 755 3501 811 Tetbaldus

1883 825 2106 891 quidam
2161 827 2251 882 Sic
2282 829 2315 882 C
2345 837 2400 884 et
2423 831 2461 885 Π
2498 850 2510 897 ;
2542 835 2636 888 sed
2699 837 2782 889 MS
2834 841 3051 906 vitiose,
3107 848 3363 904 Der-ordo.
3392 852 3418 904 J
3447 862 3502 908 et

1884 913 1918 965 C
1950 914 2004 968 in
2036 916 2147 971 Gal.
2183 921 2427 986 Deroldo,
2459 927 2734 993 quomodo
2790 937 2842 982 et
2875 930 3015 986 infra
3039 934 3122 989 bis
3155 954 3196 990 e.
3236 940 3322 1006 35,
3367 958 3499 995 con-

1881 1007 2127 1063 formiter
2157 1011 2210 1065 in
2251 1016 2510 1070 omnibus
2537 1023 2967 1091 exemplaribus.
3005 1028 3106 1083 Pro
3144 1035 3398 1089 Tetbul/lo
3427 1036 3495 1091 Μ.

1880 1101 2047 1157 habet
2081 1106 2393 1174 Theobalus,
2458 1129 2518 1164 ex
2562 1131 2669 1183 quo
2702 1118 2734 1169 S
2764 1117 2891 1171 fecit
2956 1124 3313 1192 Theobalrlus,
3356 1147 3499 1200 quo-

1878 1195 2040 1248 modo
2074 1195 2157 1248 MS
2188 1197 2319 1268 legit
2362 1217 2409 1254 c.
2443 1204 2533 1256 37.
2569 1206 2626 1257 In
2679 1207 2876 1262 tabulis
2912 1211 3266 1269 Democharis
3298 1195 3500 1291 legitur

1882 1286 2166 1352 Deraldus,
2198 1308 2360 1361 quem
2384 1297 2631 1366 sequitur
2699 1301 3078 1373 Raimboldus,
3107 1320 3298 1378 postea
3334 1315 3498 1367 Theo-

1882 1382 2070 1445 budus,
2114 1386 2314 1442 Auctor
2343 1389 2396 1443 in
2439 1391 2706 1451 Chronico
2755 1401 3045 1456 Drroldum
3094 1412 3146 1459 et
3181 1407 3497 1463 Tetbaldum

1880 1476 2034 1550 legit.

2455 1558 2659 1615 CAPUT
2707 1562 2927 1621 XXXIV.

1948 1661 2210 1716 Prcesente
2273 1681 2480 1735 quoque
2553 1673 2797 1727 Brunone
2852 1677 3060 1744 abbate,
3098 1685 3240 1748 regis
3275 1685 3498 1740 Othonis

1874 1751 2066 1815 fratre.
2106 1753 2180 1806 Ita
2211 1754 2374 1810 etiam
2425 1766 2615 1815 auctor
2673 1763 2726 1816 in
2804 1765 3092 1824 Chronico.
3151 1771 3185 1825 C
3217 1774 3499 1846 legitBri—

1874 1857 2046 1908 mone,
2077 1851 2129 1897 et
2157 1845 2360 1902 Gallice
2394 1851 2554 1906 vertit
2587 1855 2825 1922 Brimon,
2865 1863 3142 1930 quomodo
3190 1866 3352 1920 etiam
3389 1868 3494 1942 legi

2036 1904 2041 1908 ,
2543 1904 2550 1906 .
2587 1904 2638 1907 __
2867 1904 3142 1930 .,μν...ν..υ
3390 1904 3435 1922 ιι
3483 1904 3494 1922 ι

1802 1904 1850 1971 Β
1877 1937 2054 1998 potest
2097 1932 2149 1985 in
2192 1934 2236 1987 Μ
2280 1952 2293 2000 ;
2354 1939 2449 1992 sed
2503 1940 2643 1995 infra
2696 1960 2742 1997 c.
2801 1945 2870 2000 35
2908 1951 3257 2018 apertissime
3299 1904 3498 2028 legitiir

1877 2023 2142 2088 Brunone,
2177 2030 2427 2097 quamvis
2459 2038 2510 2085 et
2546 2032 2620 2086 ibi
2645 2034 2698 2087 in
2733 2035 2936 2092 Gallico
2988 2049 3233 2098 vertatur
3253 2048 3491 2103 Brimon.

1878 2108 2072 2165 Verum
2109 2114 2285 2182 placet
2309 2117 2412 2172 alia
2468 2120 2650 2189 lectio,
2718 2126 2845 2196 quia
2887 2129 2954 2183 de
2998 2146 3062 2184 eo
3095 2135 3494 2209 omninoloqui

1874 2198 2108 2264 videtur,
2166 2205 2257 2273 qui
2308 2207 2468 2276 paulo
2526 2220 2646 2280 post
2701 2214 2817 2269 hare
2857 2223 3105 2288 tempora
3166 2223 3345 2279 factus
3412 2198 3496 2282 est

1873 2289 2322 2362 archiepiscopus
2379 2297 2758 2369 Coloniensis,
2825 2310 3131 2365 succedens
3215 2314 3489 2385 Vicfredo,

1872 2393 2016 2433 anno
2042 2380 2168 2451 953,
2202 2391 2259 2438 ut
2287 2386 2450 2441 habet
2478 2399 2670 2446 auctor
2704 2394 2758 2447 in
2788 2395 3083 2467 Chronico,
3121 2409 3173 2456 et
3236 2404 3494 2479 Sigeber-

1871 2476 1956 2522 tus
1991 2488 2002 2523 :
2037 2473 2218 2542 quiab
2243 2478 2498 2534 omnibus
2555 2483 2735 2538 Bruno
2784 2491 3113 2558 appellatur,
3145 2473 3354 2566 fuitque
3387 2497 3496 2552 fra-

1871 2567 1951 2614 ter
2021 2563 2245 2621 Othonis
2301 2569 2467 2639 primi
2539 2574 2696 2645 imp.,
2767 2578 2983 2637 Henrici
3047 2563 3288 2657 Aucupis
3357 2589 3488 2661 imp.

1870 2655 2036 2712 filius.

1947 2751 2124 2806 Missis
2152 2771 2359 2824 quoque
2386 2759 2596 2816 duobus
2635 2765 2711 2818 ad
2747 2782 2862 2821 eum
2892 2769 3260 2828 deducendum
3292 2779 3494 2845 episco-

1870 2841 1980 2907 pis.
2014 2840 2278 2899 Videlicet
2323 2847 2669 2908 Adalberone
2736 2865 2790 2911 et
2845 2859 3096 2929 Gossino,
3153 2872 3209 2919 ut
3241 2840 3360 2936 cap.
3405 2884 3492 2924 se—

1877 2937 2066 3004 quenti
2101 2938 2303 2994 dicitur
2341 2943 2397 2997 in
2431 2945 2620 3002 libello
2666 2951 2898 3022 Artoldi,
2944 2962 2998 3010 et
3021 2959 3494 3029 exprimitauctor

1880 3024 1935 3078 in
1972 3025 2262 3097 Chronico,

1945 3123 2034 3175 Ea:
2059 3125 2270 3180 ἀίωεωὶ
2301 3131 2607 3188 Trevirensi
2645 3140 2806 3206 atque
2849 3142 3111 3199 Remensi.
3151 3145 3359 3202 Sensus
3387 3157 3488 3213 est,

1876 3207 2048 3265 fuisse
2082 3213 2135 3266 in
2172 3215 2262 3269 illa
2301 3222 2513 3288 synodo
2538 3223 2869 3282 Mosomensi
2906 3235 3195 3306 utriusque
3237 3238 3494 3295 dimeesis

1873 3395 2062 3441 auctor
2091 3389 2204 3459 ipse
2235 3393 2290 3446 in
2345 3395 2616 3454 Chronico
2678 3402 2754 3457 ita
2802 3408 2996 3464 scribit
3040 3429 3052 3464 :
3100 3433 3124 3463 α
3173 3415 3330 3471 Ληηο
3363 3418 3491 3488 948,

1875 3484 2118 3551 synodus
2187 3489 2450 3556 prmdicta
2491 3493 2801 3552 celebratur
2855 3502 2909 3556 in
2977 3508 3207 3564 ecclesia
3265 3484 3496 3570 S.Petri

1873 3579 1998 3627 ante
2031 3585 2377 3646 prospectum
2446 3585 2609 3638 castri
2661 3587 2886 3643 Mosomi
2921 3610 2950 3646 a
2981 3597 3188 3654 domno
3227 3601 3495 3663 Rotberto

1870 3665 2193 3737 cmterisque
2222 3669 2572 3727 Treverensis
2614 3676 2923 3736 diazceseos
2974 3687 3276 3759 episc0pis,
3307 3700 3361 3746 et
3389 3697 3495 3751 ali-

1871 3755 2072 3824 quibus
2104 3757 2411 3816 Bemensis.
2451 3787 2477 3813 ι)

1943 3850 2251 3920 Capitulum
2280 3857 2343 3911 19
2367 3844 2812 3929 Carthaginensis
2841 3871 3057 3924 concilii
3085 3874 3150 3926 de
3164 3883 3492 3939 accusatore.

1867 3939 2332 4019 Videturintelligi
2398 3951 2694 4020 capitulum
2750 3957 2783 4009 9
2837 3965 2890 4012 et
2949 3961 3010 4014 10
3070 3967 3290 4019 concilii
3351 3974 3496 4028 tertii

1868 4029 2329 4108 Carthaginensis.
2366 4040 2467 4096 Pro
2527 4062 2635 4114 quo
2685 4047 2814 4103 facit
2872 4052 3020 4122 quod
3063 4055 3205 4112 infra
3238 4075 3284 4112 e.
3321 4061 3496 4118 35lo-

1868 4128 2026 4194 gatur
2050 4140 2244 4180 nonum
2273 4127 2554 4199 decimum,
2587 4135 2679 4187 ubi
2732 4136 2889 4194 facile
2948 4144 3124 4199 omitti
3159 4149 3335 4216 potuit
3367 4167 3497 4208 con-

1864 4208 2078 4276 junctio
2107 4217 2176 4266 et.

2459 4290 2668 4347 CAPUT
2696 4295 2890 4351 XXXV.

1935 4376 2012 4426 De
2037 4377 2236 4443 synodo
2285 4382 2434 4448 apud
2480 4386 2853 4451 Engulenhein
2909 4407 3262 4465 congregata.
3301 4402 3493 4463 IIabita

1866 4472 1948 4518 est
1988 4482 2060 4519 vn
2101 4467 2225 4522 ldus
2271 4470 2417 4526 Junii
2471 4476 2594 4540 948,
2657 4479 2711 4531 in
2767 4483 3004 4540 ecclesia
3031 4489 3088 4543 Β.
3127 4492 3360 4569 Remigii
3393 4499 3491 4554 ho-

1781 4604 1839 4670 Β
1866 4572 1998 4610 nore
2029 4557 2224 4624 dicata,
2246 4568 2302 4615 ut
2322 4571 2403 4618 est
2432 4565 2485 4618 in
2519 4566 2788 4626 Chronico
2842 4580 3110 4646 auctoris,
3183 4557 3488 4645 ubiveliam

1863 4738 2074 4814 Regino
2100 4743 2195 4800 lib.
2240 4763 2276 4800 η
2331 4747 2722 4809 Chronicorum
2759 4759 2950 4813 scribit
3018 4763 3339 4825 interfuisse
3371 4776 3490 4844 epi-

1863 4850 2062 4905 scopos
2087 4840 2173 4895 3.4.
2216 4842 2366 4900 Tom.
2402 4846 2472 4901 III
2511 4848 2740 4919 Concil.,
2800 4863 2952 4924 parte
2990 4875 3051 4927 ιι,
3088 4863 3383 4936 subscripti
3405 4840 3488 4924 Ie-

1864 4937 2068 5001 guntur
2100 4933 2191 4988 31.

1935 5025 2171 5092 Denique
2218 5033 2510 5098 postquam
2540 5036 2760 5093 domina
2797 5047 2983 5097 nostra
3033 5049 3225 5112 regina
3256 5051 3487 5106 Lauda-

1866 5128 2012 5178 num,
2047 5122 2265 5185 propter
2329 5123 2711 5183 absolutionem
2773 5134 2958 5189 damni
2987 5141 3129 5204 regis
3159 5143 3485 5211 reliquerat.

1871 5200 2078 5256 Sensus
2108 5212 2257 5273 patet
2286 5222 2350 5260 ex
2403 5209 2470 5264 iis
2523 5230 2643 5282 qua:
2686 5218 2821 5273 dixit
2878 5232 3070 5280 auctor
3122 5245 3288 5299 supra
3317 5248 3363 5285 c.
3398 5234 3485 5288 32.

1877 5295 2026 5371 IIugo
2057 5299 2202 5354 enim
2233 5303 2510 5376 princeps,
2537 5309 2716 5367 dictus
2773 5316 3018 5391 Magnus,
3071 5323 3247 5392 ipsum
3302 5344 3487 5401 regem

1871 5391 2206 5450 Ludovicum
2241 5399 2461 5454 tenebat
2499 5403 2601 5457 sub
2671 5413 2938 5477 custodia,
3001 5417 3228 5489 ipsaque
3300 5424 3490 5496 regina

1870 5483 2144 5562 Gerberga
2175 5490 2352 5546 eidem
2412 5494 2623 5570 IIugoni
2694 5483 3034 5561 Laudunum
3059 5483 3397 5582 reddiderat,
3431 5525 3490 5572 ut

1874 5577 2145 5647 reciperet
2169 5583 2500 5641 Ludovicum
2525 5605 2730 5664 regem.
2778 5595 2966 5666 Neque
3007 5602 3153 5658 enim
3203 5606 3362 5662 aliter
3393 5610 3488 5663 ab-

1871 5667 2089 5730 solutio,
2123 5671 2178 5725 id
2199 5679 2282 5726 est
2313 5675 2562 5734 liberatio
2593 5683 2732 5753 ejus,
2788 5689 2966 5756 potuit
3010 5693 3273 5763 obtineri,
3318 5707 3373 5753 ut
3415 5701 3488 5752 ait

1874 5755 1929 5810 in
1959 5759 2226 5818 Chronico
2254 5765 2377 5822 948.

3122 5890 3195 5951 13
