3972 6206
473 347 580 401 395

1314 336 1701 392 COLVENERII
1744 332 2018 389 SCHOLIA
2056 331 2123 386 IN
2164 330 2330 386 HIST.
2374 329 2659 386 REMENS.
2703 327 2959 384 ECCLES.

3716 334 3818 391 396

545 482 672 535 Post
728 493 959 549 quarum
1024 476 1331 531 litterarum
1386 476 1777 536 recitationem,
1833 477 1940 527 etc.
1988 468 2089 524 Se-
2118 473 2165 540 Α
2193 468 2468 523 Ludovico
2499 468 2615 541 regi
2646 464 2966 530 satisfaciat,
3000 470 3058 518 ut
3079 468 3315 521 testatur
3334 472 3531 523 auctor
3559 467 3617 522 in
3634 467 3818 525 Chro-

474 567 700 640 quentia
730 566 918 619 omnia
947 580 1123 635 usque
1151 563 1221 618 ad
1280 563 1445 617 tinem
1497 559 1742 632 capituli,
1774 565 1829 613 et
1857 559 1966 614 duo
1998 574 2088 613 ca-

2195 557 2316 612 nico
2344 572 2489 612 anno
2518 557 2642 611 949.
2679 555 2831 620 Quod
2865 552 3172 609 Chronicon
3228 554 3465 610 ulterius
3491 558 3814 613 extenditur

475 658 646 730 pitula
698 653 988 726 sequentia
1016 696 1029 721 ,
1072 653 1237 707 etiam
1288 653 1470 724 quoad
1517 651 1703 714 verba,
1737 650 1929 703 eadem
1962 656 2091 704 sunt
2190 666 2353 720 quam
2385 650 2501 703 huic
2531 648 2777 703 historia.
2812 645 3083 719 Pertingit
3116 646 3265 700 enim
3297 663 3475 719 usque
3511 649 3583 703 ad
3616 666 3819 705 annum

472 749 528 802 in
561 745 851 811 Chronico,
883 758 1027 797 anno
1061 743 1174 810 jam
1210 742 1375 805 dicto,

542 837 716 892 Lectis
742 835 1000 904 capitulis
1025 833 1091 887 de
1145 833 1521 903 hujuscemodi
1582 831 2087 889 calumniatoribus.

474 928 792 1001 Intelligere
829 925 1047 981 videtur
1076 925 1314 995 capitula
1372 926 1590 981 concilii
1651 922 2094 996 Carthaginensis

472 1020 559 1076 vel
584 1019 831 1090 Capitula
859 1017 1034 1073 Caroli
1063 1016 1240 1091 Magni
1290 1024 1346 1071 et
1376 1015 1637 1071 Ludovici
1662 1015 1761 1082 Pii,
1803 1015 1855 1069 in
1889 1012 2093 1085 quibus

477 1122 662 1167 tamen
690 1112 795 1165 hoc
826 1125 934 1165 non
970 1108 1208 1179 reperio.

544 1203 779 1259 Artaldo
808 1217 930 1255 vero
958 1202 1201 1271 praesuli,
1221 1203 1322 1271 qui
1351 1201 1602 1256 omnibus
1629 1215 1682 1254 se
1702 1199 1926 1268 synodis
1955 1212 2093 1267 prce-

472 1300 669 1351 sentem
697 1293 1036 1347 exhibuerat.
1069 1293 1246 1347 Multae
1275 1292 1420 1347 enim
1445 1292 1639 1363 synodi
1670 1306 1766 1361 pro
1794 1292 1895 1345 hac
1926 1303 2093 1343 causa

473 1392 818 1459 congregata:
850 1383 1165 1449 fuerunt,ut
1184 1389 1331 1453 patet
1362 1382 1558 1452 partim
1590 1398 1653 1435 ex
1686 1378 2089 1451 superioribus,

474 1475 671 1546 partim
701 1491 764 1529 ex
812 1473 1082 1528 Chronico
1136 1471 1395 1536 auctoris,
1455 1476 1509 1525 et
1561 1476 1691 1524 tom.
1757 1468 2085 1534 IllConcil.,

472 1572 626 1636 parte
684 1582 741 1631 ιι,
774 1564 1031 1618 videlicet
1091 1561 1453 1615 Virdunensis
1516 1576 1662 1616 anno
1720 1559 1868 1624 947;
1913 1559 2089 1612 Moso—

472 1657 856 1723 mensis,9i8,
909 1655 1094 1708 Idibus
1145 1652 1391 1708 Januarii
1434 1670 1449 1717 ;
1513 1649 2089 1723 Engelenheimensis,

472 1752 597 1817 848,
628 1750 864 1821 septimo
896 1750 1024 1803 Idus
1053 1747 1221 1813 Junii,
1255 1747 1323 1800 de
1364 1761 1471 1817 qua
1502 1746 1609 1800 hoc
1661 1761 1807 1815 cap.,
1834 1759 1959 1816 qua:
1990 1759 2095 1797 cre-

2190 740 2313 795 966.
2353 740 2516 794 Porro
2546 738 2798 793 Artaldus
2825 736 2963 792 obiit
2993 752 3138 791 anno
3187 738 3312 803 961,
3345 738 3523 810 pridie
3551 740 3825 796 Kalendas

2192 830 2459 895 Octobris,
2500 839 2562 885 ut
2599 835 2684 884 est
2744 829 2799 883 in
2852 830 3049 884 eodem
3106 827 3396 897 Chronico,
3467 837 3525 886 et
3561 833 3818 903 sequenti

2194 938 2340 979 anno
2364 922 2634 978 successit
2663 922 2713 977 ei
2742 920 3043 977 Odalricus.

2759 1014 2967 1071 CAPUT
2996 1015 3249 1071 XXXVIII

2266 1114 2329 1168 In
2349 1114 2545 1167 honore
2572 1114 2761 1167 Marica
2792 1113 2874 1166 vel
2900 1112 2955 1166 S.
2990 1114 3136 1167 Petri
3160 1116 3523 1169 construxisse
3549 1115 3820 1171 traditur.

2196 1208 2229 1262 8
2270 1216 2419 1263 recte
2452 1214 2604 1262 notat
2653 1208 2706 1261 in
2764 1206 3016 1281 margine
3067 1210 3148 1261 vel
3179 1208 3310 1278 poni
3343 1224 3445 1279 pro
3472 1214 3543 1263 et.
3581 1210 3747 1274 Quod
3776 1216 3827 1264 et

2195 1296 2316 1350 aliis
2339 1296 2669 1367 quibusdam
2722 1296 2858 1352 locis
2896 1296 3190 1370 contingit,
3248 1298 3558 1368 praesertim
3593 1298 3653 1353 in
3678 1315 3825 1353 sum-

2195 1388 2380 1443 mariis
2397 1389 2664 1460 capitum.

2765 1482 2973 1539 CAPUT
3018 1484 3240 1539 XXXIX.

2260 1582 2335 1634 De
2375 1581 2558 1633 sancto
2590 1579 2869 1633 Balderico
2917 1580 3127 1634 abbate.
3164 1579 3238 1634 De
3270 1579 3377 1634 hoc
3422 1579 3676 1635 Joannes
3703 1580 3820 1635 Mo-

2194 1672 2353 1726 Ianus
2378 1673 2433 1725 in
2484 1671 2863 1726 additionibus
2905 1672 2973 1726 ad
3032 1672 3360 1740 Usuardum,
3392 1672 3484 1727 die
3530 1674 3601 1727 16
3659 1673 3823 1729 Octo—

2201 1762 2315 1818 bris
2347 1781 2359 1816 :
2402 1763 2503 1816 «In
2533 1769 2720 1817 monte
2750 1762 3019 1825 Falconis,
3069 1762 3375 1817 beatissimi
3406 1763 3649 1818 Baldrici
3684 1780 3823 1820 con-

473 1842 606 1897 teris
634 1842 735 1896 Ῐυίῐ
764 1840 1036 1897 celebrior
1067 1857 1082 1906 ;
1116 1846 1394 1910 Postremo
1445 1838 1711 1902 Romana,
1743 1838 1869 1903 949»
1905 1836 1959 1889 in
1990 1851 2099 1905 qua
2128 1848 2177 1915 B
2201 1848 2444 1915 fessoris,
2491 1850 2650 1919 cujus
2686 1850 2796 1904 vita
2848 1849 3060 1904 crebris
3119 1850 3399 1905 miraculis
3427 1851 3767 1907 declaratur.
3802 1875 3826 1901 υ

471 1933 731 2006 Agapitus
788 1949 927 2003 papa
985 1933 1029 1986 II
1086 1931 1495 1986 damnationem
1564 1927 1808 2001 llugonis
1848 1924 2097 1995 episcopi

472 2022 617 2093 apud
651 2022 1043 2095 Engelenheim
1073 2021 1274 2075 factam
1300 2018 1665 2075 coulirmavit.

550 2114 769 2168 Castoris
792 2130 1000 2184 quoque
1052 2114 1243 2167 diebus
1274 2112 1476 2181 synodi
1529 2114 1766 2165 tractata
1801 2112 1924 2162 sunt
1955 2122 2102 2177 qua:-

473 2208 601 2263 dam
622 2211 925 2263 necessaria
954 2208 1019 2262 de
1048 2210 1265 2262 incestis
1297 2208 1587 2276 conjugiis,
1616 2211 1721 2259 etc.
1758 2204 1881 2257 Ileec
1907 2201 2097 2257 videre

470 2308 554 2354 est
578 2300 636 2353 in
666 2300 803 2354 actis
834 2307 887 2354 et
917 2299 1223 2355 canonibus
1251 2299 1442 2354 decem
1477 2297 1642 2366 hujus
1669 2295 1914 2361 concilii,
1946 2309 2093 2365 quae,

473 2390 621 2445 edita
649 2391 716 2444 ab
756 2392 989 2446 Henrico
1040 2390 1276 2457 Canisio,
1328 2389 1543 2457 adjecta
1600 2393 1729 2441 sunt
1798 2385 1865 2440 ad
1926 2384 2094 2438 tinem

476 2483 644 2552 partis
682 2501 718 2539 ii
760 2491 892 2540 tom.
938 2484 1010 2539 III
1068 2483 1274 2537 Concil.
1336 2497 1436 2552 per
1476 2479 1803 2534 Severinum
1854 2476 2091 2530 Binium.

478 2570 646 2627 Deest
674 2579 855 2627 tamen
888 2571 1097 2625 ibidem
1125 2586 1303 2625 canon
1333 2570 1403 2623 de
1444 2568 1670 2623 incestis
1692 2566 1987 2639 conjugiis.

1048 2661 1258 2717 CAPUT
1303 2660 1523 2715 XXXVI.

554 2761 680 2813 Fere
706 2751 1133 2822 quadringentos
1199 2751 1434 2804 homines
1500 2748 1892 2814 interfecerint.
1956 2743 2032 2798 Ita
2064 2744 2100 2796 C

479 2855 535 2909 in
564 2851 768 2906 Gallico
799 2857 853 2904 et
883 2846 1097 2913 Latino,
1129 2850 1183 2899 et
1233 2844 1287 2899 J.
1320 2844 1519 2897 Verum
1578 2842 1662 2896 MS
1719 2842 2105 2911 quadraginta

2200 1946 2275 2000 De
2309 1946 2503 2000 eodem
2560 1944 2833 2000 Arnoldus
2904 1945 3067 1999 Wion
3129 1945 3229 1999 lib.
3298 1962 3356 1999 ιιι
3389 1945 3547 2019 Ligni
3611 1946 3830 2000 Vitzein

2201 2035 2589 2109 Martyrologio
2616 2052 2717 2092 suo
2768 2035 3093 2103 monastico,
3149 2035 3217 2089 ad
3276 2036 3537 2090 eumdem
3570 2036 3750 2103 diem,
3783 2046 3833 2091 et

2199 2125 2445 2179 Joannes
2466 2123 2799 2179 Tritliemius
2851 2124 2925 2177 De
2966 2124 3100 2179 viris
3160 2124 3471 2180 illustribus
3527 2126 3750 2180 ordinis
3780 2126 3828 2180 S.

2202 2214 2504 2281 Benedicti,
2534 2214 2631 2270 lib.
2676 2232 2757 2283 In,
2790 2230 2838 2269 c.
2876 2215 2998 2269 152.

2819 2303 3043 2360 CAPUT
3070 2304 3199 2359 XLI.

2267 2397 2342 2450 De
2371 2396 2507 2449 villa
2540 2395 2826 2450 Waslicia.
2891 2394 2981 2448 Sic
3039 2394 3103 2452 R.
3136 2394 3183 2448 M
3240 2401 3295 2449 et
3337 2394 3388 2462 J,
3457 2411 3583 2467 qua:
3611 2395 3832 2452 videtur

2197 2503 2327 2541 vera
2356 2486 2540 2551 lectio,
2576 2501 2674 2557 pro
2724 2501 2835 2558 quo
2895 2486 2929 2540 8
2968 2488 3216 2543 Vassicia
3257 2505 3272 2554 ;
3315 2486 3351 2541 C
3375 2495 3588 2557 autem,
3623 2490 3832 2546 Wasti-

2198 2578 2303 2630 cia.
2367 2575 2428 2629 In
2482 2574 2688 2629 Gallico
2743 2581 2927 2629 autem
2994 2575 3098 2629 hoc
3155 2575 3278 2630 loco
3319 2583 3619 2647 utrumque
3667 2577 3830 2647 poni-

2201 2672 2309 2732 tur,
2343 2665 2628 2720 Walstisce
2665 2679 2737 2719 ou
2783 2664 3045 2731 Valliche,
3106 2664 3206 2719 sed
3237 2662 3380 2719 infra
3407 2680 3635 2737 semper
3673 2668 3828 2722 Wal-

2206 2762 2353 2813 εἰὶσε.

2278 2854 2350 2905 De
2380 2851 2502 2904 sede
2565 2850 2769 2905 scilicet
2827 2851 2979 2905 urbis
3047 2851 3396 2905 Virdunensis
3427 2851 3487 2908 S.
3527 2852 3765 2907 Vitonus
3790 2858 3835 2906 et

483 2939 765 3013 quomodo
794 2937 929 3011 legit
955 2939 1145 2989 auctor
1204 2932 1259 2986 in
1315 2931 1584 2987 Chronico
1651 2930 1719 2984 ad
1760 2946 1967 2985 ειηῐιιιηι
1996 2929 2104 2984 948
2207 2944 2265 2998 8.
2298 2944 2587 3011 Agericus.
2615 2944 2851 3017 Uterque
2891 2944 2993 2999 fuit
3030 2945 3327 3016 episcopus
3360 2944 3509 2999 illius
3539 2946 3717 3013 sedis,
3747 2945 3833 3000 ille

484 3044 594 3101 quo
622 3028 738 3081 haec
766 3033 920 3099 gesta
948 3028 1096 3078 sunt.

2209 3044 2453 3104 octavus,
2479 3038 2571 3093 hic
2595 3039 2845 3093 decimus
2884 3038 2939 3092 in
2974 3038 3177 3093 tabulis
3212 3038 3590 3095 Democharis.
3624 3040 3707 3095 De
3732 3039 3837 3094 illis

557 3118 873 3185 Ψίηεΐνθάο
905 3115 1218 3172 Μονίηθπεί·
1256 3112 1333 3167 "3
1364 3112 1449 3166 MS
1521 3112 1625 3167 hoc
1664 3110 1807 3179 100°:
1841 3111 1939 3165 sed
1968 3109 2107 3204 in”?
2132 3182 2174 3204 η
2211 3129 2357 3184 enim
2390 3130 2469 3184 sic
2500 3130 2701 3184 habet:
2746 3151 2776 3181 (ι
2801 3131 2834 3187 8
2864 3129 2920 3185 8.
2955 3130 3217 3196 Videnus,
3246 3146 3345 3185 seu
3377 3130 3633 3197 Vitonus,
3680 3131 3838 3204 eligi-

480 3182 833 3282 Huicfredus.
866 3210 902 3264 C
960 3209 1016 3262 in
1047 3207 1249 3262 Gallico
1306 3205 1600 3277 utrobique
1640 3205 1971 3272 Winefrede,
2005 3203 2103 3257 sed

2222 3182 2235 3184 -
2805 3182 2829 3187 ν
2880 3182 2918 3185 ..
2972 3182 3217 3196 phum,
3396 3182 3633 3197 .--ηην
3686 3182 3810 3204 ---π

2216 3229 2296 3275 tur
2324 3220 2428 3276 502
2494 3221 2549 3275 in
2608 3222 2844 3278 concilio
2906 3221 3285 3278 Aurelianensi
3344 3222 3551 3293 primo,
3585 3230 3839 3296 tempore

479 3304 536 3358 in
571 3302 765 3357 Latino
812 3297 1280 3368 Wifredus,sicut
1303 3305 1360 3351 et
1390 3295 1437 3350 J.
1471 3295 1531 3349 In
1563 3294 1834 3350 Chronico
1866 3294 2107 3349 auctoris
2212 3312 2463 3368 modove,
2499 3335 2510 3378 ς
2548 3314 2685 3368 ms.
2719 3314 3218 3389 Agericuseligimr
3245 3315 3353 3368 554
3403 3334 3433 3364 ν
3468 3294 3841 3371 νίάθηάήδάθ

479 3396 681 3468 duplex
712 3410 934 3467 quoque
974 3393 1138 3448 lectio
1166 3401 1268 3460 est,
1307 3390 1636 3446 Vincfredus
1689 3398 1744 3445 et
1771 3389 2101 3445 Wicl‘redus.

478 3494 538 3547 In
589 3491 858 3547 Chronico
904 3506 1008 3545 ms.
1065 3488 1326 3543 Moriensi
1386 3486 1719 3557 Wycfridus,
1773 3485 2102 3556 appellatur.

2210 3405 2301 3459 his
2344 3405 2645 3461 Richardus
2671 3406 2739 3461 de
2758 3406 3131 3483 Wassebourg
3169 3406 3601 3463 archidiaconus
3627 3407 3840 3465 Virdu-

2207 3494 2396 3549 nensis
2437 3495 2534 3550 lib.
2569 3513 2606 3550 ιι
2672 3495 3072 3567 Antiquitatum
3142 3496 3327 3551 Gallia:
3388 3495 3650 3569 Belgicae,
3695 3498 3843 3571 quod

484 3582 899 3658 Integradictio
922 3581 1140 3635 videtur
1169 3596 1293 3634 esse
1351 3579 1720 3643 Wincfredus,
1776 3594 1842 3631 ex
1870 3594 1979 3649 qua
2006 3592 2106 3647 per
2206 3599 2347 3653 opus
2400 3584 2603 3639 Gallice
2648 3584 3002 3655 conscripsit,
3057 3601 3166 3656 qua
3222 3584 3412 3660 lingua
3475 3585 3843 3641 nominantur

480 3679 914 3736 contractionem
946 3676 1147 3731 factum
1209 3684 1291 3730 est
1319 3673 1650 3728 Vincfredus
1681 3679 1735 3727 et
1764 3670 2102 3727 Wicfredus.

481 3771 596 3836 Quo
621 3770 925 3841 posteriore
952 3768 1179 3823 nomine
1208 3766 1427 3821 vivebat
1446 3764 1642 3819 eodem
1668 3774 1915 3835 tempore
1944 3763 2104 3818 Colo-

2206 3674 2399 3729 Saint-
2413 3676 2610 3740 Veline,
2642 3681 2697 3729 et
2713 3675 3079 3743 Saint—Agry.

2276 3768 2346 3820 Et
2371 3769 2589 3819 sanctus
2644 3765 2913 3820 Roduicus
2952 3764 3018 3818 de
3075 3764 3322 3821 Wassoio
3356 3761 3415 3830 C,
3455 3763 3746 3821 Rodincus
3786 3765 3846 3819 de

480 3862 689 3917 niensis
726 3860 1198 3931 archiepiscopus,
1235 3858 1328 3930 qui
1361 3865 1417 3912 et
1452 3855 1753 3911 Wicfridus
1783 3855 2106 3910 nominatur
2211 3859 2450 3915 Vassoio.

480 3952 624 4007 infra
650 3968 770 4022 cap.
804 3951 894 4016 Ω,
922 3950 1016 4004 ubi
1044 3949 1094 4003 Μ
1126 3947 1263 4023 legit
1308 3948 1685 4016 Hincfridum,
1726 3948 1874 4018 quod
1906 3947 1941 4002 S
1973 3963 2101 4002 mu-

479 4045 616 4101 tavit
637 4044 694 4099 in
724 4043 1101 4110 Huicfridum.

1048 4130 1257 4186 CAPUT
1289 4129 1538 4184 XXXVII.

550 4225 831 4280 Insistente
851 4223 1123 4292 prcecipue
1160 4220 1444 4287 Luitdulfo
1472 4218 1749 4289 capellano
1775 4220 1916 4284 regis
1946 4219 2104 4276 Otho-

479 4323 588 4375 nis.
629 4318 751 4373 llzec
781 4332 909 4371 vera
941 4323 996 4371 et
1026 4315 1244 4389 integra
1298 4313 1464 4369 lectio
1521 4313 1768 4368 omnium
1820 4313 2100 4384 exempla-

482 4405 649 4471 rium,
680 4404 780 4460 sed
846 4402 988 4458 infra
1054 4403 1286 4460 variant.
1355 4403 1489 4456 Nam
1558 4400 1616 4469 C,
1648 4402 1946 4469 Lindulfus
1979 4420 1993 4469 ;
2028 4402 2097 4469 Μ,

2275 3949 2378 4002 Pro
2404 3947 2540 4001 villa
2552 3946 2969 4011 Gerlanimonte,
3000 3960 3162 4016 super
3190 3945 3470 4001 Mosellam
3497 3945 3834 4017 conjacente.

2205 4038 2295 4092 Sic
2336 4038 2395 4102 R,
2426 4037 2462 4091 C
2486 4037 2589 4093 etJ
2617 4054 2632 4103 ;
2663 4037 2761 4092 sed
2813 4036 2902 4091 MS
2954 4038 3164 4094 Gelani.
3206 4036 3489 4109 quomodo
3518 4044 3577 4092 et
3597 4054 3728 4110 cap.
3751 4055 3838 4093 se-

2204 4128 2417 4200 quenti,
2452 4138 2588 4195 tum,
2629 4128 2685 4182 in
2715 4127 2877 4183 titulo
2903 4134 3017 4183 tum
3048 4127 3106 4181 in
3139 4134 3309 4194 textu,
3341 4126 3549 4202 legitur
3578 4128 3752 4184 etiam
3784 4128 3837 4183 in

2205 4220 2242 4278 C
2274 4220 2405 4275 :sed
2434 4220 2481 4275 M
2509 4220 2586 4275 ibi
2617 4221 2846 4286 Gelani;
2882 4219 2918 4275 C
2948 4226 3003 4274 et
3031 4219 3066 4274 S
3098 4220 3328 4277 Gellani.

2269 4311 2364 4365 Ad
2391 4326 2555 4381 quam
2584 4310 2773 4364 villam
2801 4309 2930 4364 dum
2968 4310 3246 4364 saneiendi
3302 4310 3411 4364 sibi
3454 4325 3627 4366 causa
3681 4310 3772 4366 Sic
3801 4309 3834 4365 C

2206 4411 2261 4459 et
2290 4402 2410 4470 J,at
2430 4402 2518 4457 MS
2583 4402 2847 4471 faciendi.
2914 4401 3117 4456 Gallice
3178 4403 3435 4470 vertitur,
3479 4418 3655 4459 causa
3680 4407 3830 4460 acci-

479 4498 773 4565 Ludulfus.
808 4497 868 4550 In
897 4494 1168 4552 Chronico
1225 4496 1521 4563 Luidulfus
1546 4502 1601 4550 et
1647 4495 1978 4562 Landulfus.
2010 4496 2099 4549 Est
2118 4510 2174 4577 D
2201 4497 2395 4565 pienrti
2416 4496 2832 4565 possessionem,
2873 4493 3022 4565 quod
3064 4492 3266 4549 Gallice
3290 4494 3553 4563 dicimus,
3580 4499 3755 4551 saisir
3783 4502 3834 4549 et

480 4597 664 4646 autem
693 4604 875 4644 sermo
903 4588 970 4643 de
1000 4588 1213 4643 Othone
1245 4589 1265 4642 l
1295 4587 1415 4656 ejus
1470 4588 1716 4643 nominis
1749 4587 2101 4659 imperatore,

483 4683 578 4756 qui
600 4689 655 4737 et
685 4682 807 4738 Otto
828 4682 1057 4756 Magnus
1101 4680 1282 4736 dictus
1309 4687 1414 4748 est,
1445 4687 1674 4751 propter
1702 4680 1952 4735 celebres
1983 4680 2103 4735 bel-

480 4775 664 4829 lorum
693 4774 815 4842 ejus
835 4774 1111 4838 victorias,
1145 4779 1204 4828 ut
1231 4772 1307 4827 ait
1352 4771 1635 4842 Lupoldus
1688 4771 2104 4846 Bebenbergius

480 4867 576 4922 lib.
610 4867 686 4920 De
717 4865 836 4921 zelo
881 4872 1129 4921 veterum
1159 4863 1472 4936 principum
1525 4862 1850 4932 Germaniae,
1881 4879 2007 4935 cap.
2041 4865 2097 4920 2.

484 4956 520 5010 C
559 4954 703 5010 infra
767 4956 966 5011 Odonis
1032 4953 1182 5028 legit.
1256 4952 1388 5007 Nam
1449 4952 1723 5007 interdum
1785 4955 2100 5024 promiscuo

482 5068 583 5124 pro
642 5051 840 5107 eodem
902 5058 1239 5122 usurpantur
1295 5049 1475 5120 Ottho,
1508 5050 1663 5119 Otho,
1696 5050 1830 5118 Odo,
1872 5052 2012 5119 Ado,
2046 5057 2102 5106 et

490 5142 627 5198 Udo.

549 5232 780 5290 Nomine
832 5231 1127 5286 Adelonus.
1175 5229 1254 5285 Ita
1275 5229 1310 5285 C
1340 5234 1395 5284 et
1421 5230 1469 5292 J,
1501 5230 1599 5284 sed
1627 5230 1732 5297 MS,
1789 5228 2100 5285 Adelonius.

483 5323 543 5376 In
582 5319 853 5376 Chronico
917 5319 1228 5383 Adelomus,
1293 5318 1495 5373 Gallice
1561 5319 1791 5374 vertitur
1856 5319 2099 5374 Adeloin.

482 5414 613 5469 Acta
639 5412 833 5482 synodi
866 5411 1388 5486 Inghelheimensis,
1437 5411 1506 5465 de
1537 5426 1645 5483 qua
1661 5426 1828 5481 supra
1857 5427 1906 5467 c.
1931 5410 2020 5478 35,
2050 5416 2105 5465 et

481 5503 841 5569 Trevirensis,
876 5505 944 5557 de
971 5519 1078 5573 qua
1108 5504 1212 5560 hoc
1241 5520 1362 5574 cap.
1406 5509 1460 5556 et
1513 5502 1870 5573 praecedenti,
1902 5518 2104 5574 appro-

483 5592 636 5648 bavit
666 5592 928 5663 Agapitus
958 5609 1100 5663 papa
1128 5596 1193 5661 ll,
1225 5595 1415 5649 habito
1469 5594 1653 5649 Romae
1680 5594 1916 5648 concilio
1946 5594 2013 5648 ad
2044 5594 2098 5651 S.

485 5679 725 5740 Petrum,
759 5680 1091 5735 conﬁrmans
1138 5682 1551 5738 damnationem
1582 5683 1827 5756 Hugonis
1853 5683 2102 5754 episcOpi

486 5774 543 5820 et
599 5768 1222 5825 excommunicationem
1286 5771 1533 5842 Hugonis
1597 5771 1869 5842 principis
1924 5773 2104 5829 donec

1537 5927 1566 5953 κ

2204 4590 2424 4655 saisine,
2458 4586 2509 4640 id
2553 4593 2637 4641 est
2669 4586 2969 4657 possessio.
3022 4585 3179 4651 Quod
3227 4595 3377 4642 recte
3403 4587 3601 4643 Latine
3629 4587 3827 4644 dixerit

2203 4686 2435 4750 sancire,
2469 4683 2525 4737 id
2541 4689 2623 4737 est
2663 4680 3015 4752 confirmare,
3046 4682 3176 4754 quia
3230 4682 3513 4754 possessio
3542 4682 3834 4740 continuat

2205 4792 2319 4831 rem
2343 4775 2689 4848 acquisitam.

2814 4862 3021 4918 CAPUT
3047 4862 3223 4918 XLIV.

2274 4957 2595 5013 Sanctarum
2635 4955 2790 5009 Boves
2838 4969 2900 5008 ac
2930 4953 3112 5009 Dodce.
3170 4953 3293 5029 Agit
3349 4954 3421 5010 de
3450 4955 3540 5011 his
3587 4956 3830 5012 Joannes

2203 5045 2449 5101 Molanus
2476 5046 2531 5099 in
2572 5045 2954 5101 additionibus
2975 5046 3046 5101 ad
3075 5044 3384 5102 Usuardum
3412 5045 3503 5102 die
3526 5048 3599 5103 24
3630 5049 3830 5120 Aprilis

2202 5139 2292 5194 his
2318 5138 2548 5194 verbis:
2592 5160 2622 5190 α
2661 5139 2848 5194 Remis
2900 5139 3145 5206 civitate,
3212 5148 3529 5196 sanctorum
3590 5141 3754 5197 Bona}
3780 5148 3833 5196 et

2203 5232 2388 5288 Dodie.
2415 5252 2444 5283 υ
2467 5231 2541 5286 Ex
2571 5247 2701 5304 quo,
2734 5239 2796 5287 ut
2852 5238 3102 5304 apparet,
3162 5231 3434 5288 Baronius
3489 5232 3829 5304 transcripsit

2204 5325 2261 5379 in
2300 5324 2607 5380 Romanum
2665 5324 3111 5400 Martyrologium
3143 5325 3213 5380 ad
3265 5327 3526 5381 eumdem
3548 5326 3721 5380 diem.
3752 5324 3823 5377 De

2206 5416 2400 5471 iisdem
2433 5415 2627 5472 Petrus
2685 5416 3014 5483 Galesinius,
3085 5415 3235 5470 Felix
3282 5424 3337 5473 et
3373 5417 3649 5473 Arnoldus
3669 5416 3823 5471 Wion

2207 5511 2260 5564 in
2292 5510 2407 5565 suis
2435 5509 2855 5585 Martyrologiis,
2888 5524 3082 5565 omnes
3109 5509 3166 5563 in
3192 5525 3259 5564 eo
3309 5511 3647 5586 corrigendi,
3677 5506 3823 5581 quod

2205 5597 2560 5669 lcgantBona
2598 5613 2696 5668 pro
2721 5600 2885 5653 Bova.
2919 5598 3049 5652 Nam
3082 5598 3227 5653 hanc
3255 5614 3379 5653 esse
3407 5615 3592 5654 veram
3636 5597 3826 5653 lectio—

2206 5699 2332 5739 nem
2365 5685 2550 5741 omnia
2577 5692 2763 5741 nostra
2814 5685 3052 5757 probant
3116 5687 3477 5758 exemplaria,
3528 5694 3633 5743 tam
3663 5700 3825 5757 supra

2204 5791 2326 5848 cap.
2359 5777 2428 5833 38
2458 5794 2622 5848 quam
2665 5778 2773 5834 hoc
2817 5794 2941 5849 cap.
3008 5778 3097 5834 Sic
3125 5785 3181 5835 et
3209 5780 3470 5850 superius
3499 5795 3547 5837 c.
3595 5777 3829 5851 2010gi-
