3972 6206
213 305 316 362 397
1637 307 1700 361 ΙΝ
1745 309 1780 360 L

1979 307 1992 360 Ι
2039 307 2128 361 Ill.
3445 305 3547 359 398

213 459 336 496 mus
386 443 663 497 Bovoncm
724 440 1231 496 Catalaunicensem
1289 443 1635 514 episcopum,
1688 443 2141 514 quodAlocum,
2190 443 2404 510 frcdum
2458 441 2664 515 legunt.
2729 441 2992 494 Similiter
3043 456 3263 510 semper
3319 455 3549 494 numero

214 549 324 587 non
359 541 505 587 recte
531 534 564 585 S
597 533 828 586 mutavit
881 533 933 586 in
975 535 1258 599 Bauoncm,
1307 542 1359 588 et
1390 533 1424 587 (ἶ
1457 535 1510 588 in
1551 538 1835 588 Bononcm.
1944 535 2137 606 plurali
2170 535 2367 606 legitur
2411 536 2570 601 fretlo
2601 535 2653 587 iu
2685 534 2850 587 variis
2881 533 3272 602 diplomatibus
3303 549 3426 602 quze
3456 548 3552 585 ex-

214 621 363 674 Adde
411 621 557 691 quod
609 621 726 674 luec
756 620 948 674 eadem
993 631 1178 676 sancta
1232 623 1326 675 lib.
1364 640 1419 686 ιι,
1480 640 1526 676 c.
1575 623 1658 688 10,
1694 623 1840 676 Bolia
1942 631 2088 678 stant
2121 625 2172 677 in
2204 624 2472 681 Chronico
2501 623 2882 677 Cameracensi
2926 622 3018 674 lib.
3057 639 3091 684 ι,
3127 638 3173 674 c.
3225 621 3312 683 37,
3343 621 3431 684 62,
3486 621 3552 674 76

214 712 532 766 nominatur
589 712 643 764 in
685 712 947 766 omnibus
985 714 1406 782 exemplaribus.
1457 714 1606 768 Solet
1658 721 1838 767 autem
1943 728 1997 774 et
2026 719 2146 783 107,
2183 726 2235 773 et
2273 719 2324 772 iu
2360 719 2555 772 litteris
2588 717 2925 772 fundationis
2958 718 3228 786 prioratus
3253 716 3306 768 S.
3343 714 3552 768 Martini

216 801 246 853 δ
277 800 330 852 in
358 817 388 853 υ
430 800 648 862 mutari.
683 811 778 854 aut
813 808 1021 864 contra.
1074 809 1133 855 ut
1177 801 1424 868 Bibiana,
1470 802 1714 868 ViViana,
1747 802 1839 855 «ΙΟ-
1942 827 1970 863 a
2016 809 2231 879 Campis
2259 809 2402 878 apud
2449 808 2703 870 Parisios,
2743 807 2884 859 datis
2935 822 3080 859 anno
3125 804 3277 859 1060.
3312 804 3380 857 ab
3413 805 3557 857 llcn-

216 891 349 960 bimi
381 892 578 947 «ιονίίδι-
1943 902 2056 955 rico
2089 903 2105 954 I
2141 902 2465 955 Francorum
2516 917 2664 972 rege,
2708 903 2766 952 in
2795 901 2985 964 frellis.
3039 899 3258 952 Exstant
3291 899 3343 950 in
3375 897 3557 951 Marti—

680 983 863 1040 CAPP.
900 985 1049 1038 XLVI
1084 994 1138 1040 et
1179 986 1372 1040 XLVII.
1942 994 2140 1047 nianis.
2201 993 2258 1046 In
2311 993 2548 1062 epitome
2616 998 2797 1044 tamen
2869 989 3318 1043 coustitutiouum
3381 987 3554 1042 Caroli

287 1078 360 1129 De
399 1075 594 1128 donmo
639 1074 908 1130 Gunthero
937 1081 986 1130 et
1017 1079 1190 1146 ipsius
1242 1093 1411 1130 uxore
1437 1079 1618 1131 Berta.
1685 1078 1839 1131 Varie
1941 1083 2117 1155 Magni
2139 1083 2279 1149 freta
2313 1096 2410 1150 pro
2441 1081 2603 1146 fretla
2652 1080 2871 1150 legitur,
2928 1078 2980 1130 in
3014 1094 3079 1131 eo
3129 1078 3367 1147 capitulo
3409 1077 3557 1147 quod

217 1164 476 1219 scribitur
526 1165 628 1219 “00
655 1180 857 1219 nomen
894 1166 947 1220 ίη
994 1167 1423 1238 exemplaribus,
1458 1169 1553 1222 50d
1589 1169 1702 1221 1ιὶυο
1735 1168 1841 1222 ΪΙὈ-
1942 1177 1995 1230 ίιι
2032 1176 2184 1229 libris
2213 1175 2581 1244 Capitulorum
2615 1188 2645 1225 a
2689 1172 2899 1226 Pitlioeo
2932 1171 3095 1224 editis
3127 1178 3208 1223 est
3248 1169 3560 1225 tricesimus

218 1254 478 1327 quentior
507 1261 609 1320 est,
640 1256 726 1309 vel
759 1272 857 1326 per
895 1273 923 1311 ο
965 1259 1301 1314 Gontbertus.
1337 1261 1549 1330 Integra
1590 1276 1841 1330 pronun-
1942 1266 2067 1320 libri
2099 1285 2174 1331 iu,
2218 1266 2310 1319 ubi
2343 1266 2544 1320 dicitur
2581 1286 2600 1313 ii
2637 1274 2862 1334 excepta
2889 1263 3022 1317 freta
3053 1279 3174 1332 qua}
3206 1262 3257 1314 in
3293 1262 3410 1333 lnge
3458 1263 3558 1314 sa-

220 1351 373 1406 tiatio
406 1357 489 1406 est
521 1351 910 1419 Gondebcrtus,
943 1354 1220 1423 quomodo
1253 1355 1453 1426 legitur
1484 1371 1649 1424 supra
1680 1355 1775 1408 lib.
1802 1372 1835 1417 ι,
1940 1355 2045 1408 lica
2090 1355 2402 1424 conscripta
2430 1362 2528 1407 est.
2578 1375 2600 1404 ι)
2650 1353 2727 1406 Ad
2759 1369 2920 1422 quem
2971 1352 3148 1406 locum
3181 1351 3334 1404 Vitus
3364 1353 3558 1404 Amer-

220 1463 343 1516 cap.
370 1446 424 1511 4,
467 1445 520 1498 in
555 1443 686 1510 ﬁne,
717 1445 803 1499 vcl
836 1448 1204 1502 Gundebcrtus
1235 1458 1292 1501 ut
1323 1447 1418 1503 lib.
1454 1465 1509 1512 ιι,
1544 1465 1589 1502 c.
1629 1449 1712 1502 10.
1749 1448 1841 1500 llic
1947 1447 2204 1517 pacliius:
2237 1468 2259 1496 α
2298 1447 2454 1500 Freta
2482 1455 2584 1512 est,
2613 1461 2775 1515 quam
2799 1444 3004 1514 alioqui
3031 1444 3246 1510 freilam
3276 1443 3561 1508 etfrcdum

220 1553 352 1592 vero
394 1536 506 1590 fere
553 1537 877 1597 Guntbertus
926 1540 1008 1593 vel
1045 1540 1387 1604 Gontbertus,
1421 1539 1516 1593 sed
1570 1539 1652 1592 MS
1685 1539 1738 1592 in
1780 1539 1846 1592 ti-
1947 1547 2142 1594 vocant
2175 1539 2264 1592 illa
2296 1539 2513 1601 sa3cula,
2553 1560 2571 1587 ii
2612 1547 2697 1590 etc
2751 1537 2858 1589 Sed
2888 1552 3009 1588 cum
3048 1535 3327 1604 exemplar
3358 1552 3420 1587 ex
3455 1549 3562 1604 quo

223 1631 338 1683 tulo
371 1645 492 1699 cap.
536 1630 626 1690 47,
690 1631 1026 1697 Gombcrtus,
1074 1647 1183 1702 quo
1237 1631 1461 1685 nomine
1502 1638 1674 1684 exstat
1713 1631 1846 1684 Vitae
1950 1631 2233 1700 impressa}
2287 1638 2412 1683 sunt
2441 1630 2553 1682 istae
2605 1629 3027 1682 constitutiones
3065 1628 3222 1681 valde
3281 1626 3444 1679 fuerit
3475 1626 3562 1679 iu-

225 1716 402 1787 ipsius
432 1717 662 1772 historia
713 1718 767 1771 in
796 1719 932 1772 Vitis
961 1720 1281 1774 Sanctorum
1320 1719 1521 1774 Gallice
1554 1720 1716 1774 editis
1754 1737 1850 1790 per
1878 1762 1927 1829 B
1950 1731 2277 1787 correctum,
2310 1722 2395 1774 vix
2427 1721 2652 1774 dubium
2695 1720 2825 1791 quin
2869 1721 2939 1774 sit
2976 1736 3127 1773 error
3165 1719 3392 1771 librarii.
3424 1719 3561 1781 Quid

226 1809 522 1829 ημε-,ηη
832 1813 846 1829 .
1111 1813 1160 1829 ι.
1365 1819 1374 1829 ,
1488 1812 1556 1829 ρ.
1687 1812 1707 1829 ρ
1771 1821 1780 1829 ,
2029 1825 2035 1829 ,
2193 1816 2222 1829 ..
2265 1814 2285 1829 ρ
2363 1815 2374 1829 .
2510 1814 2557 1829 ..
2627 1813 2635 1822 .
2703 1813 2735 1829 ..
2814 1824 2822 1829 ,
3016 1822 3024 1829 ,
3178 1812 3208 1829 ..

223 1809 564 1864 Parisienses
597 1812 685 1865 die
711 1811 779 1866 29
819 1812 1038 1882 Aprilis,
1071 1813 1164 1866 ubi
1199 1819 1449 1866 narratur
1486 1812 1653 1867 fuisse
1686 1812 1852 1866 frater
1878 1809 1927 1829 ν
1952 1825 2130 1870 autem
2161 1816 2230 1868 sit
2262 1814 2472 1868 fredum
2510 1814 2595 1866 liic
2627 1813 2916 1879 indicatur,
2951 1812 3326 1883 estquedictio
3358 1812 3564 1864 Teuto-

223 1899 443 1953 Nivardi
480 1901 772 1954 Remensis
801 1901 1069 1972 episcopi,
1103 1903 1251 1973 quod
1291 1903 1403 1973 jam
1438 1903 1582 1957 dicto
1631 1918 1750 1974 cap.
1784 1903 1852 1959 10
1953 1906 2087 1959 ΠῙΟἱΡ
2114 1905 2341 1973 originis
2371 1920 2558 1974 pacem
2615 1902 2954 1974 significatus,
2989 1919 3150 1972 quam
3209 1900 3459 1953 Germani
3487 1899 3565 1952 di-

231 1998 462 2045 testatur
491 1993 655 2046 etiam
687 1992 1046 2047 Flodoardus.
1096 1994 1244 2046 Idem
1279 2001 1458 2048 autem
1487 1995 1704 2048 Videtur
1731 2011 1851 2049 esse
1951 2003 2102 2060 cunt,
2133 1995 2258 2061 frcd
2287 2000 2338 2047 et
2391 1993 2538 2060 frid,
2569 1999 2622 2046 et
2676 2007 2776 2046 uos
2805 1991 3079 2046 Teutones
3130 1991 3303 2043 crede.
3367 1989 3564 2042 Fredas

225 2081 295 2136 de
327 2099 434 2153 quo
489 2083 736 2137 Molanus
794 2085 847 2138 in
889 2083 1267 2138 additionibus
1323 2085 1390 2138 ad
1435 2085 1740 2140 Usuardum
1783 2085 1850 2140 '23
1953 2085 2154 2158 legitur
2184 2093 2294 2140 tum
2337 2085 2488 2145 alibi,
2545 2092 2657 2138 tum
2720 2083 2773 2136 in
2823 2083 3112 2156 priyilegio
3176 2081 3346 2135 Caroli
3396 2081 3561 2147 tlalvi,

227 2172 594 2228 Novembris:
641 2195 664 2224 α
711 2175 768 2228 In
804 2175 1075 2230 territorio
1118 2176 1396 2244 ltemcnsi,
1428 2178 1600 2231 sancti
1633 2178 1851 2232 Goberti
1952 2177 2098 2246 quod
2129 2182 2305 2230 exstat
2330 2176 2382 2228 in
2414 2175 2791 2246 Promptuario
2825 2175 3151 2237 Tricassino,
3182 2173 3273 2227 fol.
3307 2174 3394 2226 84.

226 2265 584 2320 confessoris.
611 2286 635 2316 ι)
676 2265 782 2321 Sed
815 2267 997 2321 obstat
1027 2268 1173 2339 quod
1204 2269 1256 2322 S.
1288 2269 1620 2323 Gontbertus
1654 2277 1854 2340 martyr
2592 2267 2797 2322 CAPUT
2838 2268 2919 2321 Ll.
3122 2339 3130 2347 ι

223 2356 450 2421 obierit,
504 2358 650 2412 sicut
701 2366 754 2413 et
800 2359 854 2412 S.
906 2359 1080 2414 Berta.
1137 2360 1212 2412 De
1261 2376 1368 2430 qua
1423 2360 1744 2433 Sigebertus
1796 2361 1850 2413 in
2024 2366 2189 2418 Beata.
2237 2364 2420 2416 Macra
2467 2363 2620 2427 virgo
2676 2361 2776 2414 sub
2806 2362 3114 2414 Rictio-vai'o
3162 2360 3428 2427 plur/"celo.
3478 2357 3568 2410 Sic

224 2444 426 2498 Chron.
457 2461 602 2500 anno
634 2445 758 2500 661.
793 2466 822 2496 ‹‹
858 2446 1055 2500 Bcrtba
1085 2454 1291 2517 martyr
1323 2456 1376 2501 et
1408 2447 1685 2502 abbatissa
1714 2465 1848 2502 san-
1953 2456 2154 2529 legitur
2197 2453 2252 2506 in
2287 2453 2320 2505 C
2361 2453 2464 2506 et]
2512 2453 2614 2505 hoc.
2646 2451 2766 2506 loco
2822 2458 2876 2505 et
2918 2450 2971 2504 in
3023 2450 3131 2515 MS,
3166 2466 3285 2520 cap.
3321 2467 3462 2520 seq.,
3511 2457 3571 2502 ut

223 2536 416 2590 Ctilale
475 2537 641 2591 claret
672 2538 726 2590 in
778 2537 967 2591 Gallia.
1014 2562 1039 2583 ι’
1087 2539 1265 2592 Exstat
1321 2539 1439 2606 ejus
1470 2540 1585 2594 Vita
1634 2541 1687 2592 in
1722 2540 1853 2594 Vilis
1953 2548 2024 2601 sit
2063 2563 2170 2600 una
2197 2545 2384 2598 dictio.
2420 2545 2483 2597 At
2523 2545 2607 2598 MS
2638 2545 2739 2598 hoc
2765 2544 2886 2597 loco
2916 2545 3094 2598 Itictio
3131 2545 3276 2596 Varo
3305 2541 3572 2611 separatis

223 2629 324 2683 SS.
383 2629 583 2685 Gallice
642 2630 806 2686 editis
853 2647 884 2685 a
933 2632 1268 2698 doctoribus,
1317 2633 1486 2701 Paris,
1520 2635 1588 2688 ad
1631 2635 1776 2688 diem
1819 2637 1842 2688 1
1953 2635 2310 2698 dictionibus,
2346 2633 2492 2704 quod
2523 2632 2698 2704 magis
2723 2633 2917 2702 probat
2949 2632 3214 2686 Barouius
3246 2631 3299 2684 in
3328 2630 3472 2684 notis
3502 2629 3570 2682 ad

224 2720 376 2775 Maii.
809 2794 831 2797 _
859 2793 1010 2797 _____
1141 2795 1178 2797 __
1216 2796 1252 2797 Π
1953 2726 2106 2780 Itoni.
2147 2724 2586 2797 Martyrologium
2615 2723 2647 2777 6
2677 2723 2943 2777 Januarii.
2979 2723 3094 2787 Quo
3115 2720 3204 2775 die
3235 2721 3345 2792 agit
3370 2720 3438 2773 de
3470 2720 3573 2772 hac

801 2793 1011 2848 CAPUT
1055 2795 1278 2849 XLVm-
1805 2864 1817 2874 ,
1949 2816 2165 2888 Virgine
2211 2793 2372 2867 etiam
2415 2793 2714 2867 Usuardus.
2761 2813 2925 2867 Porro
2960 2812 3301 2866 Itictiovarus
3331 2808 3574 2863 SiBVISSi-

302 2909 378 2960 De
407 2906 621 2960 duabus
649 2907 881 2961 ecclesiis
923 2911 1100 2961 sancti
1136 2909 1340 2962 Hilarii
1371 2909 1563 2963 Remis.
1614 2909 1735 2963 llaec
1770 2917 1851 2964 est
1952 2923 2073 2960 mus
2103 2905 2205 2959 fuit
2238 2905 2529 2958 Galliarum
2556 2903 2850 2974 ιπιυῑεοιιιδ
2876 2920 2974 2957 seu
3009 2919 3213 2973 praeses
3239 2901 3340 2955 sub
3367 2899 3576 2953 Diocle-

227 2995 542 3050 communis
599 3003 655 3050 et
700 2995 1044 3066 frequentior
1089 2995 1290 3060 lectio;
1343 2997 1436 3050 sed
1486 2997 1532 3050 Μ
1582 2998 1685 3051 hoc
1734 2998 1854 3052 loco
1955 2999 2104 3062 tiano
2134 3006 2187 3052 et
2217 2997 2563 3062 Maximiano,
2599 2996 2700 3049 sub
2733 3013 2935 3050 annum
2968 2995 3186 3049 Domini
3216 2994 3339 3048 300.
3377 2992 3576 3061 Marty-

225 3083 456 3147 Hillari,
490 3089 544 3137 et
590 3082 644 3136 in
679 3083 861 3138 indice
916 3083 1280 3153 capitulorum
1313 3086 1514 3139 Hilari.
1572 3086 1854 3149 Quomodo
1956 3104 2042 3141 res
2065 3087 2168 3140 sub
2198 3101 2262 3140 eo
2283 3100 2478 3155 passos
2508 3084 2822 3153 complures
2856 3091 3106 3138 recenset
3139 3083 3332 3137 Baron.
3359 3088 3491 3134 tom.
3529 3081 3573 3133 ll

232 3173 505 3227 Baronius
571 3173 876 3229 Romanum
937 3174 1252 3246 pontificem
1316 3176 1370 3229 S.
1424 3176 1622 3231 Leonis
1675 3177 1852 3249 Magni
1954 3171 2978 3242 Annal,an110303,ubimiserandum
3008 3173 3127 3239 ejus
3154 3186 3375 3242 quoque
3406 3168 3576 3222 refert

224 3277 636 3329 successorem,
669 3263 910 3318 Hilarum
955 3272 1134 3331 vocat,
1178 3266 1273 3336 qui
1306 3264 1652 3335 frequentius
1707 3266 1853 3319 llila-
1883 3267 2256 3342 Cinteritum.

227 3354 351 3408 rius
380 3354 717 3410 nominatur.

1407 3332 1421 3335 “
1889 3332 1930 3342 ν
2590 3332 2796 3388 CAPUT
2833 3333 2937 3386 LII.

304 3447 460 3513 Quod
483 3453 767 3502 vacaretur
789 3449 1160 3504 Merolilanus.
1196 3450 1251 3504 S.
1285 3449 1638 3504 Merolilanus
1666 3448 1857 3503 Scotus

2025 3432 2100 3483 De
2144 3428 2346 3481 sanctis
2399 3427 2589 3493 Ruﬁno
2619 3429 2667 3478 et
2729 3424 2945 3477 Valerio
2982 3427 3334 3493 martyribus.
3384 3425 3455 3478 De
3489 3425 3577 3479 his

231 3553 387 3593 nunc
436 3538 660 3593 Rbemis
691 3539 745 3593 in
799 3540 1032 3595 ecclesia
1063 3541 1116 3595 S.
1171 3540 1557 3612 Symplioriani
1599 3541 1799 3613 quiesci

2008 3515 2264 3581 aronius,
2311 3513 2590 3568 Usuardus
2647 3518 2702 3565 et
2758 3511 2849 3565 alii
2903 3511 2957 3564 in
3009 3513 3431 3584 Martyrologiis,
3487 3513 3576 3568 die

840 3651 1048 3706 CAPUT
1079 3651 1258 3707 XLIX.
1961 3607 2026 3660 Η
2051 3606 2222 3659 Junn'
2568 3671 2773 3726 CAPUT
2827 3671 2942 3724 LIII

311 3746 452 3814 Ejus
474 3746 731 3800 labuntur
755 3746 910 3800 humo
932 3748 1203 3802 intranea.
1243 3747 1299 3800 Id
1328 3755 1410 3801 est
1441 3747 1719 3811 intestina,
1751 3762 1859 3817 quo

2033 3767 2220 3822 Subito
2242 3768 2527 3819 cernuatus
2559 3762 2766 3817 cecidit.
2793 3761 2917 3814 llaec
2944 3770 3025 3814 est
3053 3775 3179 3814 vera
3206 3759 3390 3823 lectio,
3415 3775 3577 3829 quam

230 3837 403 3893 modo
460 3837 592 3911 legit
644 3837 729 3891 MS
781 3837 1005 3904 Gallice,
1065 3840 1362 3904 entraillcs,
1407 3839 1480 3904 C;
1540 3840 1710 3900 humi,
1762 3856 1798 3891 St

2009 3856 2167 3910 abeut
2211 3855 2246 3910 C
2279 3855 2409 3910 et].
2455 3853 2562 3907 Sed
2606 3851 2734 3924 quia
2785 3867 2894 3905 non
2932 3850 3230 3914 intellecta,
3287 3848 3490 3902 idcirco
3525 3850 3577 3904 in

226 3929 412 3983 altera
440 3929 597 3982 Ῐθθιίο
627 3929 830 3996 Verior!
879 3937 938 3984 Πί
975 3929 1184 3983 (“dum
1212 3930 1286 3983 δη
1316 3930 1494 3995 humo,
1537 3944 1634 3999 Ι)Γο
1670 3929 1722 3982 in
1756 3929 1861 3982 hu"
1961 3952 2082 4005 aliis
2113 3949 2518 4020 exemplaribus
2545 3955 2627 4002 est
2658 3954 2884 4001 mutata.
2919 3947 3094 4000 Unum
3127 3943 3273 3996 enim
3305 3941 3437 4011 legit
3465 3957 3583 3994 cer-

233 4038 353 4076 mo.
382 4021 508 4077 Haec
539 4030 717 4079 autem
747 4040 912 4094 paena
954 4023 1216 4078 adulterae
1251 4019 1660 4079 constituta'est
1689 4040 1719 4077 a
1749 4023 1801 4076 Dt

2017 4043 2150 4093 itiis.
2189 4040 2244 4091 lu
2276 4019 2320 4090 Μ
2344 4038 2636 4110 legebatur
2667 4036 3064 4099 consternatiis,
3100 4039 3153 4085 at
3183 4027 3387 4083 recenti
3417 4043 3581 4080 manu

229 4114 402 4168 Num'
435 4127 493 4166 ν·
905 4182 1110 4197 mm",
1142 4183 1158 4197 ,
1963 4140 2268 4187 correctum
2299 4133 2696 4190 constwnatus,
2726 4126 3005 4197 quomodo
3033 4122 3251 4193 scripsit
3281 4121 3335 4173 S.
3367 4120 3458 4172 Est
3486 4135 3584 4172 au-

807 4205 854 4285 i-
903 4182 1196 4285 CAPPTP’
1662 4276 1684 4285 ,
1758 4273 1773 4285 ,
1965 4231 2073 4277 tem
2131 4236 2375 4285 cernuus,
2408 4219 2464 4272 id
2506 4228 2607 4284 est,
2639 4217 2695 4270 in
2738 4223 2943 4285 partem
2993 4212 3321 4267 anteriorem
3352 4208 3583 4263 inclina-

311 4273 754 4375 ⁰⁰⁷⁷ῗ²³⁰⁵ίίί⁰⁷⁸ῗ⁷⁷ῗ
815 4277 968 4375 ﬁsco.
1000 4273 1256 4375 df'bit‘i'?”
1297 4289 1461 4375 qu?"
1514 4275 1606 4375 3m.
1648 4273 1864 4375 f.”";“"‘
2131 4262 3310 4375 ’έζζριέῐᾋὶζέιὶέῖ’ῐιῖέιζᾘᾶιιιυιι
3374 4301 3581 4375 Virgilii

230 4369 453 4431 voca-nt,
483 4382 518 4419 α
562 4381 617 4420 se
665 4368 837 4433 fuisse
886 4369 994 4420 reis
1033 4367 1321 4421 indultum.
1379 4367 1609 4421 Restitui
1647 4367 1798 4434 frcdi

1246 4328 1255 4339 '
1304 4328 1324 4343 ‘
1514 4367 1523 4376 .
1597 4328 1659 4376 .'
1969 4328 2097 4381 lus,
2151 4328 2236 4368 vel
2290 4330 2343 4366 in
2399 4328 2562 4381 caput
2621 4328 2804 4363 ruens.

1236 4383 1321 4421 tm.
1379 4367 1609 4421 Restitui
1647 4367 1926 4461 fre/lum“
1966 4406 2181 4461 Aine“.
2215 4421 2289 4458 x:

229 4472 341 4530 pro
369 4459 594 4524 fretum,
638 4458 740 4513 etsi
774 4459 880 4514 hoc
919 4458 1080 4513 etiam
1113 4459 1280 4513 modo
1323 4460 1536 4534 legatur
1565 4459 1616 4512 in
1658 4473 1857 4513 excuso
1880 4451 1936 4519 Ι)

235 4511 282 4603 ᾗ
319 4511 328 4512 ί
369 4511 381 4524 ”
455 4511 470 4559 ζ
1235 4511 1270 4513 “’
1667 4511 1679 4512 ί
1737 4511 1814 4559 γ.
1880 4511 1925 4519 ”
2114 4511 2876 4577 Erectoqueincumbitcernuus
2905 4523 3041 4557 arvo.

285 4563 505 4623 regorio
536 4549 864 4617 Turonensn,
899 4566 1056 4619 cuius
1093 4550 1360 4625 allegatur
1387 4552 1560 4614 locus,
1592 4550 1688 4604 sed
1723 4557 1778 4604 et
1805 4567 1858 4605 in
1979 4624 2016 4627 __
2081 4623 2104 4627 _
2216 4622 2225 4627 _
2464 4619 2490 4627 _
2962 4617 2997 4627 Η
3040 4616 3070 4627 θ’
3291 4613 3301 4623 ,
3531 4613 3540 4623 ο

233 4613 430 4695 multis
459 4640 582 4695 aliis
612 4641 997 4712 corrigendus,
1028 4650 1087 4697 ut
1117 4613 1346 4714 patcbit,
1395 4643 1439 4697 si
1472 4642 1596 4714 quis
1628 4657 1690 4695 ea
1739 4658 1860 4713 qua:
1962 4622 2299 4714 ᾼῖῑδθτνίυε
2330 4639 2412 4714 if
2458 4619 2704 4674 cernuus
2743 4616 3168 4689 CQWS‘dICiw":
3196 4613 3303 4712 fini
3350 4613 3507 4714 cadi}.
3530 4613 3585 4666 ίη

235 4728 332 4786 hic
371 4729 540 4785 refert
591 4704 953 4798 Flodoardus,
1002 4704 1249 4788 conferat
1277 4704 1399 4787 cﬁm
1461 4704 1580 4788 ιόεο
1612 4704 1858 4800 ejusdem
1964 4713 2184 4778 faciem,
2219 4709 2372 4781 quasi
2399 4709 2452 4762 in
2478 4725 2597 4761 eam
2631 4715 2838 4778 partem
2875 4722 3037 4777 quam
3061 4704 3354 4757 cernimus.
3390 4723 3420 4752 ii
3453 4704 3588 4756 lliuc

235 4819 514 4896 Gregorii.
564 4821 719 4875 (‘ierte
761 4821 1007 4877 Pithoeus
1046 4822 1101 4875 in
1152 4822 1427 4877 Glossario
1469 4821 1861 4892 Capitulorum,
1965 4817 2018 4863 Cl
2047 4806 2181 4861 “111d
2211 4805 2266 4858 ίη
2302 4805 2503 4874 hymno
2529 4801 2786 4858 Εοοιοδίῖυ
2821 4820 2833 4855 τ

233 4911 412 4969 verbo
470 4913 669 4978 Freda,
722 4919 773 4967 ct
798 4913 1034 4968 Iacobus
1073 4913 1145 4967 du
1201 4913 1360 4968 Breul
1403 4913 1458 4967 in
1510 4912 1752 4966 adnotat.
1795 4911 1862 4964 ad
2118 4922 2332 4970 Tantum
2357 4934 2469 4983 ergo
2501 4927 2866 4968 sacramentum

229 5017 360 5074 cap.
423 5002 488 5057 17
521 5000 620 5054 lib.
655 5017 684 5053 v
733 4999 989 5069 AimOini,
1032 5001 1268 5058 citantes
1315 5007 1570 5056 eumdem
1618 5000 1791 5073 Grego

1073 5001 1268 5058 itantes
1315 5007 1570 5056 eumdem
1618 4999 1862 5073 Gregorii
2123 5003 2430 5056 Veneremur
2456 5002 2641 5050 cei-nui.
