3972 6206
472 314 575 369 407

1522 300 1604 354 AD
1647 298 2007 353 HISTORIAM
2048 298 2373 353 REMENSIS
2416 297 2763 353 ECCLESIIE.

3715 304 3826 358 4(ὶὲ

550 440 671 493 ΟΑΡ.
704 438 839 493 VIII.
874 436 1043 490 Nemo
1075 440 1320 501 tempore
1350 427 1791 502 Quadragesimae
1815 428 2095 497 pmnilen~
2121 433 2171 501 Α
2196 429 2426 501 petenti,
2448 445 2689 501 eumque
2721 436 2907 499 pastor
2928 430 2984 484 in
3014 431 3233 502 propria
3263 430 3477 502 saepius
3508 430 3736 502 inviset,
3769 442 3826 489 et

478 534 611 587 tium
662 528 1040 585 confessiones
1079 523 1266 579 audiat
1310 528 1508 592 praeter
1564 528 1858 591 pastorem.
1923 521 2093 590 Hujus

478 621 624 676 enim
657 620 883 672 interest
906 632 1064 671 ovem
1088 627 1506 687 recognoscere,
1534 626 1631 681 pro
1664 627 1772 682 qua
1797 627 1949 665 suam
1971 610 2095 665 ani—

477 725 621 763 mam
650 708 880 762 tenuerat
910 704 1158 760 Domino.

552 799 675 854 Car.
707 798 791 852 IX.
846 798 1259 851 Sacrosanctam
1302 792 1694 847 eucharistiam
1725 793 1982 847 sacerdos
2012 808 2097 847 ce—

2194 524 2283 596 pie
2314 522 2514 589 visitet,
2547 537 2673 575 eum
2724 522 2793 575 ad
2824 521 3058 577 futuram
3090 522 3323 597 gloriam
3378 523 3712 592 animando,
3774 533 3827 580 et

2194 612 2377 669 debite
2412 612 2788 682 praeparando.

2268 702 2393 757 CAP.
2428 702 2557 755 XVI.
2590 701 2662 754 De
2695 699 2930 755 clericis.
2962 700 3201 755 Luceant
3227 700 3369 756 sicut
3400 702 3578 757 stella:
3608 710 3667 757 et
3688 718 3826 773 per-

2198 804 2377 868 petuze
2422 796 2699 851 claritates
2749 795 2804 849 in
2852 794 3197 851 ﬁrmamento
3230 796 3488 852 Ecclesiae
3536 800 3702 867 (Dan.
3758 800 3828 868 1).

480 894 785 949 lebraturus
832 906 891 944 se
940 894 1230 961 praeparet,
1272 893 1325 940 et
1364 886 1576 956 probet,
1619 892 1672 939 et
1702 894 1761 940 ut
1805 885 2096 940 minimum
2199 888 2315 941 Non
2343 887 2453 941 sint
2477 886 2639 952 ebrii,
2673 902 2933 959 nugaces,
2968 894 3021 941 et
3045 886 3402 943 saecularibus
3432 888 3697 943 immixti.

480 989 565 1043 bis
596 989 649 1041 in
680 1002 871 1041 mense
900 985 954 1039 id
994 983 1174 1037 faciat.

552 1082 675 1137 Cap.
711 1081 789 1136 X.
825 1080 1050 1134 Feratur
1098 1075 1319 1150 aegrotis
1353 1089 1479 1128 vase
1508 1073 1764 1139 honesto,
1805 1078 1859 1127 et
1892 1071 2099 1126 lumine

482 1173 867 1235 antecedente,
901 1178 954 1225 et
984 1178 1263 1241 praeeunte
1296 1187 1310 1235 ;
1343 1175 1395 1221 et
1425 1167 1742 1238 quicunque
1763 1166 2102 1240 peregrinari

482 1269 696 1334 volunt,
723 1266 863 1321 illud
892 1266 959 1319 ad
991 1263 1249 1319 viaticum
1290 1262 1610 1332 suscipiant.

559 1364 682 1418 Cxp.
716 1363 804 1416 XI.
838 1362 901 1415 Et
931 1377 1027 1415 cur
1058 1359 1126 1413 ad
1158 1366 1390 1413 mortem
1431 1356 1810 1412 condemnatis
1838 1352 2105 1421 renuitur,

485 1476 614 1515 curn
665 1459 731 1512 iis
765 1456 997 1510 maxime
1050 1455 1323 1509 conducat
1373 1454 1440 1507 ad
1489 1469 1643 1523 spem
1685 1460 1740 1508 et
1783 1466 2103 1505 securamen

488 1552 619 1608 certi
649 1553 931 1617 decessus,
975 1556 1025 1603 et
1049 1548 1337 1621 prmsentis
1367 1547 1576 1620 agonis.

559 1646 682 1701 Car.
716 1646 829 1699 XII.
878 1644 978 1709 Qni
1026 1644 1094 1698 ad
1127 1643 1353 1697 ordines
1382 1640 1689 1712 promoveri
1744 1640 1955 1705 volunt,
2007 1639 2106 1692 ha-

488 1738 655 1793 beant
686 1735 1017 1791 beneficium
1051 1735 1120 1789 ad
1150 1732 1468 1787 alimoniam
1499 1730 1799 1797 sufﬁciens,
1830 1730 1997 1802 idque
2037 1732 2103 1785 ad

487 1830 949 1886 examinationem
981 1828 1219 1883 virorum
1256 1825 1553 1896 proborum
1584 1833 1640 1879 et
1665 1824 1995 1893 juralorum.
2130 1815 2180 1881 Β

563 1924 684 1978 Car.
717 1923 857 1978 XIII.
899 1922 1040 1976 Nulli
1074 1929 1297 1975 tonsura
1328 1920 1508 1985 detur,
1558 1918 1663 1972 nisi
1696 1918 1919 1983 idoneo,
1954 1927 2007 1974 et
2038 1919 2105 1972 ad

491 2032 674 2072 sacros
719 2015 941 2069 ordines
980 2021 1169 2084 postea
1218 2011 1573 2082 probabiliter
1617 2026 1933 2065 ascensuro.
1968 2010 2104 2075 Quid

493 2128 632 2181 epus
661 2110 809 2164 enim
856 2110 1075 2163 mittere
1108 2123 1305 2177 panem
1347 2106 1580 2160 ﬁliorum
1628 2105 1857 2159 canibus
1888 2105 2106 2175 (Matth.

493 2203 640 2273 xxv),
674 2208 725 2255 et
753 2200 1017 2270 spiritalia
1048 2198 1239 2253 mundi
1277 2197 1611 2251 amatoribus
1648 2194 1675 2248 ?

563 2294 689 2348 Car.
722 2293 851 2347 XIV.
884 2293 940 2345 In
975 2290 1324 2345 matrimonio
1360 2290 1537 2363 imago
1572 2294 1743 2342 exstat
1774 2287 2107 2341 sacrosancti

492 2383 734 2458 conjugii
761 2383 902 2438 inter
922 2382 1190 2438 Christum
1214 2387 1267 2434 et
1288 2379 1585 2434 Ecclesiam
1612 2378 1756 2433 enati
1775 2380 1988 2447 (Ephes.
2027 2378 2073 2447 ν)
2093 2380 2117 2443 ;‘

493 2480 731 2550 ideoque
750 2479 1028 2533 vinculum
1054 2484 1137 2531 est
1164 2474 1433 2530 divinitus
1461 2472 1754 2537 ﬁrmatum,
1787 2472 1933 2543 quod
1967 2471 2110 2527 mul-

492 2581 606 2629 tum
638 2572 848 2628 confert
875 2572 942 2626 ad
990 2572 1307 2626 felicitatem
1355 2570 1432 2623 rei
1468 2567 1772 2632 familiaris,
1819 2568 1886 2621 ad
1920 2584 2110 2638 pacem

492 2669 634 2722 inter
665 2674 865 2736 partes,
899 2674 951 2720 et
981 2666 1050 2719 ad
1084 2666 1264 2736 proles
1293 2663 1700 2734 suscipiendas.

566 2758 690 2813 CAP.
750 2757 855 2811 XV.
886 2757 1136 2811 Extrema
1168 2756 1357 2810 unctio
1414 2753 1696 2808 deferatur
1738 2752 2005 2808 laboranti
2064 2760 2117 2808 et

2272 974 2399 1029 Cxp.
2453 974 2609 1030 XVII.
2652 975 2761 1029 Nec
2800 975 3060 1030 mulieres
3108 975 3478 1048 alloquantur,
3521 984 3619 1031 aut
3675 978 3832 1033 domi

2203 1071 2479 1126 retineant
2513 1089 2527 1135 ;
2559 1071 2741 1127 vivant
2768 1071 2824 1125 in
2852 1072 3152 1139 communi,
3185 1080 3243 1127 et
3270 1073 3422 1128 mdes
3450 1074 3693 1145 pauperi
3724 1090 3833 1145 pa-

2206 1168 2384 1216 tentes
2412 1160 2737 1215 inhabitent.

2279 1250 2393 1305 Car.
2434 1250 2615 1305 XVIII.
2650 1249 2919 1323 Suffragia
2945 1250 3327 1308 defunctorum
3358 1252 3592 1309 omnino
3624 1255 3838 1309 servari

2208 1342 2578 1413 praecipimus,
2612 1351 2666 1396 et
2706 1357 2776 1397 ne
2808 1342 3096 1398 missarum
3135 1344 3432 1411 solemnia,
3470 1352 3682 1415 praeter
3712 1345 3842 1400 fun-

2209 1435 2456 1488 datorum
2491 1439 2752 1497 mentem,
2783 1433 2890 1488 alio
2923 1434 3089 1489 modo
3130 1442 3541 1490 converlantur.

2280 1526 2405 1579 Car.
2440 1526 2571 1581 XIX.
2619 1526 2740 1581 Sint
2777 1528 3025 1597 episcOpi
3084 1527 3277 1583 ﬁdeles
3309 1536 3362 1583 et
3410 1529 3636 1584 assidui
3687 1530 3840 1584 verbi

2208 1622 2300 1676 Dei
2335 1621 2765 1692 dispensatores.
2811 1623 2869 1676 In
2902 1623 3005 1678 hoc
3047 1623 3209 1678 etiam
3256 1638 3446 1678 eorum
3474 1623 3732 1678 charitas
3760 1622 3843 1676 di-

2207 1717 2508 1792 gnoscitur,
2540 1717 2584 1771 si
2611 1734 2833 1791 gregem
2867 1725 3091 1789 pascant
3119 1719 3370 1789 exemplo
3400 1725 3454 1773 et
3481 1718 3688 1774 verbo.

2280 1810 2404 1865 CAP.
2437 1811 2543 1867 XX.
2592 1813 2747 1867 Festa
2786 1814 2993 1886 absque
3023 1815 3175 1869 omni
3215 1830 3380 1885 Opere
3422 1814 3637 1870 forensi
3682 1831 3845 1870 exco-

2210 1902 2391 1965 lenda,
2444 1910 2495 1957 et
2539 1920 2663 1959 cum
2707 1904 2895 1961 debita
2938 1907 3294 1962 veneratione
3339 1906 3686 1962 celebranda
3734 1908 3845 1961 haec

2209 1999 2374 2047 sunt:
2433 1995 2694 2051 Nativitas
2749 1999 2987 2065 Domini,
3036 1998 3430 2065 Circumcisio,
3492 1999 3842 2070 Epiphania,

2208 2084 2564 2140 Annuntiatio
2596 2086 2634 2139 Β
2691 2088 2901 2155 Mariae,
2936 2089 3283 2144 Rcsurrectio
3314 2090 3534 2144 Domini
3574 2106 3710 2144 cum
3754 2091 3844 2144 die

2212 2178 2487 2247 sequenti,
2519 2178 2781 2234 Ascensio
2809 2180 3046 2247 Domini,
3076 2182 3198 2236 dies
3222 2181 3599 2248 Pentecostes,
3638 2181 3845 2236 Nativi-

2210 2277 2291 2323 tas
2342 2270 2485 2324 beati
2537 2271 2766 2326 Joannis
2831 2273 3108 2343 Baptistze,
3168 2274 3550 2345 apostolorum
3585 2275 3740 2331 Petri
3793 2286 3843 2330 et

2211 2363 2385 2431 Pauli,
2429 2366 2744 2435 Assumptio
2773 2366 2949 2420 beatae
2997 2367 3197 2431 Mariae,
3245 2368 3496 2436 ejusdem
3548 2369 3843 2436 Nativitas,

2212 2456 2441 2510 Andreze.
2471 2457 2728 2527 apostoli,
2762 2464 2817 2513 et
2846 2457 2967 2514 dies
2994 2475 3188 2514 omnes
3229 2459 3626 2516 Dominicales.

2284 2569 2409 2624 Car.
2442 2571 2572 2626 XXI.
2619 2572 2877 2627 Ecclesia!
2911 2573 3095 2629 debite
3125 2575 3385 2631 delentur
3415 2574 3483 2629 ad
3518 2575 3841 2631 alimoniam

2214 2665 2448 2736 pastoris
2473 2672 2527 2720 et
2547 2666 2703 2732 cleri,
2730 2674 2787 2721 ut
2808 2666 3056 2721 securius
3077 2667 3369 2743 invigilent
3397 2686 3577 2740 super
3595 2689 3841 2749 gregem,

2216 2763 2269 2810 et
2296 2755 2364 2810 de
2396 2758 2515 2825 ejus
2541 2757 2717 2812 salute
2747 2757 2859 2811 sint
2890 2757 3036 2812 anxii
3062 2763 3115 2812 et
3141 2759 3382 2814 solliciti.

1037 3033 1193 3119 DE
1256 3030 1859 3119 MINISTRIS
1927 3032 2619 3157 REMENSIUM
2684 3031 3274 3124 ECCLESI/E

609 3218 762 3290 Quos
816 3216 1161 3277 inordinate
1210 3216 1326 3275 Ebo
1370 3219 1677 3293 episcopus
1726 3218 1985 3355 ingeriit,
2038 3218 2771 3355 etlperddeprecationem
2818 3236 3049 3295 eorum,
3122 3223 3469 3300 inspirante
3512 3231 3731 3284 sancto

1832 3296 2063 3355 'm'ritu.
2120 3316 2217 3355 meo
2300 3300 2529 3355 ictavit.

1832 3296 2063 3374 ipiritu,
2099 3299 2217 3357 haec
2254 3298 2529 3359 dictavit.

574 3585 928 3658 Praepositum
961 3587 1122 3642 decet
1150 3602 1280 3643 cura
1321 3584 1549 3641 interior
1575 3600 1638 3640 ac
1669 3584 1922 3641 exterior.
1955 3585 2121 3640 Exte-
2146 3590 2196 3659 (ζ
2226 3586 2468 3658 loquium
2498 3586 2727 3642 secretis
2756 3585 2809 3640 in
2838 3586 2975 3642 locis
3007 3596 3062 3642 et
3092 3587 3242 3643 horis
3269 3604 3370 3645 suo
3404 3588 3591 3664 rigore
3623 3590 3853 3646 omnino

503 3681 615 3736 rior
643 3680 698 3734 in
732 3680 896 3734 rebus
934 3685 989 3735 et
1014 3679 1221 3735 familia
1268 3677 1569 3743 salvandis,
1602 3683 1772 3748 atque
1817 3677 2123 3731 secundum

506 3778 675 3830 Deum
705 3774 1105 3849 gubernandis,
1156 3789 1369 3827 summa
1400 3788 1524 3827 cum
1558 3769 1887 3839 intenti'one,
1920 3779 1974 3826 et
2004 3771 2127 3842 pie-

504 3872 635 3932 tate,
664 3872 719 3921 et
757 3864 1144 3920 benevolentia
1200 3863 1277 3916 lbi
1310 3862 1475 3916 etiam
1519 3862 1771 3917 consistit
1798 3861 1980 3916 omnis
2022 3878 2127 3917 nu—

506 3958 708 4014 triendi
742 3956 1032 4021 industria,
1064 3962 1259 4010 cuncta
1312 3953 1558 4024 proﬁcua
1592 3954 1812 4029 ingenia
1839 3955 2124 4009 laborandi

506 4050 563 4103 in
589 4047 755 4123 agris,
790 4046 846 4100 in
883 4044 1081 4110 vineis,
1119 4045 1175 4097 in
1231 4043 1403 4108 silvis,
1439 4043 1494 4097 in
1548 4044 1740 4111 hortis,
1785 4044 1838 4097 in
1893 4044 2129 4098 diversis

510 4141 851 4213 emptionum
884 4137 1185 4211 generibus
1224 4138 1452 4207 provide
1494 4139 1873 4209 procurandis.
1900 4140 2130 4210 Insuper

509 4242 563 4289 et
593 4234 663 4286 de
693 4230 955 4303 qualitate
1002 4229 1318 4285 necessaria
1348 4228 1730 4299 aediﬁciorum,
1761 4231 1873 4285 sive
1912 4231 2130 4302 quanti-

511 4331 638 4380 tate.
673 4321 902 4376 Interior
925 4336 1054 4374 vero
1085 4319 1399 4375 sollicitudo
1429 4320 1548 4389 ejus
1574 4335 1698 4374 esse
1731 4319 1935 4374 debere
1958 4321 2129 4374 mani-

510 4417 709 4472 festum
742 4422 825 4469 est
854 4413 1198 4484 dispensatio
1224 4412 1446 4467 fratrum
1482 4413 1717 4484 publica,
1744 4413 1977 4467 honeste
2004 4413 2125 4467 dis-

509 4511 691 4582 posita
722 4508 778 4562 in
799 4507 944 4563 victu
975 4516 1029 4561 et
1058 4514 1208 4576 potu,
1242 4505 1357 4560 sive
1387 4506 1538 4561 omni
1580 4506 1830 4561 subsidio
1856 4506 2129 4577 corporali

511 4600 661 4672 qnod
691 4598 1037 4653 administrat
1064 4595 1251 4649 divina
1279 4595 1473 4665 pictas,
1507 4596 1621 4649 sive
1649 4613 1747 4665 per
1777 4596 2021 4649 studium
2053 4596 2133 4650 la-

510 4693 662 4749 boris
691 4691 833 4761 ejus,
866 4689 981 4743 sive
1020 4688 1087 4742 de
1119 4687 1490 4758 eleemosynis
1521 4685 1789 4753 ﬁdelium,
1830 4704 2043 4743 necnon
2076 4695 2130 4743 et

513 4783 580 4838 de
612 4782 759 4837 dono
785 4778 1022 4849 propriae
1050 4776 1452 4847 procurationis
1482 4776 1715 4847 publicae
1773 4776 1865 4830 Cni
1894 4793 2002 4831 non
2026 4778 2129 4833 mi-

515 4892 618 4930 nor
650 4878 801 4945 patet
833 4870 997 4924 etiam
1031 4869 1137 4922 alia
1166 4868 1510 4938 dispensatio
1539 4869 1850 4923 necessaria
1881 4869 1935 4922 in
1968 4869 2125 4924 inﬁr-

515 4965 620 5020 mis
646 4971 701 5018 et
721 4960 970 5026 senibus,
1005 4974 1101 5028 pro
1129 4958 1446 5012 diversitate
1472 4958 1906 5029 uniuscujusque
1936 4975 2133 5013 neces—

517 5056 697 5112 sitatis
744 5051 1005 5123 Sequitur
1020 5058 1201 5105 autem
1232 5050 1359 5105 hinc
1378 5051 1620 5105 studium
1638 5067 1858 5106 omnem
1875 5058 2129 5107 ornatum

518 5145 859 5219 corporalem
891 5159 953 5196 ac
1003 5141 1307 5213 spiritalem
1369 5143 1662 5198 continens
1717 5143 1980 5198 fratium:
2011 5159 2135 5199 cor-

518 5235 768 5309 poralem
801 5231 1039 5302 primum
1073 5229 1128 5284 in
1157 5230 1430 5297 clausura,
1462 5230 1590 5286 inde
1630 5232 1687 5286 in
1735 5231 2046 5300 refectorio,
2079 5239 2134 5287 et

516 5330 573 5384 in
602 5323 947 5389 dormitorio,
978 5322 1030 5375 in
1052 5322 1299 5390 cellario,
1326 5323 1381 5378 in
1407 5326 1667 5397 eoquina,
1701 5326 1816 5381 sive
1841 5326 1898 5379 in
1927 5325 2139 5381 cunctis

515 5418 919 5479 habitatoribus
949 5418 1298 5483 necessariis,
1335 5435 1552 5476 necnon
1584 5422 1638 5475 in
1669 5421 1908 5476 vasculis
1952 5420 2135 5477 omni-

515 5512 637 5566 bus.
672 5504 988 5577 Spiritalem
1020 5520 1150 5559 vero
1182 5507 1360 5560 zelum
1394 5509 1520 5564 talis
1553 5509 1808 5564 minister
1841 5525 1983 5565 vera:
2010 5508 2136 5564 reli-

512 5603 697 5676 gionis
724 5598 928 5652 habere
960 5598 1128 5653 debet
1170 5608 1374 5656 sanctae
1415 5601 1856 5658 conversationis
1886 5607 2044 5658 nocte
2071 5617 2133 5656 ac

514 5695 605 5748 die
640 5690 930 5746 canonicis
955 5690 1170 5762 partitis
1199 5690 1256 5746 in
1282 5693 1887 5751 horis.-Correctiouem
1920 5709 2133 5747 morum

515 5796 613 5848 per
642 5778 966 5854 gravitatem
990 5784 1228 5841 levitatis
1247 5790 1455 5840 motum
1480 5784 1906 5856 deprehendens
1932 5801 1945 5839 :
1975 5784 2134 5840 vani-

2226 3679 2552 3751 depellens:
2584 3695 2780 3734 omnes
2811 3679 3184 3754 negligentias
3215 3680 3465 3737 omnium
3498 3683 3734 3753 publice
3761 3685 3852 3737 de-

2227 3774 2527 3845 prehensas
2573 3773 2629 3827 iu
2660 3772 2900 3844 capitulo
2955 3774 3203 3828 omnium
3233 3773 3460 3829 fratrum
3498 3775 3725 3843 judicio
3757 3793 3856 3848 pu-

2226 3863 2388 3918 niens
2418 3863 2507 3918 his
2529 3862 2728 3931 modis,
2762 3863 2815 3917 id
2846 3873 2949 3932 est,
2983 3872 3076 3920 aut
3098 3880 3335 3931 carcere,
3370 3872 3466 3919 aut
3494 3869 3855 3938 separatione

2228 3978 2453 4026 mensae,
2490 3962 2604 4016 sive
2633 3961 2688 4015 in
2720 3961 2968 4017 omnium
2985 3962 3278 4017 verborum
3309 3962 3662 4019 diversitate.
3700 3965 3861 4034 Cujus

2229 4054 2393 4108 etiam
2424 4053 2851 4124 prudentissima
2874 4052 3298 4123 circumspectio
3330 4052 3568 4108 decanis
3593 4055 3704 4109 sibi
3733 4072 3863 4125 sup-

2232 4142 2424 4214 positis
2457 4141 2744 4217 invigilare
2775 4141 2962 4208 debet,
2996 4158 3066 4196 ne
3096 4155 3239 4196 unus
3267 4141 3519 4214 quidem,
3552 4160 3587 4198 a
3619 4145 3857 4199 maxime

2230 4252 2400 4307 usque
2441 4237 2507 4290 ad
2554 4236 2863 4301 minimum,
2896 4237 3106 4308 absque
3159 4236 3278 4304 ejus
3303 4236 3656 4293 conscientia
3709 4245 3763 4293 et
3794 4238 3859 4292 Ii-

2230 4325 2411 4379 centia
2430 4325 2593 4379 unius
2625 4325 2734 4379 diei
2760 4324 2938 4396 spatio
2963 4340 3313 4397 nequaquam
3341 4324 3410 4379 ab
3429 4325 3603 4380 ofﬁcii
3630 4328 3720 4382 sui
3741 4327 3855 4383 loco

2231 4414 2391 4469 desit.

2301 4501 2686 4557 Archidiaconi
2735 4501 2977 4557 ofﬁcium
3026 4510 3129 4569 est,
3182 4505 3387 4578 gradus
3444 4507 3854 4562 ecclesiasticos

2229 4609 2445 4648 summa
2474 4609 2595 4646 cum
2623 4592 2971 4663 providentia
3001 4599 3219 4647 zetatum
3254 4603 3310 4649 et
3342 4595 3670 4650 meritorum
3702 4597 3851 4652 ordi-

2232 4703 2400 4742 nare:
2451 4686 2522 4741 de
2573 4695 2822 4758 tempore
2886 4686 2939 4740 in
3006 4696 3252 4758 tempore
3320 4689 3648 4745 nominibus
3697 4689 3853 4745 certis

2230 4776 2667 4847 uniuscujusque
2697 4775 2942 4831 officium
2971 4777 3040 4831 de
3079 4777 3231 4832 omni
3273 4777 3504 4851 regione
3548 4779 3848 4854 prmﬁgere,

2236 4864 2806 4931 subtilitervemcrito
2837 4865 3094 4936 probare,
3128 4874 3183 4922 et
3209 4867 3441 4940 gratiam
3473 4870 3656 4924 sancti
3687 4869 3849 4941 Spiri-

2237 4968 2322 5015 tus
2351 4960 2651 5031 unicuique
2681 4959 3062 5032 investigando
3098 4959 3415 5014 ministrare
3448 4978 3460 5013 :
3511 4960 3567 5016 in
3599 4963 3850 5017 omnibus

2234 5053 2436 5107 divinis
2467 5050 2668 5107 ofﬁciis
2698 5058 2901 5106 sanctae
2930 5051 3026 5105 Dei
3061 5051 3321 5106 Ecclesia:
3353 5051 3550 5108 ﬁdeles
3576 5055 3852 5109 ministros

2233 5141 2536 5197 erudiendo
2554 5149 2611 5195 et
2631 5140 2936 5196 excolendo
2954 5140 3205 5195 efficere:
3232 5139 3592 5197 festivitatum
3609 5143 3846 5199 omnium

2233 5248 2298 5288 ac
2328 5231 2606 5296 feriarum,
2639 5245 2858 5285 necnon
2888 5230 3057 5285 totius
3086 5231 3215 5285 anni
3249 5232 3434 5287 officia
3460 5231 3517 5285 in
3547 5233 3774 5289 canticis
3800 5241 3850 5286 et

2240 5323 2590 5390 lectionibus,
2643 5338 2754 5378 non
2787 5321 2964 5378 solum
3009 5323 3371 5379 litteraturam
3404 5327 3706 5402 corrigere,
3754 5324 3843 5379 sed

2238 5414 2539 5486 spiritalem
2573 5412 3003 5487 intelligentiam
3033 5414 3183 5468 omni
3214 5413 3362 5471 clero
3394 5415 3451 5471 in
3478 5416 3717 5489 capitulo
3742 5423 3843 5470 tra-

2240 5512 2392 5578 dere,
2418 5510 2700 5564 libertates
2721 5507 3021 5564 liberorum
3048 5525 3168 5564 cum
3190 5510 3424 5567 testibus
3445 5512 3700 5583 probare,
3715 5511 3843 5566 alie-

2236 5620 2429 5660 norum
2467 5617 2751 5656 servorum
2782 5602 2851 5656 ad
2898 5602 3101 5677 gradus
3149 5604 3337 5659 venire
3386 5605 3683 5661 volentium
3734 5601 3841 5658 eai-

2235 5708 2387 5765 gere,
2421 5697 2755 5762 potestatem
2789 5692 2953 5747 etiam
3009 5691 3219 5746 habens
3249 5692 3556 5749 libertatem
3586 5691 3841 5748 ecclesia-

2235 5784 2371 5839 stica
2422 5784 2647 5854 prepria
2678 5785 2745 5841 de
2793 5784 3000 5867 familia
3031 5783 3232 5851 facere,
3264 5791 3319 5840 et
3362 5785 3561 5841 alienis
3608 5784 3838 5859 exigere.
