3972 6206
264 300 379 357 409

1766 303 2110 360 APPENDIX.

3487 305 3592 364 MO

262 434 363 487 Pro
396 429 899 506 neglectalectione
932 428 1229 484 autofticio
1257 430 1461 503 gradus
1489 430 1573 484 sui
1604 431 1878 487 adiacono
1903 437 1954 504 Î‘
1983 439 2080 487 etas
2120 432 2398 488 unctionis
2454 433 2674 486 inferre.
2746 431 3129 487 Communioni
3161 439 3364 489 sanctae
3391 433 3594 508 dignos

260 520 520 592 usquead
553 518 802 573 infimum
837 519 1318 573 excommunicare
1358 537 1371 583 ;
1405 519 1566 573 etiam
1601 527 1656 574 et
1679 520 1880 589 juven-

261 614 419 668 culos
451 613 651 667 talibus
683 628 780 682 pro
800 611 1124 666 excessibus
1154 610 1478 665 verberibus
1505 629 1692 668 arcere
1720 631 1732 667 :
1763 630 1882 669 vcr-

262 706 392 760 bum
425 706 587 760 etiam
622 703 858 759 faciendi
890 703 960 758 ad
999 703 1262 774 p0pulum
1295 704 1348 756 in
1368 704 1566 758 diebus
1599 705 1752 759 festis
1783 721 1879 776 pro

259 801 448 854 videre
478 799 741 854 etfacere
775 816 788 852 :
833 806 885 852 et
924 799 1002 853 sic
1055 799 1240 853 omnia
1283 814 1383 869 per
1432 799 1683 854 ordinem
1712 800 1877 874 digne

259 904 438 959 usque
469 889 537 941 ad
567 887 1058 960 [consecrationem
1129 887 1429 957 presbyteri
1478 887 1880 943 studiosissima

258 978 569 1032 intentione
632 992 776 1030 vera:
833 975 1118 1050 religionis
1195 975 1518 1045 perducere.
1562 976 1875 1031 Vinctorum

260 1069 428 1124 etiam
457 1067 689 1138 publica:
719 1066 952 1120 civitatis
993 1082 1054 1120 ex
1110 1082 1328 1121 carcere
1359 1083 1544 1120 curam
1576 1067 1629 1120 in
1662 1067 1876 1122 festivi-

258 1157 470 1212 tatibus
490 1155 836 1210 solemnibus
864 1155 1078 1209 Domini
1110 1171 1326 1228 gerere,
1353 1156 1406 1210 id
1439 1167 1544 1223 est,
1579 1157 1634 1210 in
1693 1158 1879 1212 Natale

260 1248 506 1315 Domini,
537 1247 592 1300 in
625 1247 949 1318 Epiphania,
983 1247 1036 1300 in
1071 1247 1226 1302 initio
1268 1248 1731 1324 Quadragesimze,
1764 1266 1880 1304 me-

259 1342 357 1395 dia
397 1339 846 1411 Quadragesima,
888 1339 939 1391 in
970 1338 1190 1407 Palmis,
1223 1339 1276 1393 in
1318 1340 1555 1394 Sabbato
1589 1351 1800 1408 sancto,
1828 1349 1884 1397 et

261 1433 318 1486 in
343 1432 434 1485 die
461 1436 649 1484 sancto
692 1429 934 1495 Paschie,
986 1429 1240 1483 similiter
1297 1431 1351 1483 in
1408 1432 1741 1486 Ascensione
1775 1433 1880 1486 Do-

263 1522 509 1589 mini,et
564 1521 620 1574 in
670 1520 993 1574 Pentecoste
1049 1537 1261 1574 summa
1310 1537 1432 1575 cum
1479 1523 1764 1596 diligentia
1787 1539 1884 1578 eos

264 1611 546 1682 excipere,
588 1610 742 1664 eteis
781 1609 1047 1680 obsequia
1079 1609 1437 1684 benignitatis
1453 1612 1882 1682 corporalisspi-

263 1703 578 1773 ritaliaque,
615 1717 678 1755 ex
711 1701 910 1754 divinis
931 1707 984 1755 et
1016 1701 1270 1755 humanis
1310 1700 1597 1756 beneficiis
1629 1701 1884 1758 refectio-

263 1809 397 1846 nem
426 1789 830 1846 benedictionis
881 1805 1096 1860 parare.

341 1882 739 1953 Chorepiscopi
772 1897 898 1936 vero
918 1880 1286 1935 ministerium
1315 1888 1417 1946 est,
1451 1895 1670 1934 omnem
1698 1897 1881 1936 sacer-

257 1973 504 2028 dotalem
539 1972 709 2027 totius
742 1971 984 2043 regionis
1014 1971 1122 2026 sibi
1155 1971 1467 2026 commissae
1506 1972 1879 2026 conversatio-

258 2084 388 2122 nem
422 2067 697 2141 corrigere
728 2074 891 2137 atque
931 2066 1194 2139 dirigere,
1227 2065 1280 2118 id
1314 2072 1418 2131 est,
1445 2064 1497 2118 in
1518 2065 1881 2120 conficiendis

255 2156 464 2211 divinis
487 2155 844 2210 sacramentis
900 2163 953 2210 et
1006 2155 1326 2225 baptisterio
1365 2156 1612 2210 omnium
1659 2157 1876 2210 intelle-

254 2254 405 2302 ctum
436 2245 690 2323 aperiens
705 2245 962 2310 excitare,
989 2245 1251 2316 populum
1282 2246 1523 2318 regionis
1554 2247 1872 2317 praedicare,

250 2343 635 2398 confessiones
667 2341 908 2415 exigere,
978 2341 1355 2412 paenitentiam
1386 2357 1509 2396 cum
1540 2341 1876 2397 discretione

251 2445 417 2494 caute
450 2438 754 2508 imponere,
777 2436 1198 2507 hospitalitatem
1224 2437 1442 2503 sectari,
1478 2436 1724 2494 infirmos
1756 2439 1880 2493 visi-

254 2528 427 2583 tando
451 2527 723 2598 obsequia
747 2525 1110 2600 benignitatis
1138 2535 1194 2580 et
1212 2526 1641 2593 benedictionis,
1671 2534 1726 2582 et
1750 2543 1877 2581 san-

331 2685 401 2752 (tt
435 2683 587 2748 Quod
618 2685 899 2754 praecessit
951 2685 1278 2755 opusculum
1338 2687 1559 2750 Ebonis,
1593 2703 1655 2740 ex
1697 2686 1868 2741 sancti

251 2755 495 2824 Remigii
529 2755 863 2811 bibliotheca
888 2757 1072 2811 Remis
1101 2757 1510 2827 exscripsimus,
1544 2775 1666 2813 cum
1705 2759 1874 2812 Joan-

255 2828 345 2880 nis
377 2827 738 2896 Vlllepistola
799 2835 852 2882 et
884 2828 1106 2883 decreto
1150 2829 1441 2884 electionis
1469 2829 1870 2893 Laudnncnsis,

254 2914 387 2970 quae
426 2898 567 2952 infra
627 2906 950 2970 sequentur.
1006 2900 1314 2955 Proximam
1359 2916 1490 2955 vero
1524 2901 1779 2956 Notitiam
1803 2901 1872 2955 de

1985 520 2101 575 fieri
2136 523 2370 593 p0pulos
2409 523 2630 576 assidua
2659 521 3086 576 commonitioue
3129 537 3408 588 exercere,
3439 539 3591 578 mor-

1983 619 2105 667 tuos
2135 629 2255 667 eum
2290 613 2865 668 commendationibus
2887 614 3103 678 animat,
3138 621 3191 667 et
3244 614 3594 669 orationibus

1981 706 2163 779 dignis
2183 707 2467 778 obsequiis
2497 707 2793 778 sepulturae
2823 707 3214 761 venerabiliter
3233 709 3468 774 tradere,
3494 724 3593 779 pro

1980 796 2118 850 vivis
2147 797 2309 851 etiam
2339 814 2401 851 ac
2429 797 2706 852 defunctis
2733 797 2899 852 totius
2957 797 3209 852 Ecclesiae
3267 797 3395 852 filiis
3426 799 3591 853 ratio-

1982 889 2148 942 nabili
2180 889 2499 944 assiduitate
2532 905 2777 944 exorare.
2813 891 3050 960 Insuper
3074 906 3205 945 vero
3237 890 3422 945 omnia
3449 907 3596 962 quae-

1979 994 2196 1050 cunque
2231 979 2369 1033 intra
2399 980 2689 1033 ecclesiam
2751 987 2804 1033 et
2859 987 3009 1033 extra
3041 979 3332 1033 ecclesiam
3365 980 3418 1034 in
3443 980 3592 1034 clau-

1977 1075 2112 1133 stro,
2163 1075 2216 1122 et
2265 1069 2318 1120 in
2383 1069 2638 1121 omnibus
2686 1067 3119 1121 habitationibus
3148 1085 3178 1121 a
3209 1067 3445 1122 maximo
3497 1085 3594 1122 us-

1981 1173 2088 1227 que
2122 1156 2189 1209 ad
2255 1155 2540 1209 minimum
2605 1171 2994 1227 quemcunque
3057 1156 3258 1210 viderit
3291 1156 3592 1230 negligere,

1981 1248 2288 1302 secundum
2325 1247 2758 1301 ecclesiasticum
2789 1247 3157 1317 correptionis
3179 1247 3403 1302 modum
3445 1263 3592 1301 sem-

1983 1353 2083 1407 per
2113 1336 2393 1406 corripiat,
2447 1342 2501 1390 et
2553 1353 2773 1392 omnem
2822 1352 3003 1390 veram
3057 1336 3403 1407 religionem,
3448 1336 3597 1406 prior

1986 1433 2101 1503 ipse
2127 1431 2401 1496 faciendo,
2435 1447 2628 1486 omnes
2659 1431 2841 1486 facere
2886 1431 3099 1485 doceat.
3161 1431 3222 1486 Et
3279 1431 3424 1485 hunc
3467 1445 3594 1484 mo-

1985 1521 2115 1575 dum
2149 1538 2518 1592 nequaquam,
2562 1520 2665 1574 nisi
2697 1521 3049 1592 przecipiente
3065 1520 3350 1590 episcopo,
3377 1520 3444 1573 de
3464 1535 3598 1574 cau-

1983 1610 2059 1664 sis
2082 1611 2552 1682 subscquentibus
2583 1611 2810 1666 excedat
2865 1611 2934 1665 de
2963 1611 3112 1665 omni
3148 1611 3272 1678 jure
3304 1624 3598 1664 consecra-

1984 1703 2168 1758 tionis.

1908 1753 1959 1821 Î’
2058 1797 2385 1866 Episcopum
2411 1810 2542 1850 vero
2574 1795 2806 1850 civitatis
2847 1795 3084 1866 preprize
3107 1795 3406 1865 disponere
3432 1810 3600 1865 Opor-

1981 1893 2056 1941 tet
2081 1887 2151 1940 de
2181 1886 2622 1950 consecratione,
2656 1885 2725 1939 de
2765 1885 3210 1953 confirmatione,
3232 1885 3300 1939 de
3343 1885 3598 1940 reconci-

1980 1976 2226 2041 liatione,
2258 1980 2312 2028 et
2356 1975 2424 2028 de
2456 1974 2680 2044 publico
2729 1975 3028 2030 indicendo
3052 1975 3292 2043 jejunio,
3333 1974 3595 2029 autaliud

1981 2067 2189 2138 aliquid
2217 2066 2578 2137 publicijuris
2607 2081 2705 2136 pro
2741 2072 2987 2136 tempore
3042 2067 3210 2141 digno
3243 2067 3353 2121 Deo
3386 2065 3594 2120 debito.

1978 2163 2141 2230 Cujus
2172 2161 2338 2216 officii
2370 2178 2582 2216 summa
2606 2162 3133 2232 speculationishzec
3164 2169 3267 2228 est,
3300 2171 3360 2216 ut
3391 2168 3444 2215 et
3466 2161 3596 2216 sub-

1977 2256 2229 2310 tilissime
2265 2255 2610 2325 providendo
2637 2255 2852 2310 insistat
2876 2255 3113 2327 qualiter
3142 2256 3388 2310 omnium
3418 2254 3601 2310 officia

1977 2345 2381 2399 studiosissime
2419 2345 2780 2417 gubernando
2831 2346 2897 2398 ad
2967 2353 3182 2415 portum
3245 2343 3602 2415 perfectionis

1981 2439 2179 2511 dirigat
2213 2457 2224 2492 :
2251 2439 2454 2510 quibus
2486 2440 2539 2492 in
2571 2439 2771 2505 causis,
2803 2439 2906 2492 nisi
2943 2440 3150 2508 jussus,
3171 2439 3602 2510 chorepiscopus

1982 2531 2294 2586 nullatenus
2321 2531 2549 2586 excedat
2583 2531 2675 2602 (1).

1977 2689 2102 2742 villa
2142 2687 2463 2751 Novilliaco,
2507 2686 2664 2754 cujus
2718 2693 2910 2741 auctor
2952 2686 3275 2740 Hincmarus
3304 2687 3425 2757 ipse
3453 2685 3602 2740 vide-

1979 2766 2086 2821 tur,
2137 2759 2298 2814 nobis
2345 2757 2774 2813 communicavit
2842 2758 3274 2812 humanissimus
3339 2758 3595 2812 Nicolaus

1978 2831 2152 2884 Faber
2190 2846 2255 2884 ex
2280 2830 2636 2891 bibliotheca,
2701 2836 2758 2883 ut
2812 2829 2994 2884 aiebat
3048 2829 3108 2882 V.
3161 2827 3218 2896 C,
3254 2828 3463 2882 Claudii
3498 2828 3602 2882 Pu-

1977 2902 2119 2956 teani
2152 2901 2426 2956 senatoris
2456 2900 2796 2956 Parisiensis.

1357 3195 2077 3309 SEQUUNTUR
2151 3196 2528 3287 GESTA

259 3407 566 3480 Quomodo
616 3411 682 3469 D.
742 3410 1111 3471 Hincmarus
1164 3411 1374 3472 villam
1426 3411 1847 3471 Novilliacum
1913 3410 2076 3487 apud
2128 3410 2193 3469 D.
2261 3409 2544 3472 Carolum
2603 3413 3020 3488 imperatorem
3072 3415 3275 3490 ï¬lium
3325 3414 3610 3476 Ludovici

1529 3493 1908 3568 imperatoris
1960 3492 2328 3567 impetravit.

329 3798 599 3854 Defuncto
633 3798 865 3870 Pippino
897 3813 1026 3872 rege
1066 3814 1157 3852 vui
1210 3797 1438 3852 Kalend.
1473 3797 1722 3853 Octobris
1748 3799 1884 3868 (765)
1919 3798 2039 3872 Cin
2082 3797 2357 3854 beneficio
2390 3800 2667 3857 Anschero
2703 3801 2923 3863 Saxoni,
2954 3801 3046 3872 qui
3080 3817 3255 3857 nonas
3277 3809 3330 3858 et
3361 3804 3610 3864 decimas

249 3893 311 3946 in
357 3888 692 3944 monasterio
732 3889 906 3942 sancti
942 3888 1205 3959 Dionysii,
1247 3885 1345 3940 filii
1375 3887 1494 3956 ejus
1527 3886 1882 3942 Caroloman~

246 3999 360 4038 nus
391 3989 443 4036 et
469 3980 690 4034 Carolus
712 3979 1016 4034 secundum
1049 3978 1471 4049 dispositionem
1523 3977 1694 4047 patris
1723 3977 1805 4031 sui
1831 3985 1884 4032 et

248 4073 548 4131 consilium
583 4071 735 4143 regni
761 4071 1062 4142 primorum
1076 4070 1386 4124 diviserunt
1419 4069 1562 4123 inter
1579 4085 1636 4122 sc
1653 4084 1881 4140 regnum

253 4173 575 4238 paternum,
600 4162 866 4217 etelevati
905 4169 1034 4216 sunt
1086 4161 1142 4215 in
1194 4177 1351 4232 reges
1394 4177 1467 4214 vn
1496 4161 1574 4214 ld.
1609 4159 1880 4225 Octobris,

255 4259 656 4313 Carlomannus
683 4257 736 4310 in
768 4255 1102 4320 Suessionis,
1165 4260 1218 4307 et
1251 4252 1474 4307 Carolus
1507 4252 1561 4305 in
1595 4252 1878 4314 Noviomo,

254 4355 407 4410 sicut
438 4352 494 4405 in
517 4350 711 4404 Annali
748 4366 938 4424 regum
973 4349 1240 4418 scriptum
1275 4347 1567 4401 habemus.

332 4445 489 4498 Anno
521 4460 570 4496 iv
593 4441 745 4515 regni
778 4441 861 4495 sui
899 4439 1204 4493 infirmatus
1233 4447 1318 4493 est
1350 4437 1742 4493 Carlomannus
1788 4437 1878 4490 iu-

254 4539 520 4595 firmitate
564 4553 670 4608 qua
702 4543 756 4590 et
780 4541 1027 4589 mortuus
1067 4544 1150 4588 est
1177 4534 1634 4598 inSalmuntiaco,
1670 4541 1723 4587 et
1755 4539 1882 4588 ante

249 4632 471 4687 obitum
503 4645 660 4683 suum
691 4643 789 4698 per
817 4633 1149 4696 praeceptum
1182 4625 1345 4696 regiae
1373 4641 1485 4679 suae
1516 4624 1880 4690 auctoritatis,

251 4723 409 4797 quod
445 4722 730 4785 habemus,
765 4728 1011 4788 tempore
1078 4716 1277 4787 Tilpini
1308 4716 1729 4788 archiepiscopi,
1772 4724 1885 4771 tra-

251 4813 401 4869 didit
433 4811 614 4865 villam
645 4807 1001 4864 Novilliacum
1043 4821 1167 4860 cum
1209 4805 1470 4860 omnibus
1512 4804 1580 4858 ad
1610 4822 1670 4859 se
1705 4805 1880 4876 perti-

252 4907 542 4970 nentibus,
577 4919 675 4975 pro
724 4903 920 4957 animae
988 4919 1103 4956 sua:
1141 4900 1410 4967 remedio,
1443 4907 1497 4954 et
1539 4899 1659 4955 loco
1688 4899 1883 4970 sepul-

258 5009 424 5062 turae,
483 4993 549 5047 ad
592 4991 881 5047 ecclesiam
948 4991 1275 5044 Remensem
1331 4989 1380 5042 S.
1418 4988 1620 5054 Mariee,
1647 4996 1702 5044 et
1732 4989 1882 5042 basi-

257 5088 426 5142 licam
474 5081 649 5136 sancti
707 5079 959 5152 Remigii,
1027 5079 1078 5133 in
1114 5088 1303 5149 quaet
1344 5079 1598 5149 sepultus
1627 5087 1727 5134 est.
1762 5078 1886 5133 Post

258 5181 424 5246 cujus
473 5175 680 5231 obitum
739 5173 958 5228 Carolus
1023 5172 1188 5227 frater
1217 5173 1336 5242 ejus
1394 5181 1691 5243 praecepto,
1728 5173 1957 5251 quodD

256 5271 554 5331 habemus,
586 5280 700 5318 suae
733 5262 1070 5318 auctoritatis
1091 5262 1264 5334 ipsam
1296 5261 1650 5316 traditionem
1682 5260 1884 5317 conï¬r-

257 5358 450 5415 mavit.

327 5445 602 5502 Defuncto
640 5439 854 5511 Tilpino
909 5438 1326 5508 archiepisc0po
1366 5452 1512 5492 anno
1572 5453 1701 5492 Ï‡Ï‡Î¹Î¹Î¹
1731 5445 1883 5508 post-

253 5556 425 5613 quam
461 5535 856 5591 Carlomannus
896 5531 1154 5586 Remensi
1200 5529 1447 5584 ecclesize
1478 5527 1662 5582 villam
1698 5530 1887 5585 Novil-

253 5631 465 5684 liacum
497 5620 746 5684 tradidit,
775 5619 952 5673 tenuit
972 5617 1033 5670 D.
1088 5633 1179 5670 rex
1209 5615 1431 5669 Carolus
1458 5615 1730 5670 Remense
1763 5618 1886 5688 epi-

255 5719 514 5794 sc0pium
540 5712 597 5767 in
620 5725 719 5766 suo
748 5708 1057 5774 dominatu,
1089 5705 1500 5762 etdeditvillam
1525 5705 1885 5763 Novilliacum

1987 3887 2054 3940 ad
2096 3894 2304 3958 partem
2332 3888 2618 3944 Remensis
2646 3890 2904 3944 Ecclesim
2929 3889 2996 3942 de
3028 3889 3144 3959 ipsa
3175 3889 3302 3942 villa
3335 3906 3509 3962 usque
3539 3897 3607 3950 ad

1985 3983 2215 4033 mortem
2247 3994 2400 4032 suam
2432 3980 2697 4050 persolvit
2730 3997 2742 4033 :
2777 3978 3105 4034 etdefuncto
3135 3978 3362 4032 domino
3392 3979 3607 4050 Carolo,

1987 4067 2082 4122 sed
2119 4074 2171 4122 et
2204 4067 2325 4139 ipso
2357 4069 2658 4133 Anschero,
2695 4075 2982 4139 postquam
3039 4065 3436 4121 Carlomannus
3468 4086 3610 4140 pra:-

1986 4159 2151 4214 fatam
2187 4160 2370 4214 villam
2404 4176 2525 4214 cum
2559 4159 2707 4214 omni
2736 4159 3328 4232 integritateRemensi
3352 4159 3609 4218 Ecclesiae

1987 4255 2231 4319 tradidit,
2253 4271 2475 4325 semper
2506 4255 2622 4324 ipsa
2655 4256 2898 4310 Ecclesia
2926 4255 3055 4309 inde
3088 4254 3437 4322 vestituram,
3469 4255 3612 4312 sicut

1985 4345 2308 4415 praedictum
2351 4351 2454 4410 est,
2481 4360 2578 4414 per
2598 4359 2774 4399 annos
2795 4361 2984 4398 xxxvn
3004 4343 3217 4398 habuit.
3235 4344 3363 4399 Post
3394 4344 3608 4400 obitum

1984 4437 2172 4492 domni
2207 4436 2404 4502 Caroli,
2457 4445 2512 4491 et
2551 4435 2812 4491 defuncto
2860 4437 2981 4507 ipso
3036 4437 3336 4501 Anschero,
3372 4435 3610 4490 domnus

1985 4531 2292 4587 Ludovicus
2327 4532 2628 4603 imperator
2653 4532 2877 4586 donavit
2909 4533 3084 4602 ipsam
3134 4531 3316 4587 villam
3349 4531 3608 4586 Novillia-

1985 4641 2107 4679 cum
2142 4625 2350 4679 Donato
2375 4624 2428 4677 in
2447 4622 2745 4679 beneficio.
2769 4624 2867 4689 Qui
2903 4624 3164 4688 Donatus,
3200 4623 3609 4678 interveniente

1983 4713 2214 4785 Bigone,
2241 4730 2336 4784 per
2362 4713 2800 4784 subreptionem,
2830 4712 2985 4783 quasi
3015 4713 3083 4766 de
3120 4712 3251 4768 fisco
3285 4713 3430 4788 regis
3443 4728 3610 4784 quas-

1983 4804 2106 4858 dam
2137 4802 2384 4858 colonias
2425 4802 2493 4856 de
2525 4803 2649 4872 ipsa
2687 4801 2815 4856 villa
2845 4801 3165 4855 obtinuitin
3212 4802 3606 4872 pr0prietatem

1986 4911 2082 4967 per
2146 4903 2483 4967 praeceptum
2546 4894 2733 4950 domni
2796 4892 3052 4949 Ludovici
3126 4894 3493 4964 imperatoris.
3548 4895 3608 4949 Et

1987 4985 2209 5056 quando
2234 4985 2518 5039 Lotharius
2549 4984 2692 5038 lilius
2718 4982 2905 5039 domni
2940 4983 3202 5038 Ludovici
3258 4983 3607 5054 imperatoris

1989 5073 2321 5129 Cavilloncm
2349 5073 2600 5139 veniens,
2644 5090 2763 5128 eam
2786 5072 3139 5148 expugnavit,
3158 5073 3410 5128 Donatus.
3429 5088 3459 5126 a
3477 5072 3606 5127 villa

1987 5179 2152 5234 supra
2179 5164 2498 5229 Matronam,
2532 5180 2655 5234 quae
2716 5163 3001 5219 Pomarius
3040 5171 3283 5227 vocatur,
3326 5163 3394 5217 ab
3428 5162 3607 5234 impe-

1989 5261 2166 5308 ratore
2197 5251 2486 5318 defecit,et
2517 5251 2595 5304 illi
2626 5252 2887 5306 mentitus
2908 5252 2975 5306 ad
2991 5251 3302 5307 Lotharium
3333 5250 3602 5326 confugit,

1986 5353 2039 5401 et
2069 5344 2326 5400 veniente
2356 5343 2630 5399 hostiliter
2658 5343 2988 5415 imperatore
3015 5343 3290 5398 Ludovico
3320 5343 3387 5397 ad
3418 5342 3602 5397 villam

1987 5451 2108 5507 quae
2140 5432 2418 5488 Calciacus
2455 5431 2674 5500 dicitur,
2726 5431 3016 5486 Lotharius
3054 5432 3122 5486 ad
3163 5448 3287 5486 eum
3334 5447 3456 5486 cum
3485 5431 3602 5486 suis

1986 5529 2318 5586 constrictus
2347 5527 2512 5588 venit,
2573 5534 2630 5580 et
2677 5536 3080 5584 sacramentum
3137 5527 3280 5598 ipse,
3327 5534 3381 5581 et
3419 5527 3505 5580 sui
3532 5524 3599 5578 ab

1988 5619 2319 5687 imperatore
2371 5613 2663 5687 quaesitum
2721 5616 2798 5670 illi
2825 5616 3166 5686 juraverunt.
3205 5617 3348 5671 inter
3377 5629 3517 5687 quos
3546 5620 3602 5667 et

1988 5709 2235 5764 Donatus
2265 5707 2334 5762 de
2374 5705 2697 5766 infidelitate
2725 5707 2844 5779 ejus
2865 5698 3274 5778 comprobatus,
3303 5707 3408 5780 ipsi
3431 5707 3602 5777 impe-
