3972 6206
143 265 256 318 413

142 391 279 465 eligi
313 409 325 444 :

146 493 381 551 temnat,
445 495 538 540 aut
578 487 776 553 oderit,
831 499 885 542 et
936 488 1025 543 fiat
1056 490 1236 544 minus
1291 492 1547 566 religiosa
1603 510 1766 565 quam

145 580 432 644 convenit,
467 580 552 632 cui
579 596 688 634 non
723 581 873 634 licuit
905 583 1108 637 habere
1140 600 1302 655 quem
1329 586 1520 641 voluit.
1558 587 1616 639 Hi
1640 602 1768 640 vero

145 675 244 746 qui
277 675 579 729 ordinaturi
611 685 760 741 sunt,
796 677 847 731 in
879 694 1041 748 quem
1075 679 1331 745 viderint,
1365 681 1613 735 omnium
1646 689 1770 736 vota

147 764 487 834 prepensius
515 767 872 831 concordare,
902 767 1151 836 protinus
1183 767 1522 841 liberiusque
1550 770 1626 825 illi
1651 788 1773 825 ma-

146 871 258 908 nus
288 855 574 925 imponere
608 855 838 924 possint.

223 946 569 1017 Quapropter
606 964 728 1000 eum
773 947 993 1002 decreto
1035 957 1232 1004 nostra}
1273 949 1562 1004 electionis
1600 952 1775 1006 mani-

147 1040 259 1092 bus
298 1039 638 1113 singulorum
671 1049 854 1095 nostro
888 1039 1242 1094 corroborato
1274 1041 1340 1094 ad
1394 1041 1772 1112 paternitatem

145 1137 392 1182 vostram
436 1130 798 1194 accedentes,
852 1129 1216 1184 Hedenulfum
1275 1130 1528 1184 Ecclesiae
1576 1138 1774 1184 nostra:

144 1220 352 1287 tilium,
393 1228 446 1275 et
494 1222 547 1274 in
595 1222 836 1277 Ecclesia
875 1230 1058 1277 nostra
1107 1222 1534 1294 suifragantibus
1566 1223 1776 1292 stipen-

142 1310 371 1364 diorum
403 1311 615 1364 meritis
641 1313 706 1366 ad
731 1328 872 1366 onus
896 1329 1069 1383 usque
1096 1313 1436 1367 sacerdotale
1464 1319 1771 1383 promotum

142 1401 264 1454 vita
304 1409 360 1454 et
398 1401 664 1466 moribus,
708 1417 771 1454 ac
821 1408 1006 1454 sancta
1040 1401 1459 1455 conversatione
1511 1401 1771 1455 idoneum

143 1493 539 1562 approlalum,
589 1509 751 1563 quem
787 1509 885 1562 per
933 1493 1209 1547 licentiam
1251 1499 1508 1557 vestram,
1561 1492 1774 1545 favente

149 1583 620 1638 Cluistianissimo
667 1585 998 1655 imperatore
1059 1585 1273 1650 Carolo,
1329 1585 1444 1654 pari
1502 1598 1776 1638 consensu

1647 269 1992 325 APPENDIX.

370 408 436 446 ne
465 392 658 446 civitas
682 407 789 447 non
831 399 1073 463 Optatum
1117 395 1460 465 episcopum,
1507 406 1600 451 aut
1633 413 1768 451 con-
1790 401 1842 469 Α
1865 396 2066 471 gimus,
2092 413 2190 466 per
2222 412 2417 449 manus
2445 403 2671 462 vestras,
2695 411 2756 450 ac
2789 401 3109 448 caeterorum
3130 399 3323 446 vestra:
3350 391 3491 447 dim“

3181 209 3208 233 ν

3385 264 3491 320 4H

1870 503 2062 542 ceseos
2091 494 2403 541 sanctorum
2434 487 2820 556 episcoporum
2850 489 3183 553 consecrari,
3218 487 3489 556 nobisque

1871 589 1924 636 et
1955 583 2203 636 ecclesia:
2232 589 2430 636 nostrae
2467 582 2750 636 doctorem
2784 590 2946 653 atque
2980 582 3295 653 pontificem
3329 579 3486 634 insti-

1872 672 1946 726 tui
1989 655 2369 742 imploranius,
2430 687 2740 739 precamur,
2801 687 2863 723 ac
2913 671 3170 740 petimus.
3228 669 3492 744 Eligimus

1875 772 2057 818 autem
2097 778 2221 816 eum
2266 762 2425 815 nobis
2473 762 2590 816 fore
2637 769 2932 832 pastorem,
2977 779 3140 832 quem
3175 761 3489 832 apostolica:

1877 852 2083 914 formae,
2117 866 2226 920 qua
2261 851 2581 920 episcOpum
2615 858 2867 904 ornatum
2919 851 2970 903 Β.
3013 851 3210 904 Paulus
3239 866 3361 904 esse
3388 849 3489 904 de-

1876 945 2006 1001 bere
2058 947 2418 1012 demonstrat,
2452 961 2778 1017 congruere,
2821 950 2873 996 ct
2919 943 3088 996 sacris
3120 959 3226 996 non
3269 941 3490 996 obviare

1878 1039 2204 1103 canonibus,
2255 1039 2449 1093 Christi
2509 1037 2681 1111 gratia
2744 1043 3078 1106 cooperante
3143 1034 3489 1088 confidimus.

1877 1129 2106 1185 Oramus
2157 1140 2399 1186 sanctam
2469 1125 2850 1200 pater-nitatem
2916 1135 3146 1181 vestram
3213 1143 3360 1180 nunc
3438 1131 3494 1179 et

1877 1241 2099 1296 semper
2129 1227 2182 1279 in
2224 1225 2434 1280 Christo
2461 1225 2601 1277 bene
2631 1223 2830 1277 valere.

1948 1316 2135 1369 Actum
2183 1332 2213 1366 v
2265 1313 2488 1367 Kalend.
2524 1311 2744 1382 Aprilis,
2780 1310 2833 1364 in
2880 1309 3106 1362 basilica
3137 1314 3337 1360 sanctae
3382 1305 3492 1359 Ma-

1879 1403 1994 1470 riie,
2045 1403 2330 1479 genitricis
2374 1403 2464 1456 Dei
2523 1410 2577 1456 et
2627 1401 2841 1455 Domini
2884 1400 3051 1453 nostri
3090 1398 3218 1452 Jesu
3273 1395 3492 1459 Christi,

1877 1509 2024 1547 anno
2075 1493 2468 1546 incarnationis
2514 1490 2727 1545 Domini
2765 1490 2934 1543 nestri
2965 1489 3091 1541 Jesu
3141 1487 3335 1540 Christi
3365 1484 3492 1547 8'77,

1881 1584 2036 1658 regni
2065 1583 2251 1638 domni
2282 1583 2455 1638 Caroli
2498 1580 2843 1653 imperatoris
2875 1596 3072 1644 xxxvii,
3114 1595 3176 1632 ac
3207 1578 3424 1649 imperii
3457 1595 3492 1644 ι,

148 1695 219 1733 ac
247 1679 508 1734 concordi
543 1679 859 1746 devotione,
889 1687 1051 1752 atque
1083 1679 1344 1734 unanima
1369 1678 1644 1733 voluntate
1680 1677 1781 1732 eli-
1808 1658 1851 1723 Β
1884 1678 2186 1733 indictione
2215 1696 2282 1733 ix.

1050 1955 1428 2030 INCERTI,
1476 1956 1635 2018 SED
1678 1955 2044 2030 ANTIQUI
2090 1955 2600 2019 SCRIPTORIS

646 2120 927 2197 Ejusdem
985 2121 1256 2181 Ecclesiae
1305 2121 1604 2182 Remensis
1662 2123 1968 2193 canonici,
2020 2124 2131 2199 qui
2185 2121 2583 2182 Florloardum
2636 2122 3010 2183 brevz’avemt

737 2276 1550 2372 APPENDICULA
1588 2277 2186 2366 HISTORIZE
2222 2277 2911 2367 FLODOARDI

226 2629 500 2682 llactenus
522 2627 588 2680 de
613 2625 979 2682 Remensibus
1008 2627 1444 2698 archiepiSCOpis
1463 2627 1767 2681 secundum

153 2723 511 2779 traditionem
570 2721 880 2776 Flodoardi.
937 2724 1216 2794 quomodo
1262 2739 1404 2777 unus
1445 2731 1564 2793 post
1603 2726 1766 2779 alium

147 2819 412 2882 surrexit,
448 2817 814 2872 narrationem
839 2818 1189 2890 digessimus.
1223 2820 1376 2874 Nunc
1408 2837 1536 2874 vero
1568 2821 1634 2875 de
1659 2837 1770 2874 ca:-

1871 2628 1939 2681 de
1970 2628 2140 2699 stirpe
2168 2628 2290 2696 ejus
2321 2629 2468 2682 illam
2504 2636 2877 2699 pervaserant,
2908 2636 2962 2684 et
2995 2628 3336 2684 haereditatis
3369 2630 3494 2699 jure

1872 2721 2018 2775 illam
2049 2721 2153 2774 sibi
2186 2720 2470 2775 vindicare
2503 2722 2775 2776 volebant.
2811 2722 3047 2784 Quorum
3082 2721 3226 2775 nisui
3260 2736 3496 2774 venera-

1871 2812 1997 2866 bilis
2030 2812 2386 2882 archipraisul
2419 2811 2723 2880 Odalricus,
2757 2820 2815 2866 ut
2846 2813 2928 2866 vir
2958 2813 3157 2867 nobilis
3183 2819 3238 2866 et
3269 2820 3491 2882 potens,

148 2912 287 2966 teris
330 2909 425 2981 qui
471 2919 593 2980 post
625 2909 912 2966 Flodoardi
967 2911 1261 2966 decessum
1293 2911 1639 2974 exstiterunt,
1681 2929 1765 2965 se-
1795 2925 1843 2991 C
1869 2907 2102 2960 viriliter
2132 2907 2352 2973 restitit,
2385 2916 2438 2961 et
2458 2911 2772 2979 praedictam
2802 2908 3000 2962 vallem
3033 2907 3208 2976 adjus
3239 2906 3496 2961 Ecclesia:

146 3000 394 3054 cundum
428 3000 577 3069 quod
623 3015 652 3053 a
683 3000 985 3067 majoribus
1014 3001 1346 3066 audivimus,
1380 3019 1478 3055 seu
1528 3003 1676 3073 quod
1714 3003 1767 3056 in

145 3090 397 3160 antiquis
429 3089 631 3143 chartis
645 3091 969 3160 reperimus.
993 3092 1301 3161 epitulante
1324 3091 1458 3159 Deo,
1484 3093 1769 3164 praelibato

144 3182 307 3252 Operi
337 3182 716 3236 adnectemus.
769 3182 1032 3236 Praefatus
1076 3184 1350 3249 Artoldus,
1386 3184 1453 3237 de
1499 3184 1656 3251 cujus
1682 3184 1771 3237 de-

145 3289 318 3328 cessu
358 3273 412 3326 in
463 3273 606 3328 libro
652 3273 938 3328 Flodoardi
987 3275 1125 3328 nihil
1183 3276 1435 3340 habetur,
1492 3275 1765 3330 abbatiam

145 3365 325 3420 sancti
353 3365 645 3431 Timothei,
677 3380 798 3435 quae
828 3381 1002 3436 usque
1032 3367 1098 3419 ad
1132 3367 1264 3420 illud
1287 3375 1506 3438 tempus
1540 3369 1769 3421 Remen-

144 3463 293 3515 sium
347 3461 732 3531 episc0porum
780 3460 1084 3526 exstiterat,
1139 3469 1329 3516 sancto
1379 3461 1646 3534 Remigio,
1698 3461 1765 3515 de

146 3559 315 3627 cujus
350 3558 602 3613 cuinobio
629 3565 942 3627 assumptus
963 3555 1160 3619 fuerat,
1193 3557 1442 3611 contulit.
1466 3556 1562 3609 Hic
1581 3565 1763 3610 autem

145 3671 277 3707 eum
327 3669 426 3723 per
452 3651 672 3726 triginta
703 3668 880 3706 annos
906 3653 959 3706 in
1000 3652 1169 3706 multa
1199 3651 1546 3716 adversitate,
1592 3657 1646 3704 et
1674 3650 1771 3703 ali-

147 3744 381 3817 quando
428 3743 481 3797 in
514 3743 928 3813 tranquillitate,
963 3743 1290 3796 Rcmenscm
1323 3741 1606 3795 direcesim
1662 3757 1770 3815 gu-

149 3839 464 3900 bernasset,
496 3835 763 3889 universae
786 3835 964 3889 carnis
989 3836 1129 3888 viam
1164 3835 1272 3888 line
1306 3835 1454 3889 bono
1487 3834 1772 3907 ingressus

148 3939 254 3984 est.
293 3930 406 3994 Quo
437 3929 718 3990 defuncto,
758 3929 996 3983 domnus
1028 3929 1332 3994 Odalricus,
1365 3929 1447 3992 vir
1479 3929 1678 3983 nobilis
1720 3936 1774 3983 et

148 4025 424 4078 honestus
465 4020 777 4091 pontiﬁcale
795 4037 938 4074 onus
952 4019 1223 4090 suscepit;
1251 4021 1317 4073 de
1339 4021 1496 4086 cujus
1512 4019 1775 4090 Operibus

154 4134 333 4189 pauca
365 4118 507 4188 apud
543 4133 643 4171 nos
665 4123 1019 4170 monumenta
1053 4115 1337 4169 habentur.
1374 4115 1565 4186 Liquet
1593 4122 1772 4169 tamen

1873 2997 2162 3051 Remensis
2209 2998 2436 3052 liberam
2490 2999 2784 3054 revocavit.
2838 2998 2991 3063 Quod
3045 3004 3102 3052 ut
3147 3006 3493 3068 posterorum

1872 3088 2082 3142 notitia:
2115 3089 2461 3144 manifestius
2493 3089 2606 3155 fiat,
2641 3090 2916 3161 prirdiclm
2936 3089 3091 3143 vallis
3113 3089 3494 3155 donationem,

1872 3185 1925 3232 et
1957 3179 2033 3232 rei
2067 3188 2236 3249 gesta!
2291 3181 2551 3252 scriptum
2585 3182 2908 3238 memoriale
2966 3181 3090 3236 huic
3123 3181 3339 3253 pagina:
3367 3180 3499 3235 assi-

1873 3266 2128 3322 gnemus.

1944 3429 1970 3452 κ
2014 3405 2294 3479 L’niversis
2315 3423 2455 3479 pene
2479 3408 2645 3463 totius
2673 3410 2913 3464 Francim
2944 3407 3269 3479 primatibus
3302 3406 3496 3479 liquet,

1871 3477 2154 3549 Hugoncm
2171 3477 2341 3550 nobili
2360 3480 2614 3550 prosapia
2629 3477 2956 3550 genitum,in
2975 3481 3150 3550 primo
3165 3477 3501 3550 llorejuven-

1873 3547 2022 3613 tutis,
2042 3563 2172 3620 cum
2189 3547 2355 3620 sciret
2376 3549 2479 3602 sibi
2501 3547 2888 3620 supervenisse
2903 3547 3101 3604 ab'hoc
3122 3549 3322 3604 saeculo
3350 3548 3497 3602 diem

1872 3618 2229 3691 egressionis,
2266 3618 2391 3691 licet
2423 3637 2535 3675 suae
2568 3618 2908 3675 conditionis
2943 3622 3213 3691 plurimos
3245 3620 3498 3675 invenire

1875 3690 2061 3761 pesset
2116 3690 2486 3760 heredipetas,
2544 3692 2713 3744 Deum
2767 3699 2879 3747 toto
2936 3690 3137 3747 mentis
3183 3691 3497 3755 conamine,

1874 3763 2108 3841 ejusque
2138 3768 2452 3841 satict0s_ex
2485 3762 2816 3841 patrimonio
2867 3763 3064 3841 fecisse
3096 3764 3366 3841 haaredes.
3398 3763 3497 3841 Qui

1875 3834 1934 3906 in
1957 3832 2133 3906 primo
2159 3848 2271 3886 suae
2321 3832 2961 3906 dispositionisiexordio
3009 3836 3181 3889 beatae
3213 3834 3304 3888 Dei
3336 3835 3496 3906 geni-

1876 3905 2410 3978 tricis,_semperque
2442 3904 2673 3978 virginis
2714 3905 2912 3978 Mariae,
2948 3907 3191 3960 Dominae
3218 3923 3281 3960 ac.
3320 3904 3500 3978 domif

1876 3975 2097 4029 natricis
2148 3982 2347 4029 nostra:
2422 3975 2742 4045 praesidium
2796 3975 3080 4036 invocans.
3141 3977 3368 4031 tradidit
3430 3977 3497 4030 ad

1877 4062 2123 4117 mensam
2167 4046 2415 4112 fratrum,
2471 4048 2581 4100 Deo
2609 4046 2840 4117 ejusque
2884 4047 3218 4102 intemerata:
3260 4047 3409 4102 Matri
3442 4048 3500 4102 in

1882 4113 2123 4170 Ecclesia
2169 4117 2424 4171 llemensi
2472 4113 2666 4172 devote
2707 4113 3108 4180 fa'mulantium,
3172 4126 3497 4188 potestatem

147 4208 453 4313 ί¹υ⁵³,ί¹¹⁵⁰ν
490 4207 752 4313 “icc'f’si‘”.
776 4207 1029 4313 ¹ἓ⁰π¹θ¹ῗ⁵ί
1063 4207 1244 4313 νΨΨ
1273 4207 1650 4262 νί⁰ί¹⁰¹¹ί⁵⁵³π¹
1680 4207 1775 4261 σε·
1805 4246 1858 4313 o
1878 4187 2203 4312 ἒίἓὲἷιῖῗὲἧῗρ
2227 4189 2395 4313 illi?)
2423 4189 2828 4313 ῗὲξξέἕξίἓεῗίἒιηδ
2847 4190 3214 4313 ﬁliiﬁlii;
3249 4190 3498 4313 ἒὲἑῗέἓέἓ

146 4301 251 4354 dit.
289 4300 388 4353 Pro
435 4300 592 4365 cujus
621 4299 910 4373 largitione
961 4298 1217 4353 beneficii
1249 4301 1303 4354 in
1360 4308 1634 4355 conventu
1669 4302 1772 4355 lte-

146 4392 334 4447 mensi
367 4392 631 4447 memoria
660 4392 778 4459 ejus
808 4393 1088 4445 annuatim
1123 4393 1398 4447 recolitur.
1438 4395 1558 4464 Ipso
1604 4394 1768 4448 etiam

147 4484 271 4545 die,
316 4499 415 4552 pro
447 4482 643 4536 anima:
677 4483 797 4550 ejus
823 4484 1093 4550 remedio,
1134 4485 1325 4559 viginti
1359 4494 1593 4557 quatuor
1637 4505 1768 4559 pau-

147 4572 383 4644 peribus
434 4571 635 4646 singuli
696 4588 886 4641 panes,
941 4574 1277 4646 totidemque
1333 4577 1445 4631 vini
1503 4585 1772 4644 metretze,

147 4667 361 4740 singuli
420 4667 582 4720 etiam
615 4668 826 4721 denarii
875 4667 1299 4724 distribuuntur.
1334 4670 1596 4726 Praedicta
1643 4689 1774 4728 vero

145 4763 285 4817 villa
318 4762 370 4815 in
423 4769 564 4817 terra
595 4763 812 4816 comitis
861 4762 1287 4834 Registestensis
1317 4765 1417 4819 sita
1476 4772 1578 4833 est,
1611 4783 1773 4838 quam

147 4859 322 4913 modo
356 4873 542 4911 comes
573 4857 826 4911 Cuiterus
861 4857 1107 4924 nomine,
1139 4859 1240 4911 sub
1271 4867 1525 4914 trccensu
1557 4861 1776 4935 triginta

145 4948 456 5003 solidorum
491 4953 660 5001 tenet.
707 4947 872 5002 Porro
901 4955 1318 5004 antecessorum
1363 4966 1584 5006 suorum
1639 4961 1774 5007 tem-

147 5054 313 5109 pore,
346 5053 444 5108 pro
467 5037 897 5092 commutatione
919 5039 1166 5106 ejusdem
1194 5040 1356 5106 villae,
1384 5042 1616 5112 plurima
1635 5043 1778 5098 bona

147 5128 414 5184 Ecclesia:
447 5128 705 5182 Remensi
761 5129 956 5183 collata
1004 5129 1259 5199 fuerunt;
1312 5134 1461 5204 quod
1498 5133 1553 5187 in
1585 5135 1775 5189 subse-

147 5225 453 5299 quentibus
482 5225 698 5295 plenius
728 5227 1106 5297 cxponemusj
1134 5228 1196 5280 At
1223 5243 1353 5282 vero
1391 5227 1650 5298 priefatus
1678 5244 1776 5282 an-

147 5324 309 5377 tistes
339 5322 624 5377 Odalricus
655 5337 752 5392 pro
783 5321 1013 5376 utilitate
1045 5323 1355 5378 commissae
1385 5323 1489 5377 sibi
1521 5322 1776 5377 Ecclesiae

148 5415 395 5470 fideliter
417 5413 705 5479 laboravit,
739 5413 1084 5484 maximeque
1109 5431 1208 5485 pro
1239 5414 1587 5469 restitutione
1622 5413 1777 5468 vallis

151 5509 502 5582 llodigionis,
536 5525 700 5578 qnam
736 5508 889 5580 llugo
930 5507 1076 5563 filius
1121 5510 1318 5583 Rogeri
1351 5509 1567 5564 comitis
1598 5507 1777 5562 Eccle-

148 5601 246 5657 sia:
297 5599 558 5655 Rcmcnsi
609 5599 930 5665 donaverat,
972 5601 1069 5653 sed
1107 5600 1332 5671 quidam
1392 5600 1776 5656 malefactores

1917 4266 2203 4330 ecurrente
2232 4259 2395 4330 vulgo
2427 4259 2820 4330 nuncupatam,
2847 4266 2903 4312 ut
2935 4260 2988 4313 in
3020 4259 3214 4330 eadem
3249 4261 3497 4316 Ecclesia

1875 4329 2050 4400 ipsius
2081 4329 2239 4384 bonae
2273 4329 2474 4384 indolis
2500 4329 2600 4383 viri
2623 4329 2921 4384 haberetur
2951 4329 3218 4384 memoria
3240 4331 3416 4385 ‘Unde
3445 4339 3501 4387 et

1877 4407 1999 4480 post
2043 4401 2163 4468 ejus
2194 4401 2397 4480 exitum
2429 4401 2655 4480 grandis
2698 4401 3196 4480 altercationhabita
3241 4409 3325 4480 est
3357 4401 3502 4480 inter

1877 4471 2051 4540 ipsam
2108 4471 2398 4525 ecclesiam
2434 4471 2486 4525 et
2541 4473 2807 4542 quosdam
2864 4471 3072 4542 praefati
3127 4471 3354 4526 illustris
3398 4473 3498 4528 viri

1878 4550 2187 4613 parentum.
2223 4543 2431 4607 Quibus
2459 4543 2817 4597 vehementer
2850 4544 3134 4597 resistente
3177 4543 3403 4597 domino
3435 4561 3500 4599 ac

1878 4613 2182 4668 venerabili
2219 4614 2471 4670 Odalrico
2503 4615 2768 4680 antistite,
2801 4630 2992 4669 eorum
3021 4615 3397 4668 controversia
3429 4617 3496 4668 ad

1879 4685 2109 4765 nihilum
2140 4686 2355 4766 redacta
2383 4686 2436 4766 in
2459 4677 2615 4766 nullo
2640 4677 2817 4756 potuit
2849 4683 3138 4766 proﬁcere.
3157 4686 3501 4766 Quapmpter

1879 4772 1986 4810 non
2013 4756 2286 4811 immerito
2311 4756 2427 4811 fieri
2459 4757 2622 4810 debet
2646 4755 2886 4821 eenseri,
2919 4773 2962 4809 sn
2995 4755 3141 4809 illius
3173 4755 3498 4826 cujusquam

1881 4827 2202 4900 prepaginis
2232 4828 2590 4898 petitionibus
2617 4827 3240 4900 accommodaturauris
3287 4827 3496 4900 Idcirco

1881 4897 2083 4952 notum"
2111 4899 2180 4952 sit
2221 4897 2481 4953 omnibus
2529 4900 2913 4964 praesentibus,
2967 4897 3176 4952 scilicet
3217 4913 3280 4951 ac
3306 4897 3500 4952 futuris

1881 4917 2069 4952 norum
2111 4917 2180 4952 sn.
2221 4917 2481 4953 ominous
2549 4917 2913 4964 iraesenunus,
2967 4917 3176 4952 SClllCCl
3217 4917 3280 4951 ac
3306 4917 3497 4952 llllurls

1879 4976 2080 5022 sancta:
2110 4969 2399 5023 llemensis
2429 4917 2684 5025 Ecclesiae
2725 4971 3027 5031 canonicis,
3061 4968 3366 5033 monachis,
3399 4968 3497 5022 lai-

1880 5040 1981 5102 cis,
2012 5040 2098 5112 vel
2163 5040 2465 5112 nobilibus,
2511 5041 2643 5111 quia
2691 5043 2863 5112 ipsius
2916 5036 3217 5095 venerandi
3248 5039 3494 5112 episcopi

1882 5110 2082 5183 neptis,
2117 5111 2339 5164 nomine
2373 5110 2578 5183 Emma,
2603 5110 2796 5167 arliens
2828 5113 3176 5183 praesentiam
3211 5110 3500 5183 praedicto-

1884 5197 2000 5235 rum
2031 5180 2278 5248 fratrum,
2308 5182 2463 5253 petiit
2493 5183 2596 5236 sibi
2631 5185 2744 5238 dari
2769 5180 3017 5238 eamdem
3039 5180 3365 5253 potestatem
3394 5182 3497 5236 sub

1880 5267 2051 5324 censu
2084 5253 2276 5324 decem
2309 5251 2611 5324 solidorum
2640 5255 2991 5310 denariorum
3023 5251 3076 5308 iu
3109 5253 3497 5324 Assumptione

1879 5323 1932 5376 S.
1976 5323 2154 5376 Mariae
2195 5323 2684 5393 persolvendorum
2733 5327 2953 5380 duobus
2982 5343 3156 5380 necne
3211 5323 3339 5378 tiliis
3397 5327 3494 5377 Ar-

1878 5393 2041 5468 nulfoi
2087 5394 2560 5468 etOdalricokut
2589 5397 2841 5468 quisquis
2871 5414 3059 5452 eorum
3103 5396 3298 5452 affectu
3354 5396 3492 5468 dile-

1877 5464 2075 5538 ctionis
2103 5465 2178 5538 illi
2229 5465 2576 5538 amicabilius
2608 5464 3081 5538 Vobtc‘mperaverit
3126 5468 3324 5523 diebus
3368 5467 3491 5520 vitze

1878 5552 2012 5598 suae,
2046 5537 2098 5590 in
2132 5537 2446 5591 haereditate
2476 5540 2774 5594 succedere
2797 5537 3016 5605 debeat,
3045 5541 3130 5595 his
3156 5541 3224 5594 ad
3251 5538 3494 5595 indomi-

1877 5613 2061 5660 natum
2115 5607 2499 5678 praedictorum
2573 5609 2797 5666 fratrum
2853 5611 3102 5679 retentis,
3162 5609 3490 5669 mansionile
