3972 6206
514 263 620 316 415

517 388 789 444 Sevivaldi
831 388 998 443 curtis
1043 395 1389 458 nuncupato,
1428 404 1552 443 cum
1608 388 1744 442 silva
1805 394 1859 442 et
1911 387 2139 442 dimidio

518 460 696 516 brolio
736 461 805 514 ad
844 460 1026 529 ipsum
1058 460 1399 529 aspiciente:
1444 460 1517 513 ita
1559 460 1867 525 duntaxat,,
1898 466 1959 513 ut
1990 458 2142 530 porci

521 531 575 602 iu
606 531 800 586 eodem
831 530 1166 602 mansionile
1190 531 1527 602 degentium,
1562 537 1615 585 ct
1638 530 1715 584 illi
1745 530 1839 602 qui
1862 545 2147 602 cumpor—

522 601 604 673 cis
634 602 1026 657 canonicorum
1058 599 1579 673 Altemensium,rqui
1606 608 1747 673 sunt
1768 599 1952 655 tamen
1987 599 2147 673 fami-

520 671 734 727 liarium
792 688 1003 735 eorum,
1054 671 1184 726 illuc
1238 673 1385 726 ducti
1449 671 1670 737 fuerint,
1728 672 1935 726 fructus
1979 672 2144 742 sylva:

519 743 843 814 depascant,
885 744 1205 797 hominibus
1239 758 1459 815 quoque
1500 751 1649 797 extra
1690 750 2014 813 potestatem
2047 743 2147 796 de-

558 815 778 869 entibus
813 832 825 868 :
876 815 945 868 de
989 815 1200 885 reliquo
1244 830 1373 885 vero
1404 814 1635 869 licenter
1686 814 1833 869 salva
1876 820 2143 884 potestate

540 889 725 940 accret
763 886 929 957 veluti
960 886 1046 957 de
1103 884 1344 957 proprio.
1404 885 1568 953 Cujus
1610 885 1866 940 voluntas
1914 884 2141 957 cumiin

517 957 668 1038 nullo
698 956 1387 1038 rationabiliterrefragari
1418 963 1623 1027 posset,
1653 957 1800 1038 quod
1833 956 2144 1038 postulabat

517 1027 756 1083 obtinuit
808 1028 1011 1081 factum
1044 1042 1173 1082 vero
1224 1027 1420 1081 litteris
1450 1027 1732 1081 memoriae
1769 1028 2012 1082 tradidit.
2042 1027 2141 1079 Ac-

521 1108 637 1154 tum
693 1098 885 1171 Remis
928 1114 1079 1171 anno
1122 1114 1220 1171 ixtv
1260 1098 1532 1171 gl.oth_ario
1583 1115 1733 1171 rege,
1791 1098 2144 1171 episcopatus

520 1170 711 1224 domui
758 1169 993 1223 Odalriei
1026 1168 1430 1239 archiepisc0pi
1490 1168 1671 1223 sexto?
1698 1170 1880 1235 Sancti
1911 1168 2144 1225 Odalrici

525 1240 929 1311 archiepisc0pi
960 1281 973 1305 ,
1042 1240 1200 1306 cujus
1238 1240 1460 1294 licentia
1516 1246 1677 1311 atque
1722 1256 1993 1294 consensu
2044 1240 2147 1293 hoc

522 1310 786 1381 scriptum
840 1310 1043 1381 factum
1096 1318 1199 1373 est,
1250 1326 1359 1380 quo
1417 1318 1470 1364 et
1518 1310 1639 1381 ipse
1697 1328 1862 1365 manu
1924 1311 2144 1381 prOpria

522 1380 787 1508 tfirmavit,
837 1380 1201 1453 manibusque
1233 1382 1500 1437 nobilium
1530 1380 1769 1437 virorum
1801 1380 2143 1438 corrOborari

544 1462 671 1508 cett.
719 1475 738 1502 ι

544 1462 671 1509 0οη.
719 1475 738 1502 ι

590 1579 817 1635 Ρι-αιΐειίο
868 1580 944 1634 Od
968 1581 1119 1635 tll‘lCO
1153 1588 1278 1653 post
1329 1587 1540 1651 septem
1574 1582 1817 1652 suscepti
1859 1581 2145 1656 regiminis

519 1686 696 1723 annos
728 1670 795 1723 ad
839 1677 1021 1739 patres
1067 1685 1198 1724 suos
1250 1670 1526 1740 apposito,
1572 1669 1807 1723 domnus
1852 1670 2139 1737 Adelbero,

520 1759 735 1813 Henrici
765 1759 983 1813 comitis
1031 1758 1195 1813 frater
1251 1758 1320 1813 de
1361 1767 1504 1812 terra
1562 1757 2023 1821 Lothariensium,
2072 1759 2138 1812 ad

520 1851 893 1923 pontificalem
936 1850 1275 1917 cathedram,
1330 1849 1517 1905 favore
1560 1856 1613 1903 et
1664 1850 2010 1921 providentia
2042 1850 2144 1906 Lo—

520 1944 682 1998 tharii
716 1942 882 2017 regis,
903 1949 1215 2013 assumptus
1237 1947 1336 1997 est.
1370 1941 1468 2006 Qui
1497 1941 1773 2012 siquidem
1804 1942 1889 1995 vir
1918 1942 2140 2009 nobilis,

520 2037 807 2091 honestate
839 2051 1053 2089 morum
1086 2035 1440 2105 conslticuus,
1474 2041 1527 2089 et
1558 2034 1948 2089 ecclesiasticis
1975 2036 2142 2089 disci-

521 2124 688 2195 plinis
710 2124 1010 2189 institutus,
1030 2124 1351 2199 religionem
1378 2123 1666 2178 Rcmensis
1696 2123 1957 2179 Ecclesiae
1977 2124 2141 2178 nimis

522 2222 849 2293 tepefactam
876 2223 929 2276 in
959 2222 1165 2277 bonum
1189 2222 1460 2292 reparavit
1490 2229 1713 2286 statum,
1733 2230 1787 2275 et
1813 2220 2144 2277 utilitatibus

522 2313 659 2369 inibi
693 2313 800 2367 Deo
854 2313 1211 2367 servientium
1269 2313 1563 2366 instantem
1605 2326 1830 2382 operam
1890 2310 2044 2363 dedit
2091 2316 2144 2363 et

522 2406 848 2476 impensam.
880 2406 973 2460 Hic
994 2406 1159 2459 etiam
1193 2404 1538 2459 Mosomcnse
1570 2402 1884 2458 czenobium
1917 2418 1946 2455 a
1975 2400 2142 2473 priori

525 2497 789 2573 dignitate
822 2497 1137 2569 prolapsum
1170 2497 1225 2550 in
1264 2496 1629 2551 monasticum
1671 2494 1920 2550 ordinem
1971 2491 2144 2547 refor-

525 2593 713 2659 mavit,
764 2592 1125 2663 ejusdemque
1166 2590 1576 2646 reformationis
1615 2598 1881 2651 tenorem,
1924 2601 1992 2641 ne
2049 2600 2148 2655 per

524 2682 881 2739 suceedcntia
908 2690 1153 2753 tempora
1174 2682 1575 2746 immutaretur,
1606 2677 1923 2748 hujusmodi
1956 2687 2147 2733 aucto-

529 2776 706 2833 ritatis
731 2791 844 2829 suae
875 2774 1162 2846 privilegio
1191 2771 1555 2829 conﬁrmavit.

596 2866 869 2923 Adalbero
946 2866 1133 2920 divina
1200 2864 1533 2937 propitiante
1588 2861 1884 2919 clementia
1948 2870 2150 2917 sanctae

526 2959 816 3016 Remensis
847 2958 1106 3014 Ecclesiae
1146 2958 1620 3028 archiepiscOpus.
1670 2956 1865 3011 Notum
1896 2953 2009 3020 fiat,
2042 2960 2146 3010 etc.

527 3054 759 3122 Reliqua
785 3052 910 3106 vide
938 3054 997 3106 in
1028 3052 1369 3108 Adalberone
1428 3050 1575 3104 Ent'r.
1611 3049 1841 3104 ΡΑτιιοι..

599 3141 769 3209 Hujus
795 3142 957 3197 etiam
998 3142 1362 3198 Adalberonis
1403 3150 1653 3214 tempore
1684 3141 1753 3195 de
1782 3138 1910 3195 villa
1940 3138 2148 3194 Vinde-

526 3230 677 3288 uissa
706 3230 851 3285 inter
879 3231 1165 3286 Manassen
1197 3232 1453 3287 comitem
1496 3238 1550 3285 et
1579 3228 1877 3285 canonicos
1908 3227 2146 3282 Remen-

528 3340 618 3380 ses
644 3326 938 3382 conventio
969 3325 1094 3381 talis
1133 3325 1272 3381 facta
1312 3325 1431 3381 fuit.

599 3478 625 3511 α
670 3463 728 3516 ln
777 3462 1003 3517 nomine
1047 3462 1239 3531 patris,
1300 3468 1354 3517 et
1399 3461 1540 3525 Filii,
1585 3468 1641 3517 et
1682 3460 1914 3531 Spiritus
1945 3461 2139 3515 sancti.

529 3532 725 3603 Notum
775 3533 868 3588 fiat
898 3531 1157 3589 omnibus
1209 3542 1317 3589 tam
1351 3532 1742 3603 praesentibus,
1786 3548 1949 3603 quam
1982 3531 2147 3586 etiam

531 3602 728 3684 futuris
768 3602 1047 3684 fidelibus,
1104 3604 1269 3684 quod
1295 3602 1572 3684 Manasses
1616 3602 2149 3684 miles’pot-estatem

531 3674 704 3747 illam,
736 3692 859 3747 quae
898 3676 1098 3731 dicitur
1123 3674 1480 3737 'Vindenissa,
1521 3674 1878 3747 arcanonicis
1901 3675 2145 3747 Remen-

535 3746 639 3818 sis
672 3744 951 3818 Ecclesiae,
1002 3747 1219 3801 favente
1273 3762 1495 3818 quoque
1545 3745 1750 3801 domno
1782 3744 2152 3818 AAdalberone

535 3817 971 3898 archipontifice,
1012 3825 1178 3898 totam
1220 3816 1353 3898 sibi,
1404 3832 1630 3898 suaeque
1670 3816 1890 3898 conjugi
1928 3817 2151 3898 Oidclaa,

539 3887 783 3970 exceptis
832 3890 997 3943 etiam
1030 3889 1297 3970 ccclesiis
1352 3887 1742 3943 canonicorum
1788 3887 1981 3970 usibus
2030 3888 2154 3956 jure

538 3959 769 4015 dominii
802 3960 1113 4031 reservatis,
1155 3960 1303 4014 salva
1340 3975 1518 4014 rerum
1559 3959 2013 4031 commutatione,
2056 3977 2156 4031 per

535 4031 838 4113 precariam
871 4030 1169 4086 efﬁcaciter
1204 4031 1525 4113 obtinuerit:
1562 4030 1721 4085 Dedit
1749 4030 1935 4111 itaque
1962 4030 2152 4113 contra

536 4101 683 4174 idem
717 4102 998 4157 Manasscs
1027 4102 1567 4174 competentimodg
1590 4101 1979 4174 canonicorum
2012 4103 2151 4174 parti

534 4173 797 4244 quicquid
855 4173 1171 4244 possidebat
1225 4174 1280 4227 in
1331 4173 1462 4228 villa
1529 4172 1842 4239 Tencauda,
1912 4172 2023 4228 hoc
2070 4180 2153 4228 est

533 4260 759 4300 mansos
782 4261 835 4299 ιχ
865 4254 920 4299 et
939 4245 1342 4309 molendinum,
1372 4244 1503 4299 etin
1525 4244 1788 4298 Verniaco
1815 4259 2038 4299 mansos
2056 4261 2149 4299 vui

536 4322 593 4377 et
620 4316 934 4380 dimidium,
966 4323 1021 4370 et
1051 4316 1104 4370 in
1134 4316 1261 4370 villa
1309 4315 1608 4371 Colummis
1635 4315 1771 4369 alias
1811 4315 1949 4371 duas
1981 4315 2035 4370 in
2068 4331 2151 4371 co-

537 4386 727 4441 mitatu
756 4387 1012 4442 Rcmensi
1061 4387 1233 4442 Aliam
1253 4395 1437 4442 autem
1452 4386 1635 4441 villam
1658 4386 1882 4441 nomine
1901 4386 2149 4454 Loeium,

538 4458 593 4512 in
634 4474 741 4530 qua
772 4460 1125 4513 continentur
1155 4458 1331 4513 mansi
1362 4476 1438 4513 vn
1470 4466 1525 4513 et
1554 4457 1839 4523 dimidius,
1872 4465 1927 4513 et
1955 4464 2146 4530 quarta

535 4545 666 4601 una,
720 4540 949 4601 excepto
998 4530 1393 4585 indominicato
1438 4545 1653 4596 mauso,
1694 4537 1750 4584 et
1785 4535 1976 4601 quarta
2027 4545 2149 4599 pars

538 4600 822 4672 Ecclesiae,
859 4600 1093 4672 pratum,
1140 4601 1515 4671 molendiqus,
1555 4608 1611 4656 et
1655 4601 1789 4655 silva
1820 4616 1942 4655 cum
1981 4616 2146 4655 man-

535 4671 699 4744 cipiis
754 4671 1041 4744 utriusque
1100 4688 1263 4744 sexus
1316 4687 1551 4744 numero
1606 4688 1724 4744 nm
1774 4672 1830 4744 in
1886 4672 2149 4744 comitatu

538 4742 841 4798 Catricensi
890 4742 1059 4814 super
1087 4743 1314 4799 ﬂuvium
1346 4744 1469 4797 Bair
1532 4742 1639 4814 Sed
1672 4749 1725 4796 et
1771 4742 1824 4796 iu
1854 4743 1984 4814 villa
2027 4759 2149 4814 qme

537 4814 740 4869 dicitur
766 4813 995 4880 Eceleis,
1024 4814 1163 4870 duas
1191 4821 1373 4885 partes
1403 4815 1481 4885 de
1511 4813 1767 4885 ecclesia,
1800 4820 1853 4868 et
1879 4813 2149 4885 quidquid

529 4885 674 4955 juris
706 4886 937 4941 habetur
986 4888 1039 4942 in
1072 4902 1157 4952 ea,
1186 4884 1365 4940 mansi
1409 4884 1620 4939 scilicet
1647 4901 1680 4938 v
1710 4884 1923 4955 pratum
1955 4884 2149 4952 unum,

537 4972 661 5011 cum
691 4958 851 5012 terris
888 4965 943 5014 et
967 4956 1259 5028 mancipiis
1300 4956 1585 5027 utriusque
1615 4970 1777 5028 sexus
1806 4956 1861 5009 in
1894 4956 2152 5028 comitatu

538 5028 796 5083 Porcensi
828 5047 842 5083 :
898 5046 962 5085 ea
989 5026 1245 5084 videlicet
1300 5026 1511 5083 ratione
1540 5026 1867 5082 altrinsecus
1908 5027 2148 5082 stabilita

541 5099 856 5172 hujusmodi
887 5100 1157 5172 precaria,
1188 5107 1247 5155 ut
1273 5100 1439 5155 iidem
1452 5098 1721 5172 canonici
1752 5114 1850 5169 pro
1870 5105 2146 5169 respectu,

541 5180 597 5225 et
643 5171 905 5228 vestitura
956 5172 1297 5229 Tencaudam
1351 5178 1406 5226 et
1451 5171 1777 5225 Varniacum
1834 5185 2000 5225 manu
2052 5186 2151 5225 sua

543 5248 787 5314 teneant,
808 5251 1008 5301 caetero
1028 5259 1160 5298 vero
1182 5252 1289 5298 tam
1314 5244 1454 5313 ipse,
1470 5258 1640 5314 quam
1656 5257 1763 5314 _sua
1784 5241 1984 5314 conjux
2013 5257 2153 5312 pra:-

543 5313 709 5380 dicta,
741 5330 863 5369 cum
914 5316 1106 5371 eadem
1139 5312 1408 5385 potestate
1434 5312 1785 5385 Vindonissa,
1818 5312 1872 5365 in
1903 5328 2003 5368 sua
2031 5320 2152 5366 tan-

544 5386 830 5442 tummodo
872 5387 981 5441 vita
1031 5384 1205 5441 libera
1247 5384 1503 5439 facultate
1558 5384 1662 5437 sibi
1704 5390 1939 5455 teneant
1990 5390 2153 5455 atque

546 5456 885 5521 possideant.
933 5458 1031 5513 Ubi
1086 5471 1219 5514 vero
1272 5455 1440 5510 rebus
1490 5454 1747 5509 humanis
1798 5454 2152 5522 excesserint,

546 5533 718 5601 totum
764 5526 894 5601 illud
920 5545 991 5601 rex
1018 5526 1554 5601 integroprsedium,
1597 5523 1845 5601 precario
1876 5524 2019 5601 datis
2047 5525 2157 5601 sci-

550 5593 678 5649 licet
705 5596 887 5663 rebus,
916 5593 1219 5656 inviolabili
1235 5593 1358 5665 jure
1383 5595 1519 5651 sorti
1547 5593 1936 5651 canonicorum
1954 5595 2159 5669 jugitcr

1372 263 1456 316 AD
1503 259 1862 316 HISTORIAM
1903 259 2231 315 REMENSIS
2272 258 2603 315 ECCLESl/E
2639 259 2989 315 APPENDIX.

3722 265 3804 320 H6

2165 392 2216 460 Α
2244 387 2669 463 adhazrentibus.
2704 388 2761 442 in
2818 403 3242 463 manus__eorum
3273 403 3374 459 pro
3426 389 3612 463 debito
3632 391 3804 463 legibus

2245 460 2313 513 ad
2342 459 2736 532 possidendum
2765 460 2974 532 redeat.
3008 460 3063 532 Si
3089 459 3214 530 quis
3240 476 3390 523 vero,
3420 461 3562 532 quod
3591 459 3705 516 fore
3719 477 3803 516 non

2243 530 2506 611 creditur,
2566 530 2975 611 precalrizenisti
3014 530 3070 586 in
3103 538 3386 611 posterum
3440 530 3803 611 ullatenus_ad-

2241 601 2447 673 versari
2471 600 2785 668 tentaverit,
2816 600 2894 673 illi
2925 600 3204 656 temeritas
3227 602 3388 655 stulta
3410 618 3623 673 prorsus
3646 604 3806 657 existat

2244 672 2426 726 inanis
2456 679 2511 726 et
2539 673 2712 738 irrita,
2735 679 2790 726 et
2814 671 2894 727 sic
2924 673 3041 727 haec
3070 673 3264 727 eadem
3291 671 3552 743 precaria,
3584 674 3805 741 majorum

2244 744 2569 817 auctoritate
2616 743 2916 817 constituta
2966 743 3234 817 legaliter,
3293 755 3512 817 maneat
3554 744 3738 817 stabilis
3766 753 3806 798 et

2245 813 2421 879 firma,
2481 814 2573 868 tali
2631 814 2890 869 videlicet
2937 813 3281 879 conditione,
3338 815 3383 869 si
3438 815 3527 869 ille
3578 815 3808 869 Manasses

2245 900 2441 940 omnes
2468 901 2556 939 res
2587 885 2708 940 illas
2746 901 2776 939 e
2824 892 3013 940 contra
3065 885 3307 940 redditas
3327 885 3449 952 jure
3480 886 3652 956 quieto
3677 885 3808 939 stabi-

2247 956 2372 1011 liter
2411 956 2695 1010 canonicis
2734 956 3087 1010 solidaverit:
3146 956 3390 1027 alioquin
3421 965 3511 1010 aut
3543 957 3622 1009 his
3648 956 3809 1010 similia

2246 1028 2459 1088 reddat,
2492 1036 2587 1082 aut
2627 1027 2911 1081 Remensis
2952 1027 3193 1082 Ecclesia
3231 1028 3379 1098 quod
3409 1044 3561 1081 suum
3601 1034 3675 1081 est
3693 1027 3809 1098 justc

2248 1099 2490 1169 recipiat.
2525 1100 2713 1153 Actum
2748 1098 2929 1152 Remis
2974 1099 3029 1153 in
3060 1099 3192 1153 sedc
3220 1097 3313 1152 vttt
3365 1098 3489 1153 ldus
3512 1097 3807 1160 Novembris,

2247 1185 2393 1224 anno
2424 1186 2493 1223 xx
2534 1176 2800 1240 regnante
2830 1170 3035 1242 domno
3078 1170 3331 1242 Lethario
3352 1186 3501 1242 grege
3530 1169 3808 1242 Francorum

2248 1257 2327 1307 n.,
2358 1242 2709 1311 episeOpatus
2759 1248 2943 1294 autem
2988 1240 3176 1295 domui
3215 1240 3569 1294 Adalberonis
3616 1257 3679 1295 tv.
3725 1240 3810 1311 D_o-

2246 1308 2409 1366 mnus
2481 1308 2751 1366 Adalbero
2807 1311 3162 1383 arcltiprmsul
3231 1311 3595 1382 subscripsit,
3644 1318 3692 1365 et
3740 1308 3810 1363 fir-

2244 1384 2427 1438 mavit.
2475 1407 2501 1429 »ο

2317 1495 2433 1550 Alia
2464 1510 2689 1566 quoque
2727 1493 3019 1549 conventio
3051 1494 3120 1548 de
3150 1492 3280 1549 villa
3325 1491 3548 1548 Virtutis
3586 1492 3711 1546 inter
3734 1490 3809 1545 lle-

2245 1586 2509 1641 ribertum
2552 1585 2807 1639 comitem
2860 1591 2915 1639 et
2952 1584 3251 1639 canonicos
3283 1583 3577 1638 Remenses
3603 1590 3808 1652 tempore

2167 1709 2216 1777 Β
2246 1677 2456 1748 prmfati
2489 1675 2853 1730 Adalberonis
2903 1675 3148 1731 stabilita
3200 1675 3518 1744 fuit.§;cujus
3569 1672 3807 1777 memoria,

2242 1785 2311 1823 ne
2331 1768 2489 1823 senio
2512 1775 2819 1839 temporum
2842 1766 3247 1834 obliteraretur,
3272 1767 3364 1821 tali
3387 1766 3582 1837 scripto
3602 1764 3810 1820 roborata

2241 1859 2360 1914 fuit.

2320 1998 2340 2024 ι
2385 1974 2445 2028 In
2484 1974 2709 2029 nomine
2742 1980 2943 2028 sanctae
2977 1981 3029 2028 et
3085 1972 3390 2029 individuae
3418 1971 3699 2042 Trinitatis,
3731 1982 3811 2042 ego

2243 2047 2429 2101 Leudo
2471 2046 2525 2099 S.
2564 2045 2858 2099 Remorum
2892 2045 3151 2099 Ecclesiaz
3191 2044 3538 2115 pmpositus,
3567 2040 3812 2115 omnisque

2243 2117 2493 2186 ejusdem
2557 2116 2660 2188 loci
2715 2116 3107 2171 canonicorum
3167 2112 3813 2188 c’ongregatio._Nolumus

2244 2183 2413 2243 latere
2470 2187 2715 2243 omnium
2773 2197 2878 2259 tam
2915 2183 3309 2259 _pragsentium'
3348 2183 3505 2257 quam
3558 2183 3811 2259 futurorum

2242 2259 2595 2323 industriam,
2622 2257 2882 2329 quoniam
2913 2254 3229 2329 Heribertus
3251 2254 3439 2311 comes
3467 2254 3813 2329 nostratium-

2244 2331 2414 2403 litatis
2444 2323 3042 2403 adiens-conspectum,
3064 2328 3222 2403 petiit
3248 2329 3368 2403 dari
3396 2326 3603 2403 a_nobis
3627 2323 3814 2403 sibine-

2246 2403 2344 2474 stri
2369 2402 2509 2470 juris
2538 2416 2657 2455 eam
2680 2472 2687 2474 _
2709 2416 2832 2471 quae
2863 2400 3218 2474 diciturvilla
3251 2399 3507 2474 Virtutis,
3526 2411 3671 2467 quam
3695 2399 3812 2474 .ipsc

2246 2473 2350 2527 sibi
2372 2468 2443 2527 ex
2479 2468 2804 2541 pervasione
2844 2470 3162 2525 vindicabat
3192 2487 3205 2522 :
3251 2486 3322 2525 ea
3350 2468 3595 2541 videlicet
3621 2468 3811 2526 ratione,

2246 2552 2306 2599 ut
2335 2560 2432 2615 pro
2461 2538 2861 2615 vestituinobis
2890 2542 2958 2615 ad
2992 2557 3238 2615 praesens
3272 2558 3340 2596 ex
3392 2556 3455 2595 ea
3503 2538 3813 2615 retineremus

2247 2612 2467 2670 mansos
2496 2614 2636 2667 duos
2677 2612 2992 2681 ingenuiles
3019 2619 3073 2666 et
3101 2612 3356 2675 vestitos,
3390 2621 3444 2666 et
3480 2624 3572 2681 pro
3600 2612 3815 2681 respectu

2249 2686 2532 2741 annuatim
2583 2677 2896 2754 persolvere
2930 2684 3124 2737 libram
3182 2699 3353 2737 unam
3385 2677 3711 2754 denariorum
3736 2677 3815 2754 lte-

2249 2757 2467 2830 mensis
2507 2744 2745 2830 monetae
2794 2755 3084 2810 festivitate
3135 2755 3313 2830 sancti
3356 2750 3579 2830 Remigii
3618 2744 3815 2830 .lialend.

2252 2827 2503 2883 Octobris
2535 2828 2590 2881 in
2621 2827 2823 2881 diebus
2862 2833 3068 2880 tantum
3102 2825 3226 2880 vitae
3278 2841 3412 2897 suae,
3443 2825 3657 2897 scelusis
3683 2832 3818 2897 uxore

2251 2916 2367 2961 sua.
2399 2908 2453 2952 et
2482 2897 2807 2964 infantibus,
2839 2897 3166 2967 cunctisque
3201 2896 3511 2967 haeredibus
3536 2892 3657 2949 suis.
3687 2890 3819 2967 cujus

2253 2970 2507 3042 petitioni
2568 2969 2813 3042 faventes
2846 3010 2860 3035 ,
2919 2984 3041 3042 cum
3078 2965 3248 3042 omni
3303 2965 3528 3023 consilio
3565 2970 3630 3042 _ct
3674 2966 3816 3021 voto,

2254 3036 2639 3097 concessimus
2677 3040 2755 3095 illi
2798 3038 3077 3110 praefatam,
3126 3039 3340 3104 villam,
3380 3036 3664 3110 secundum
3703 3046 3819 3110 pre:

2252 3114 2509 3184 scriptam
2544 3112 2612 3165 ab
2644 3100 2823 3184 eoque
2851 3109 3276 3184 determinatam
3324 3100 3597 3184 rationem.
3628 3100 3820 3184 Quodsi

2168 3174 2217 3242 C
2248 3184 2315 3239 de
2344 3174 2516 3257 censu
2540 3174 2832 3257 negligens
2863 3180 3158 3257 exstiterit,
3192 3189 3251 3236 et
3278 3180 3563 3257 emendare
3592 3174 3816 3257 renuerit,

2247 3248 2651 3328 usumfructutn
2683 3248 2913 3308 amittat.
2954 3252 3028 3328 _Et
3056 3258 3116 3306 ut
3143 3253 3399 3328 securius
3438 3252 3488 3305 in
3515 3248 3695 3328 diebus
3718 3248 3817 3328 vita

2247 3342 2360 3382 suae
2389 3325 2643 3397 praefatas
2693 3322 3116 3397 respossidere
3135 3324 3338 3387 valeat,
3387 3328 3528 3397 post_
3554 3319 3815 3397 discessum

2246 3414 2378 3453 vero
2389 3389 2523 3466 ’ejus
2546 3389 2998 3467 praenominatam
3027 3393 3212 3467 villam
3247 3410 3368 3449 cum
3389 3389 3531 3467 omni
3553 3389 3816 3467 integritate

2249 3464 2454 3524 nostris
2497 3464 2688 3523 usibus
2718 3466 2964 3537 recipere
3003 3464 3597 3537 valeamus,saneitum
3630 3464 3817 3537 estnon

2250 3540 2430 3596 solum
2475 3555 2505 3593 a
2534 3537 2718 3603 nobis,
2748 3525 2940 3591 verum
2997 3536 3161 3609 etiam
3203 3525 3419 3609 abillo.
3465 3540 3523 3588 ut
3548 3544 3701 3609 super
3734 3525 3817 3609 hoc

2249 3611 2474 3684 negotio
2504 3596 2837 3684 faceremus
2864 3623 2990 3663 cum
3032 3607 3401 3684 chirographo
3436 3596 3714 3684 mentionis

2251 3676 2482 3749 cretum,
2512 3680 2782 3735 addentes
2825 3678 3074 3748 insuper,
3095 3685 3174 3749 _ut
3191 3676 3268 3733 'si
3293 3676 3305 3678 ⁷
3324 3676 3574 3749 quaelibet
3594 3680 3817 3749 _persona

2255 3762 2381 3825 post
2422 3741 2687 3825 vi'taagsuee
2719 3741 3016 3825 terminum
3061 3741 3299 3825 aliquam
3332 3741 3487 3825 nobis
3531 3741 3818 3825 infcrrcrco-

2255 3809 2415 3880 natus
2429 3823 2597 3879 fuerit
2617 3820 3062 3893 inquietudinem
3085 3809 3169 3873 vel
3200 3819 3543 3893 injustitiam,
3563 3809 3820 3893 submitte-

2254 3877 2536 3960 dictionis,
2568 3902 2623 3949 et
2660 3877 3024 3947 anathematis
3061 3877 3621 3963 excommunicatier
3651 3877 3821 3963 insolu-

2255 3968 2438 4023 biliter
2462 3957 2755 4023 adstrictus
2779 3963 3094 4033 damnetur,
3128 3960 3244 4030 fiat,
3275 3962 3388 4029 fiat,
3422 3959 3530 4033 fiat2
3558 3957 3609 4013 S.
3639 3957 3819 4033 sigon“)

2252 4038 2471 4095 Domini
2492 4036 2501 4053 '
2525 4034 2885 4090 Adalberonis
2940 4023 3347 4106 archi'cpiscOpi
3376 4023 3745 4087 confirmantis
3778 4023 3820 4072 et

2252 4107 2650 4167 consentientis
2713 4130 2739 4153 ιο

2324 4226 2455 4282 Cum
2506 4224 2672 4299 igitur
2726 4227 3178 4294 praememoratus
3233 4220 3500 4276 Adalbcro
3528 4215 3814 4270 Remensem

2252 4323 2535 4381 direcesim
2564 4337 2663 4392 per
2690 4318 2882 4375 decem
2909 4325 2963 4374 et
2989 4334 3186 4374 novem
3219 4334 3399 4373 anttos
3425 4313 3643 4370 viriliter
3655 4304 3820 4383 guber-

2254 4422 2462 4485 nasset,
2495 4422 2549 4471 et
2592 4414 2838 4469 honestae
2870 4411 3308 4495 conversationis
3337 4410 3456 4479 ejus
3493 4407 3633 4461 bona
3660 4395 3819 4471 opinio

2166 4494 2226 4565 D
2254 4515 2686 4583 circumquaque
2722 4493 3145 4575 diffunderetur,
3187 4506 3256 4562 ad
3299 4504 3546 4561 ultimum
3575 4493 3819 4554 confectus

2250 4607 2407 4663 senio
2449 4605 2556 4660 ﬁne
2606 4603 2753 4659 bono
2785 4602 2929 4657 diem
2988 4602 3241 4656 ultimum
3288 4598 3499 4663 clausit,
3548 4596 3817 4662 corpusque

2250 4699 2369 4767 ejus
2420 4696 2478 4751 in
2505 4693 2740 4751 ecclesia
2776 4692 2992 4763 majori,
3050 4692 3154 4748 sub
3183 4688 3341 4747 altari
3372 4685 3515 4759 quod
3558 4683 3610 4737 in
3639 4680 3815 4767 honore

2249 4765 2453 4846 sanctae
2483 4787 2661 4843 crucis
2714 4791 3091 4842 consecratum
3143 4789 3226 4838 est
3270 4778 3556 4851 sepulturae
3597 4765 3813 4862 traditum

2252 4885 2354 4942 fuit
2380 4903 2395 4952 ;
2436 4883 2592 4956 cujus
2617 4880 2964 4952 epitaphium
2991 4879 3048 4933 in
3078 4876 3268 4932 tabulo
3290 4888 3434 4931 aerea
3458 4866 3641 4926 litteris
3666 4868 3818 4917 aureis

2253 4981 2616 5052 descriptum,
2647 4977 2754 5032 tale
2776 4975 2957 5031 adhuc
2986 4977 3290 5046 permanet.

2310 5117 2598 5171 Contulerat
2631 5121 2813 5165 natura
2844 5124 3043 5175 parens,
3075 5118 3414 5175 qum_summa
3432 5095 3634 5175 putavit.

2314 5161 2862 5233 XH'itIéEit'i'cﬁtiniium‘
2888 5173 2995 5231 tibi,
3023 5161 3203 5233 ρτέθειιι
3226 5161 3497 5233 _Adalbero,
3520 5171 3630 5233 eum
3648 5161 3690 5202 te

2312 5222 2851 5295 iiFm'sTtItiiéxh'cTtﬁlviig
2870 5222 3165 5285 mortalibus
3193 5229 3398 5295 abstulit
3428 5222 3549 5275 orbi.

2312 5291 2496 5368 Quinta
2515 5304 2623 5354 dies
2643 5299 2900 5352 fundentis
2929 5311 3084 5363 aquas
3107 5309 3220 5345 cum
3247 5291 3463 5359 pondere
3492 5292 3661 5337 rerum-

2254 5411 2366 5466 Nec
2416 5403 2861 5480 prietereundum
2890 5416 3018 5457 reor
3067 5398 3216 5471 quod
3242 5393 3392 5451 omni
3424 5403 3564 5447 anno
3606 5381 3713 5437 dies
3729 5372 3813 5480 der

2255 5477 2553 5559 functionis
2579 5502 2697 5571 ejus
2724 5495 3116 5556 venerabiliter
3136 5489 3410 5554 recolitur,
3435 5492 3488 5539 et
3510 5477 3817 5571 etet-mos???

2259 5593 2439 5666 panis,
2470 5599 2525 5649 et
2555 5567 2667 5647 vini
2707 5588 2930 5661 ecpiosa
2977 5581 3315 5658 pauperibus
3343 5570 3686 5633 distribuitur,
3714 5567 3815 5629 qua?
