3972 6206
173 322 293 375 417

911 322 1273 379 FLODOARDI
1316 324 1616 380 CANONICI
1660 325 1988 381 REMENSIS
2029 328 2345 383 ANNAI.ES.
2380 359 2447 368 —
2489 327 2810 383 MONITUM.

3421 328 3525 384 418

171 449 541 519 eleemosyna
605 448 932 505 Mandatum
996 451 1357 507 Adalberom‘s
1420 463 1769 524 nuncupatur
1792 494 1805 507 .
1833 466 1885 529 Α
1912 474 2062 512 mera
2094 458 2349 513 frumenti
2382 476 2452 525 1v,
2486 459 2553 513 de
2610 459 2808 513 horreo
2859 456 3254 512 indominicato
3284 474 3523 514 annona:

172 542 485 595 Sciendum
517 556 740 612 quoque
792 549 873 596 est
905 543 1184 612 quomodo
1246 544 1404 599 istius
1434 544 1803 615 eleemosynze

174 644 442 707 sumptus
474 646 818 707 praeparetur
850 654 863 691 :
897 638 1154 693 videlicet
1202 639 1270 693 de
1292 641 1456 694 domo
1490 657 1611 711 quae
1637 656 1807 696 voca-

176 736 276 783 tur
308 728 589 800 Hospitale
622 745 928 799 pauperum
972 746 1209 786 annona:
1250 732 1467 787 sextarii
1514 749 1584 799 ιν,
1618 732 1688 788 de
1718 748 1813 788 ca-

1912 546 2130 601 modius
2162 564 2324 613 unus,
2358 554 2411 601 et
2435 547 2620 601 vinum
2654 548 2801 618 quod
2833 546 3090 602 sulliciat.

1988 642 2151 696 Plura
2218 658 2322 695 non
2376 647 2528 695 erant
2583 644 2643 694 in
2670 641 2848 695 codice
2886 642 3209 707 Igniucensi,
3244 642 3383 695 unde
3418 643 3527 696 haec

2510 735 2761 799 excerpta
2783 735 2927 785 sunt.

860 1058 1842 1200 FLODOARDI
1980 1058 2851 1201 ANNALES.

1354 1323 1582 1401 (Pertz,
1631 1324 1897 1383 Monum.
1950 1324 2142 1382 Germ.
2195 1320 2381 1399 Hist.)

517 1566 646 1648 DE
704 1568 1001 1651 LIBRO
1064 1572 1745 1669 SUBSEQUENTI
1806 1575 2371 1657 ADMONITIO
2435 1577 2564 1655 AD
2630 1575 3194 1658 LECTUREM.

268 1918 559 1975 Remensis
590 1918 829 1973 Ecclesia
893 1921 1361 1991 quemadmodum
1417 1923 1619 1978 saeculo
1662 1938 1809 1978 nono
1840 1922 2205 1995 BRatherius
2252 1920 2582 1976 Veronensis
2638 1919 2933 1990 episcopus
2990 1918 3189 1972 librum
3240 1933 3404 1988 quem
3460 1918 3534 1976 De

183 2009 548 2063 Hincmarum
587 2008 1089 2080 archiepispopum,
1147 2011 1219 2065 ita
1270 2012 1486 2067 decimo
1546 2013 1809 2067 Flodoar-

182 2101 325 2155 dum
363 2102 437 2170 (1)
478 2101 858 2171 presbyterum
900 2108 954 2157 et
984 2102 1277 2158 Richerum
1320 2106 1652 2159 monachum
1681 2106 1817 2159 insi-

183 2206 337 2265 gnes
387 2189 740 2244 historiarum
797 2190 1095 2260 scriptores
1156 2192 1351 2247 edidit.
1420 2194 1655 2257 Quorum
1724 2194 1815 2249 ille

186 2296 345 2336 anno
374 2280 475 2335 793
505 2282 588 2335 vel
628 2280 733 2335 894
780 2280 856 2351 (2)
889 2281 1166 2351 Sparnaco
1224 2284 1289 2353 (3)
1350 2284 1478 2339 villa
1508 2286 1816 2340 diceceseos

186 2373 489 2428 Remensis
543 2380 724 2439 natus,
759 2379 814 2427 et
879 2373 933 2427 in
994 2374 1186 2429 schola
1225 2375 1481 2430 Remensi
1511 2393 1542 2430 a
1574 2376 1815 2432 Fulcone

182 2466 451 2521 restituta
476 2465 671 2520 litteris
702 2466 968 2531 imbutus,
1002 2466 1070 2519 ab
1118 2467 1361 2523 Herivazo
1391 2468 1810 2539 archiepisc0po

182 2559 347 2614 clero
381 2558 635 2613 Ecclesiae
667 2558 951 2612 Remensis
980 2558 1268 2630 ascriptus,
1303 2559 1579 2631 bonisque
1610 2561 1813 2616 ditatus

184 2656 280 2705 est
311 2651 401 2717 (4).
444 2649 593 2704 Circa
640 2650 893 2722 quintum
954 2661 1009 2707 et
1051 2652 1370 2707 vicesimum
1404 2653 1577 2708 aetatis
1607 2669 1809 2707 annum

184 2736 365 2792 rebus
395 2738 635 2808 publicis
664 2740 911 2794 animum
942 2740 1228 2795 advertere
1270 2741 1435 2811 cmpit
1488 2742 1580 2811 (5),
1632 2749 1691 2796 ut
1749 2757 1814 2795 ex

185 2829 492 2895 Annalium
524 2830 702 2895 initio,
746 2846 884 2903 quos
948 2832 1075 2886 inde
1133 2832 1201 2885 ab
1233 2847 1379 2887 anno
1408 2832 1513 2888 919
1552 2848 1729 2904 usque
1748 2833 1815 2887 ad

188 2938 290 2977 an.
322 2922 429 2977 966
458 2922 731 2992 produxit,
785 2924 1063 2992 conjicere
1094 2924 1238 2979 licet.
1299 2923 1452 2978 Certe
1483 2924 1550 2977 ab
1586 2940 1653 2979 eo
1686 2925 1817 2979 inde

192 3018 452 3080 tempore
473 3010 908 3081 archiepiscopis
926 3012 1288 3067 Remensibus
1329 3012 1594 3078 Herivzeo,
1631 3012 1817 3067 Sculi'o

192 3111 254 3157 et
284 3102 511 3158 Artoldo
542 3103 701 3157 valde
756 3112 1014 3175 acceptus
1055 3103 1158 3158 fuit
1214 3109 1267 3157 et
1320 3103 1486 3159 rebus
1505 3120 1694 3159 eorum
1724 3120 1820 3177 ge-

191 3196 391 3252 rendis
421 3196 702 3251 adhibitus
732 3204 834 3252 est.
869 3198 1023 3252 Anno
1050 3197 1154 3251 924
1219 3196 1462 3251 Seulfum
1504 3196 1818 3265 comitatus,

193 3286 485 3357 colloquio
518 3285 731 3341 Rodulﬁ
764 3285 910 3360 regis
928 3293 982 3341 et
1011 3286 1249 3357 Hugonis
1280 3286 1576 3341 Provinciae
1604 3287 1821 3341 comitis

194 3393 325 3432 cum
377 3376 674 3431 Wilhelmo
717 3376 1110 3447 Aquitanorum
1169 3376 1419 3446 principe
1461 3376 1515 3429 in
1545 3377 1819 3431 territorio

192 3465 688 3537 Augustodunensi
720 3464 908 3520 habito
940 3463 1186 3519 interfuit
1233 3465 1326 3532 (6).
1385 3466 1539 3519 Anno
1561 3466 1816 3534 sequenti

195 3553 391 3609 Seulfo
442 3554 551 3609 vita
600 3552 885 3619 defuncto,
944 3554 1266 3608 Heribertus
1311 3553 1817 3608 Veromanduorum

196 3659 391 3700 comes
425 3643 710 3717 Hugonem
741 3641 968 3697 filiolum
998 3658 1372 3698 successorem
1429 3643 1480 3697 ei
1538 3643 1819 3713 imposuit,

197 3752 515 3808 omnesque
542 3736 635 3807 qui
693 3735 984 3791 conatibus
1022 3735 1136 3790 suis
1176 3742 1384 3791 tantum
1418 3752 1526 3791 non
1557 3735 1823 3809 suifraga-

198 3838 396 3886 rentur
432 3870 446 3895 ,
512 3827 797 3884 beneficiis
850 3828 1262 3899 possessionum
1325 3828 1820 3884 ecclesiasticarum

198 3919 441 3991 privavit
467 3919 567 3989 (7).
593 3918 736 3982 Quos
768 3918 915 3973 inter
966 3926 1022 3973 et
1078 3919 1415 3974 Flodoardus
1460 3920 1659 3989 injuria
1692 3919 1825 3975 affe-

198 4017 345 4072 ctus,
416 4008 680 4061 adversas
737 4007 940 4062 deinde
995 4014 1180 4077 partes
1242 4016 1587 4073 secutusest,
1656 4017 1822 4081 atque

198 4100 430 4155 Artoldo
496 4099 911 4170 archiepiscopo
976 4116 1005 4154 a
1074 4100 1308 4157 Rodulfo
1363 4117 1491 4176 rege
1545 4102 1599 4155 in
1644 4102 1823 4157 locum

203 4187 378 4242 Seulti
434 4187 730 4261 subrogato
781 4187 1031 4242 adhaesit.
1088 4187 1357 4243 Proximis
1386 4189 1549 4243 annis
1580 4189 1824 4245 carmine

204 4282 434 4335 heroico
473 4280 602 4334 Jesu
636 4280 831 4336 Christi
889 4287 1315 4353 sanctorumque
1335 4288 1390 4336 et
1421 4282 1587 4337 Italiae
1618 4289 1825 4353 marty-

204 4390 331 4427 rum
354 4373 666 4443 triumphos
732 4372 1029 4427 celebravit
1089 4373 1179 4442 (8),
1236 4373 1440 4428 additis
1496 4373 1823 4444 pontificum

206 4464 583 4519 Romanorum
624 4478 801 4533 usque
849 4462 917 4515 ad
971 4478 1067 4517 sua
1125 4468 1373 4533 tempora
1421 4464 1612 4537 gestis,
1646 4479 1826 4535 eoque

1919 2011 2110 2065 exsilio
2141 2026 2240 2065 suo
2271 2010 2588 2079 scripserat,
2613 2008 2662 2063 ei
2714 2023 2934 2079 quoque
2961 2007 3321 2075 judicandum
3354 2015 3532 2061 trans-

1917 2098 2159 2152 mitteret
2189 2100 2284 2169 (9).
2321 2099 2473 2152 Anno
2496 2098 2599 2151 936
2630 2098 2715 2152 vel
2748 2097 2992 2167 proxime
3018 2096 3381 2167 sequentibus
3403 2094 3533 2164 (10),

1917 2184 2145 2240 dubium
2178 2202 2246 2239 an
2281 2201 2377 2256 pro
2418 2184 2658 2257 negotiis
2703 2186 2816 2239 suis
2858 2185 3181 2239 Ecclesiaave
3223 2183 3531 2250 Remensis,

1916 2278 2142 2333 Romam
2175 2278 2329 2343 adiit,
2383 2278 2475 2331 ubi
2498 2294 2529 2331 a
2557 2277 2741 2332 Leone
2788 2277 2877 2331 Vll
2912 2292 3052 2347 papa
3098 2275 3340 2350 benigne
3372 2292 3536 2329 exce-

1918 2379 2042 2440 ptus
2067 2370 2291 2441 votique
2350 2370 2437 2424 sui
2468 2385 2696 2440 compos
2746 2369 2919 2423 factus
2958 2376 3125 2439 atque
3156 2368 3211 2420 in
3245 2367 3537 2437 presbyte-

1914 2480 2032 2519 rum
2057 2470 2341 2533 promotus
2366 2472 2451 2517 est
2480 2464 2610 2534 (11).
2646 2464 2704 2517 in
2735 2462 2963 2533 patriam
3012 2461 3185 2515 redux
3218 2460 3379 2530 Operi
3427 2461 3536 2513 he-

1914 2556 2061 2611 roico
2092 2554 2694 2625 tinemimposuit(12).
2727 2557 2883 2608 Anno
2923 2553 3030 2609 916
3083 2568 3275 2607 mense
3320 2551 3538 2606 Octobri

1914 2644 2183 2699 orationis
2240 2644 2416 2718 gratia
2472 2643 2784 2713 sepulcrum
2844 2641 3017 2695 sancti
3080 2640 3295 2694 Martini
3358 2639 3536 2695 visere

1917 2740 2328 2811 disposuit,sed
2360 2740 2505 2810 apud
2538 2739 2883 2792 Heribertum
2909 2736 3168 2791 comitem
3206 2736 3345 2791 clam
3373 2752 3542 2791 accu-

1917 2840 2090 2897 satus,
2118 2833 2268 2904 qnod
2295 2840 2486 2886 contra
2530 2846 2655 2885 eum
2686 2830 2769 2885 vel
2804 2827 2977 2883 ﬁlium
3010 2829 3131 2897 ejus
3170 2834 3317 2882 esset
3346 2827 3537 2898 profe-

1920 2928 2128 2989 cturus,
2160 2938 2284 2977 cum
2311 2920 2622 2995 Hugonisin
2653 2925 2833 2990 partes
2861 2919 3096 2973 transire
3126 2926 3384 2972 renueret
3407 2916 3537 2985 (13),

1919 3012 2119 3067 ablatis
2140 3013 2306 3068 rebus
2336 3029 2475 3083 quas
2507 3012 2575 3066 de
2606 3012 2928 3083 episcopatu
2963 3009 3218 3064 Remensi
3249 3008 3543 3063 tenebatet

1920 3105 2157 3161 ecclesia
2184 3122 2283 3160 sua
2334 3105 2392 3158 in
2443 3104 2823 3170 Culmisciaco,
2872 3102 3137 3157 custodia:
3174 3102 3408 3156 traditus
3438 3109 3542 3155 est.

1923 3198 2032 3252 Nec
2054 3197 2159 3251 nisi
2194 3205 2316 3267 post
2335 3197 2581 3268 quinque
2613 3211 2857 3260 menses,
2900 3194 2990 3248 die
3019 3195 3089 3247 25
3116 3194 3547 3259 Martiian.911,

1920 3292 2229 3345 libertatem
2262 3290 2627 3361 recuperavit.
2659 3291 2789 3343 Tum
2829 3289 2881 3342 in
2906 3288 3118 3357 synodo
3150 3286 3539 3341 Suessionensi

1842 3398 1890 3466 ρ
1920 3384 1987 3437 ah
2019 3384 2245 3455 Hugonc
2289 3382 2535 3453 principe
2573 3380 2786 3454 Hugoni
2828 3379 3248 3450 archiepiscOpo
3281 3378 3544 3433 commis-

1918 3491 2031 3541 sus,
2062 3474 2352 3529 ecclesiam
2384 3472 2546 3525 aliam
2585 3471 2795 3525 scilicet
2846 3478 3052 3524 sanctae
3105 3470 3284 3524 Mariae
3322 3470 3373 3523 in
3409 3469 3539 3523 Col-

1919 3564 2063 3629 rido,
2095 3570 2259 3633 atque
2290 3568 2491 3616 terram
2525 3560 2727 3629 injuste
2746 3566 2989 3629 ereptam
3011 3560 3236 3630 recepit
3268 3561 3404 3629 (14).
3429 3559 3537 3613 Sed

1923 3662 2115 3726 postea
2145 3653 2309 3708 etiam
2342 3651 2565 3706 Artoldo
2594 3650 2651 3704 in
2682 3649 2871 3704 sedem
2894 3665 3050 3703 suam
3083 3650 3337 3703 restituto
3382 3648 3546 3715 fidus,

1926 3762 2051 3801 eum
2083 3744 2137 3799 in
2170 3744 2409 3819 negotiis
2437 3742 2687 3799 ecclesiae
2711 3741 2940 3816 agendis
2971 3748 3079 3793 tam
3107 3740 3254 3794 domi
3297 3756 3464 3811 qnam
3490 3740 3549 3795 in

1927 3837 2293 3894 conventibus
2332 3836 2642 3907 principum
2698 3841 2751 3889 et
2790 3833 3016 3905 synodis
3073 3833 3284 3902 adjuvit
3315 3832 3438 3901 ;cui
3470 3834 3550 3887 rei

1927 3943 1994 3982 eo
2026 3926 2202 4000 magis
2225 3926 2459 3981 idoneus
2497 3925 2808 3991 videbatur,
2865 3923 3015 3994 quod
3046 3920 3271 3977 archivo
3303 3920 3552 3977 ecclesiae

1929 4018 2258 4088 prazpositus
2297 4024 2413 4072 erat
2468 4018 2599 4086 (15η.
2660 4018 2815 4070 Anno
2875 4014 2980 4069 918
3030 4013 3242 4085 synodo
3274 4012 3557 4085 lngelhei-

1926 4110 2105 4163 mensi
2141 4108 2407 4173 interfuit,
2444 4106 2536 4160 ubi
2572 4105 2877 4160 illustribus
2907 4105 3039 4159 viris
3071 4100 3554 4174 compluribusin-

1930 4201 2130 4265 notuit,
2159 4215 2333 4271 eaque
2358 4208 2597 4271 peracta,
2624 4217 2688 4254 ex
2702 4200 2929 4254 decreto
2964 4215 3154 4272 regum
3178 4214 3303 4253 cum
3328 4197 3552 4253 Artoldo

1925 4292 2071 4363 apud
2122 4292 2443 4346 Rotbertum
2495 4291 2877 4345 'l‘revirensem
2942 4289 3421 4359 archiepiscopum
3453 4304 3552 4358 per

1926 4389 2163 4454 quatuor
2187 4382 2566 4436 hebdomadas
2621 4381 2847 4446 mansit,
2914 4396 3037 4435 cum
3094 4395 3239 4435 anno
3294 4379 3557 4450 proxime

1929 4474 2200 4546 praeterito
2231 4474 2299 4528 ab
2341 4474 2563 4529 Artoldo
2596 4473 2797 4528 missus
2857 4473 2988 4543 (16),
3025 4489 3146 4527 cum
3195 4472 3393 4527 Ottone
3425 4488 3556 4545 rege

205 4552 415 4606 famam
446 4551 551 4606 Sibi
582 4551 728 4621 ³1)οά
769 4558 987 4607 exteros
1041 4552 1203 4607 etiam
1264 4553 1624 4623 οοτηΡῖιῐἯνίῐ»
1656 4554 1731 4608 ita
1770 4560 1830 4609 ιιι
1930 4579 1985 4627 et
2015 4570 2261 4626 Conrado
2293 4571 2433 4626 duce
2470 4570 2641 4643 Aquis
2672 4584 2769 4641 pro
2795 4568 2962 4624 rebus
2988 4568 3554 4625 EcclesiaaRemensis

283 4678 357 4749 (1)
400 4678 757 4745 Flodoardus,
799 4678 943 4732 haud
996 4678 1362 4745 Frodoardus,
1396 4679 1720 4733 scribendus
1752 4688 1834 4735 est

2005 4681 2079 4748 (7)
2101 4682 2240 4735 Ann.
2277 4697 2365 4735 an.
2387 4680 2519 4735 923.

210 4723 618 4824 ex‘e/pitaphio,
646 4723 788 4824 tum
821 4766 885 4824 ex
943 4749 1239 4824 codicibus
1266 4723 1551 4824 nonnullis
1582 4750 1829 4824 Historia
1855 4723 1911 4792 D
2114 4752 2372 4808 Codicem
2401 4752 2590 4824 aperis
2622 4767 2791 4824 unum
2826 4754 3065 4810 Roberto
3112 4750 3424 4807 Trevirensi
3450 4766 3549 4824 ar-

214 4822 528 4888 Remcnsis,
566 4820 659 4891 qui
686 4821 973 4875 Floardum
1020 4821 1361 4887 abbreviant,
1394 4821 1584 4875 codice
1616 4822 1827 4891 optimo

1932 4823 2573 4905 Ehiepjscqu-‘tradidit,
2602 4823 2833 4905 alterum
2866 4828 2984 4897 ipse
2999 4825 3240 4905 fortasse
3296 4823 3549 4905 ecclesiae

212 4893 507 4946 Annalium
545 4894 612 4946 ad
643 4908 732 4945 an.
757 4892 882 4956 963,
908 4893 1166 4960 Richero,
1200 4901 1253 4946 et
1285 4892 1611 4946 Kalendario
1642 4903 1830 4947 vetere
1932 4895 1985 4948 S.
2018 4892 2234 4949 Julianii
2273 4895 2607 4949 Turonensis
2660 4892 2939 4958 intulerat,
2999 4898 3052 4951 in
3105 4895 3251 4950 Actis
3302 4894 3395 4950 SS.
3452 4894 3553 4949 Mai

212 4964 269 5017 S.
294 4964 472 5018 Mariae
496 4963 785 5018 Remensis
819 4981 831 5027 ;
864 4963 984 5033 ipse
1046 4964 1299 5017 avunculi
1360 4964 1549 5017 matris
1592 4979 1703 5018 suae
1733 4980 1833 5019 no-

210 5052 343 5089 men
376 5034 473 5088 lib.
520 5052 577 5101 n,
611 5050 659 5096 c,
687 5036 739 5100 3,
788 5034 1108 5089 Flavardum
1161 5035 1369 5090 scribit.
1411 5035 1673 5089 Caeterum
1703 5036 1832 5089 Fro-

211 5106 456 5161 doardus
488 5107 649 5176 plane
684 5106 854 5173 idem,
885 5116 939 5160 et
970 5115 1265 5178 utrumque
1296 5123 1360 5161 ex
1390 5105 1830 5162 Chlodouvaldus

212 5185 551 5247 cormptum‘
578 5184 681 5230 est.

288 5250 361 5313 (2)
385 5240 468 5302 Ἐκ
499 5240 695 5302 Annal.
730 5264 818 5302 an.
861 5248 986 5305 962.

288 5321 361 5389 (3)
395 5319 650 5389 Epitaph,
685 5319 966 5375 Gallicum.

310 5393 363 5462 4)
402 5390 827 5462 Hist._Remens.
867 5408 938 5454 iv,
964 5390 1052 5443 13.

309 5458 362 5527 5)
418 5464 499 5516 Ita
552 5460 719 5516 fuisse
782 5462 1038 5529 conjieio,
1092 5476 1215 5515 cum
1257 5461 1301 5515 si
1357 5476 1467 5515 non
1525 5458 1839 5516 scribendis

212 5531 544 5597 Annalibus,
585 5539 640 5585 at
696 5543 843 5587 certe
902 5532 1411 5604 enotandisrebus
1463 5531 1637 5604 gestis
1691 5532 1841 5588 circa

217 5620 419 5660 annum
452 5605 561 5661 919
594 5619 816 5658 manum
849 5604 1159 5659 admovisse
1186 5603 1453 5658 videatur.

286 5678 363 5748 (6)
385 5678 529 5731 Ann.
571 5688 661 5727 an.
695 5676 817 5729 924.

1932 4965 2043 5019 Vll.
2069 4983 2122 5035 p.
2156 4967 2244 5028 69.
2282 4967 2427 5036 apud
2458 4966 2750 5034 Arvernos,
2783 4979 2994 5023 exstare
3026 4967 3245 5023 dicitur.

2006 5037 2073 5105 (9)
2105 5037 2349 5091 Folcuini
2379 5038 2535 5091 Gesta
2567 5038 2691 5090 abb.
2728 5039 3140 5104 Laubiensium,
3174 5055 3223 5091 c.
3259 5036 3348 5091 20.

2005 5108 2110 5180 (10)
2141 5107 2247 5161 Leo
2279 5108 2407 5180 inde
2439 5124 2469 5161 a
2500 5125 2689 5180 mense
2736 5111 2980 5166 Januarii
3010 5127 3099 5165 an.
3135 5110 3239 5165 936
3270 5124 3446 5180 usque
3482 5108 3548 5162 ad

1934 5177 2139 5231 Julium
2172 5178 2301 5231 anni
2329 5179 2433 5232 939
2462 5178 2626 5232 sedit.
3097 5198 3104 5203 ·

2005 5250 2116 5319 (11)
2148 5250 2284 5303 Vide
2319 5248 2478 5302 infra.

2008 5319 2135 5447 (1‘22)
2177 5320 2334 5447 gggd
2391 5319 2696 5388 Mabillon,
2746 5323 2878 5378 Acta
2926 5323 3020 5378 ss.
3053 5324 3112 5379 ο.
3171 5324 3224 5379 s.
3279 5323 3333 5377 Β.
3370 5320 3545 5389 8.111,

1939 5407 2074 5461 p.11,
2103 5408 2155 5461 p.
2178 5407 2303 5447 590.

2009 5463 2118 5603 (13)
2141 5464 2279 5519 Hist.
2307 5462 2557 5530 Rem.1v,
2587 5460 2679 5517 28.
2711 5463 2788 5519 CI.
2815 5465 3054 5521 Annales
3075 5481 3163 5520 an.
3197 5464 3323 5520 940.

2038 5535 2116 5603 14)
2146 5535 2226 5589 lb.
2260 5552 2334 5601 IV,
2360 5535 2450 5588 28.

2038 5535 2116 5603 14)
2146 5535 2226 5589 lb.
2260 5552 2334 5601 IV,
2360 5535 2450 5588 28.

2019 5605 2106 5670 (15
2157 5606 2287 5660 Hist.
2320 5605 2378 5661 R.
2415 5624 2473 5673 ιι,
2506 5606 2594 5660 19.

2019 5606 2127 5747 (16)
2201 5677 2334 5732 Hist.
2400 5677 2553 5733 Rem.
2588 5695 2594 5731 1

2016 5676 2127 5744 (16)
2201 5677 2334 5732 Hist.
2400 5677 2553 5733 Rem.
2588 5695 2624 5744 1,
2655 5676 2771 5733 20:
2813 5699 2832 5726 α
2871 5677 3098 5733 Easdem
3163 5695 3252 5734 res
3317 5679 3556 5736 domnus
