3972 6206
458 360 566 415 419

1568 346 1932 408 FLODOARDI
1974 344 2276 406 CANONICI
2318 342 2671 406 REMENSIS.

3696 354 3799 411 420

457 483 511 537 in
534 482 768 555 Vosego,
801 494 831 532 a
861 477 1233 552 Regembaldo
1279 476 1517 549 quodam
1552 476 1817 547 pervasis,
1860 475 2077 531 locatus
2103 481 2153 549 Α
2179 484 2233 530 et
2261 474 2435 546 stylus
2499 490 2691 545 purus,
2744 473 3000 546 simplex,
3057 475 3241 550 gravis
3297 485 3530 533 ornatus
3579 477 3799 534 fastidio

458 574 669 628 fuisset.
700 571 875 625 Media
906 571 1049 624 inter
1078 569 1301 643 negotia
1360 569 1649 623 historiam
1679 567 1933 621 Ecclesiae
1969 567 2072 621 Re-

456 661 666 716 mensis
689 659 1259 731 scribereaggressus,
1300 656 1563 711 subsidiis
1594 655 1842 725 undique
1867 670 2074 728 conge-

456 750 577 814 stis,
597 748 876 819 praecipue
941 762 1071 799 vero
1127 744 1335 800 chartis
1378 745 1435 798 in
1491 742 1989 813 archivolibrisque
2019 742 2075 795 in

458 839 797 894 bibliotheca
828 834 1078 890 ecclesia:
1109 834 1424 899 asservatis,
1486 849 1626 905 Opus
1665 839 1900 904 quatuor
1924 831 2077 885 libris

460 931 588 986 inde
610 930 677 984 ab
710 928 924 1001 origine
958 927 1248 982 Remorum
1279 942 1453 997 usque
1481 926 1547 979 ad
1589 926 1791 980 exitum
1823 925 2077 980 anning

460 1022 735 1094 perduxit,
772 1028 935 1091 atque
961 1018 1244 1093 flagitante
1314 1018 1550 1073 Robcrto
1613 1017 1933 1072 Trevercnsi
1990 1034 2078 1071 ar-

458 1112 813 1183 chiepisc0po
837 1112 1177 1185 recognitum
1209 1108 1311 1162 hac
1345 1108 1447 1179 ipsi
1480 1108 1680 1163 dicavit
1708 1108 1940 1178 epistola
1971 1124 1984 1161 :

534 1228 558 1257 α
596 1205 825 1260 Domino
856 1203 1181 1269 venerabili,
1220 1227 1243 1248 ιι
1274 1210 1382 1267 etc,
1403 1204 1578 1268 (Hanc
1610 1204 1889 1270 epistolam
1919 1201 2079 1256 habes

459 1314 629 1368 supra
666 1299 921 1351 Historia
957 1296 1207 1351 Ecclesia:
1238 1296 1507 1349 erensis
1535 1294 1869 1364 prwﬁxam.)

534 1390 692 1444 Libro
727 1387 901 1459 primo
930 1386 1211 1441 historiam
1275 1385 1532 1440 Εοοιρδίξε
1574 1401 1747 1457 usque
1771 1385 1838 1439 ad
1872 1384 2083 1439 obitum

461 1490 516 1537 et
542 1480 955 1536 translationem
1002 1478 1174 1533 sancti
1232 1476 1486 1550 Remigii,
1519 1477 1765 1531 secundo
1793 1490 2079 1531 successo-

464 1588 553 1627 res
583 1570 755 1627 sancti
788 1569 1022 1644 Remigii
1076 1584 1251 1640 usque
1285 1569 1352 1622 ad
1387 1568 1758 1633 llincmarum,
1790 1568 1950 1623 tertio
1991 1582 2080 1621 res

461 1669 645 1735 gestas
674 1669 729 1713 et
771 1659 974 1729 scripta
1034 1658 1305 1713 llincmari
1347 1659 1749 1730 archiepisc0pi
1804 1666 2075 1725 recenset,

463 1758 661 1821 quarto
690 1749 1006 1814 Fulconem,
1059 1748 1386 1815 Herivteum,
1429 1747 1669 1802 Sculfum
1712 1755 1765 1802 et
1795 1747 2073 1803 Artoldum

461 1856 639 1911 usque
667 1840 733 1894 ad
763 1839 1034 1910 synodum
1068 1837 1571 1912 lngelheimensem
1632 1844 1910 1909 peractam
1937 1837 2072 1892 scri-

459 1930 557 1985 bit.
593 1929 740 2001 Opus
769 1944 969 2005 magno
992 1929 1232 1985 historiae
1290 1929 1498 1996 Galliae,
1552 1945 1662 1983 non
1687 1928 1866 1984 solum
1898 1930 2073 1984 eccle-

461 2020 696 2074 siastica:
725 2019 826 2073 sed
862 2026 916 2073 et
955 2018 1133 2073 civilis
1179 2028 1234 2073 et
1281 2017 1581 2086 litterariae,
1636 2016 1929 2073 commodo
1958 2017 2073 2071 edi-

462 2121 600 2179 tum,
631 2127 778 2176 cum,
811 2111 1052 2165 fontibus
1081 2110 1284 2182 quibus
1338 2119 1529 2165 auctor
1579 2126 1712 2165 usus
1752 2116 1835 2164 est
1873 2109 2072 2180 deper-

463 2200 614 2265 ditis,
647 2199 914 2271 plurimas
968 2199 1155 2273 magni
1189 2198 1455 2253 momenti
1510 2197 1829 2256 notitiasibi
1865 2204 2074 2252 tantum

465 2291 705 2363 reperias
735 2308 750 2357 ;
783 2290 1116 2362 praecipuam
1158 2298 1341 2344 tamen
1380 2304 1445 2344 ea
1477 2289 1689 2344 ratione
1720 2288 1939 2343 laudem
1968 2286 2076 2341 sibi

463 2383 519 2437 in
548 2382 774 2438 historia
805 2381 1076 2436 Hincmari
1117 2388 1171 2436 et
1196 2381 1455 2437 Fulconis
1510 2381 1618 2452 (l7)
1650 2381 1914 2447 vindicat,
1939 2395 2081 2453 quo-

464 2488 585 2527 rum
609 2472 774 2526 rebus
801 2479 855 2527 et
910 2470 1133 2541 scriptis
1189 2471 1550 2526 recensendis
1575 2471 1913 2542 praecipuam
1944 2485 2079 2540 0pc-

465 2581 580 2621 ram
612 2565 911 2636 impendit;
946 2564 1162 2635 reliqua
1217 2581 1472 2639 magnam
1529 2572 1737 2636 partem
1757 2571 1812 2619 et
1850 2563 2081 2618 Annali-

461 2657 568 2713 bus
588 2658 705 2712 suis
735 2656 968 2726 repetita
998 2655 1253 2727 legimus.
1309 2656 1517 2720 Quibus
1564 2656 1791 2728 quidem
1845 2656 1977 2710 inde
2009 2654 2079 2709 ab

463 2764 530 2805 eo
553 2754 803 2819 tempore
859 2747 1004 2801 haud
1072 2746 1438 2801 intermissam
1495 2763 1719 2819 cperam
1780 2763 2082 2820 curamque

467 2840 720 2895 adhibuit
756 2839 911 2909 (18);
973 2838 1297 2909 mediasque
1361 2839 1504 2893 inter
1554 2856 1642 2895 res
1698 2848 1753 2895 et
1781 2839 1837 2893 in
1883 2856 2083 2914 magna

467 2947 651 2986 rerum
715 2945 813 3002 per
878 2928 1075 2984 Gallias
1139 2929 1508 2985 commotione
1573 2932 1824 2987 oculatus
1883 2931 2079 2999 testis,

468 3037 723 3096 regnum,
766 3020 1078 3092 principum
1126 3022 1479 3094 virorumque
1523 3031 1617 3078 aut
1675 3023 1927 3079 doctrina
1992 3031 2084 3078 aut

467 3122 740 3187 potestate
774 3131 871 3185 per
909 3114 1135 3170 Galliam
1167 3122 1222 3170 et
1269 3115 1613 3171 Germaniam
1648 3116 1756 3191 (l9)
1788 3115 2081 3172 illustrium

469 3206 802 3262 commercio
858 3205 1003 3260 haud
1059 3206 1293 3275 alienus,
1344 3223 1466 3279 quae
1493 3223 1677 3264 veram
1706 3208 1789 3262 sui
1821 3207 1921 3262 aevi
1955 3207 2086 3261 ima-

470 3298 655 3370 ginem
689 3298 923 3368 posteris
954 3297 1687 3375 redderentdiligentissime
1719 3299 1986 3366 enotavit,
2019 3315 2087 3355 ea

471 3385 686 3441 scilicet
718 3384 849 3453 fide,
882 3402 992 3457 qua
1020 3387 1195 3442 virum
1250 3390 1424 3459 pium,
1471 3389 1770 3445 candidum
1826 3395 1884 3444 et
1912 3405 1942 3443 a
1968 3389 2089 3444 vio-

474 3474 623 3529 lento
651 3481 864 3545 partum
893 3474 1077 3531 studio
1131 3476 1369 3532 alienum
1401 3477 1584 3542 decet,
1649 3477 1874 3549 qualem
1918 3476 2088 3533 fuisse

470 3587 725 3643 Artaldus
767 3588 1063 3659 episcOpus
1093 3588 1300 3644 dudum
1342 3587 1593 3644 Conrado
1623 3588 1749 3644 duci
1791 3588 2089 3645 commisc-

471 3664 592 3712 rat:
626 3675 764 3735 quas
791 3660 882 3735 ille
951 3659 1304 3735 Regenbaldo
1345 3659 1563 3735 cuidam
1612 3675 1835 3715 suorum
1863 3661 2090 3735 delega-

469 3738 642 3804 verat.
667 3732 767 3804 Qui
826 3730 1219 3804 Ragcnlialdus
1269 3730 1594 3804 earumdem
1650 3746 1832 3804 rerum
1861 3730 2088 3788 colonos

472 3799 633 3883 valde
654 3799 991 3883 afﬂigebat.‘
1014 3802 1123 3883 Ipsi
1182 3817 1313 3883 vero
1346 3818 1443 3883 pro
1485 3801 1789 3883 afflictione
1816 3818 1914 3883 sua
1939 3819 2088 3874 saepe

471 3871 540 3926 ad
558 3871 812 3945 sanctum
841 3871 1146 3945 Remigium
1190 3871 1521 3945 clamabant,
1555 3873 1738 3945 Remis
1777 3871 2086 3939 venientes,

471 3948 527 3996 et
557 3942 731 4014 ipsius
769 3942 1125 4014 patroni—sui
1187 3943 1492 4016 patrocinia
1550 3944 1904 4016 requirentes
1985 3945 2087 4001 Pro

473 4029 673 4097 quanre
703 4028 1060 4097 nuper‘anno
1111 4014 1409 4084 praeterito,
1460 4030 1585 4097 cum
1614 4014 1742 4097 rege
1781 4014 1995 4097 pthone
2034 4024 2091 4072 et

474 4084 702 4156 praefato
733 4085 873 4157 duce
889 4084 1054 4157 locuti
1070 4100 1281 4157 sumus,
1298 4086 1521 4157 quando
1549 4084 1718 4157 Aquis
1732 4086 1801 4140 ad
1831 4086 2088 4143 eumdem

474 4154 663 4237 regem
690 4156 841 4211 missi
878 4154 1105 4237 fuimus.
1148 4156 1256 4237 sed
1313 4154 1373 4212 ut
1410 4157 1558 4237 idem
1601 4154 1990 4237 Ragenbaldus
2018 4157 2087 4214 ab

472 4227 716 4298 ipsarum
784 4243 967 4299 rerum
1037 4227 1350 4298 direptione
1415 4227 1727 4295 desisteret,
1794 4228 2089 4299 impetrare

478 4300 847 4372 nequivimus.
887 4298 1042 4354 Unde
1083 4299 1505 4372 contigithorno
1548 4299 1779 4370 [cod.ap.
1807 4298 1951 4372 Coto.
1983 4302 2090 4357 hoc

474 4370 669 4442 anno],
709 4378 770 4426 ut
798 4372 929 4443 dum
962 4371 1203 4443 quodam
1229 4370 1462 4426 sabbato
1510 4372 1738 4426 eosdem
1768 4370 1997 4443 colonos
2019 4373 2087 4428 ad

472 4441 939 4517 Opus:quoddam
984 4441 1384 4517 peragendum
1424 4452 1789 4517 congregatos
1837 4441 2083 4517 haberet,

474 4513 921 4585 prarciperetque'
969 4513 1315 4585 presbytero,
1367 4529 1436 4568 ne
1481 4513 1659 4582 signaw
1691 4513 2083 4585 vespertinalia

473 4584 653 4667 usque
676 4584 849 4667 prope
897 4591 1114 4667 noctem
1148 4584 1420 4655 pulsaret,
1473 4586 1743 4667 operique
1802 4586 2087 4667 implendo

474 4654 1191 4727 insisteret,percuteretu’r
1218 4671 1542 4726 percussore
1589 4654 1786 4710 inviso.
1822 4654 1922 4720 Qui
1956 4656 2086 4714 dum

474 4728 785 4799 requireret
822 4727 947 4798 quis
995 4727 1536 4799 cumpercussisset,
1587 4742 1888 4798 omnesque
1918 4743 1977 4782 se
1999 4730 2088 4784 vi-

479 4796 626 4857 dis—se
658 4796 947 4871 negarent.
1013 4796 1174 4853 furiis
1231 4798 1558 4871 exagitatus,
1596 4796 1840 4871 sensum
1881 4799 2089 4868 amisit,

472 4868 820 4943 graviterque
850 4876 1095 4943 vexatus,
1165 4868 1419 4943 spiritum
1452 4868 1742 4943 exhalavit.
1780 4869 1897 4943 Quo
1936 4885 2091 4926 com-

514 4950 653 5010 erto,
703 4939 813 4997 dux
864 4940 1146 4997 Conradus
1191 4939 1421 4994 nimium
1470 4939 1692 4995 territus
1728 4939 1795 4994 ad
1837 4947 2087 4998 sanctum

520 5014 781 5082 emigium
813 5012 984 5085 venit,
1018 5012 1183 5085 eique
1204 5010 1465 5085 resipsas
1489 5010 1750 5085 reddidit,
1783 5028 1919 5084 quas
1951 5028 2088 5085 prte-

474 5087 680 5143 missus
712 5085 910 5154 prtesul
943 5082 1194 5139 Artaldus
1225 5082 1513 5138 [linemaro
1557 5083 1740 5137 abbati
1767 5082 1830 5139 ac
1873 5082 2088 5140 caeteris

474 5156 859 5228 monachisad
890 5155 1345 5228 supplementum
1378 5155 1561 5228 victus
1586 5154 1853 5228 attribuit.
1891 5179 1916 5201 ιο

547 5228 661 5300 (1‘7)
688 5224 975 5300 [alitteris
1003 5224 1270 5300 'Fulconis
1325 5225 1408 5300 ad»
1453 5225 1740 5300 Arnulfum
1798 5224 1931 5300 imp.
1990 5241 2088 5298 pro

477 5296 669 5358 Carolo
702 5298 965 5372 S_implic_e
1010 5314 1140 5372 rege
1181 5299 1296 5353 haec
1339 5297 1505 5372 etiam
1564 5297 1766 5372 scripta
1820 5296 2090 5365 refert'iv,

476 5388 524 5428 c.
550 5372 586 5427 5
615 5388 629 5426 :
667 5390 694 5422 α
718 5368 970 5443 Adnectit
992 5368 1178 5443 etiam,
1229 5368 1377 5441 quod
1408 5368 1466 5443 il_1
1499 5369 1759 5424 omnibus
1791 5384 1933 5439 pene
1953 5385 2092 5443 gen-

474 5444 620 5498 tibus
673 5448 870 5515 notum
919 5440 1103 5515 fuerit,
1153 5439 1375 5515 gentem
1424 5439 1759 5515 Francorum
1812 5439 2000 5515 reges"
2026 5456 2091 5495 ex

475 5512 832 5570 successione
853 5510 1062 5582 habere
1079 5509 1469 5582 co‘nsuevisse,
1494 5509 1781 5582 proferens
1797 5509 1964 5582 super
1987 5510 2095 5566 hoc

472 5582 855 5656 testimonium
873 5581 1307 5656 _beati_Gregorii
1350 5580 1528 5656 papae.
1557 5580 1794 5656 subjicit
1833 5580 1996 5656 etiam
2027 5597 2094 5635 ex

475 5651 634 5725 libris
653 5653 972 5725 Teutonicis
1017 5652 1087 5708 de
1142 5651 1286 5725 régeg
1320 5651 1581 5722 quodam,
1617 5651 2095 5725 Hermenrico‘no-

475 5722 650 5800 mine,
679 5719 774 5800 qui
802 5732 1027 5798 omnem
1059 5719 1382 5800 progeniem
1432 5737 1584 5776 suam
1631 5721 1810 5800 morti.
1849 5721 2096 5800 destina-

480 5790 623 5843 verit
682 5790 868 5855 impiis
925 5790 1191 5844 consiliis"
1236 5790 1558 5860 cujusquam
1616 5790 1917 5846 consiliarii
1983 5791 2093 5861 sui,

2178 570 2449 635 comptus,
2475 564 2671 637 arguit.

2246 655 2478 711 Perfecit
2534 666 2716 711 tamen
2774 657 3014 711 Annales
3070 658 3122 712 in
3184 659 3544 721 monasterio,
3606 676 3719 731 quo
3746 676 3802 714 se

2176 744 2449 802 beneficio
2472 747 2728 818 deposito
2768 749 3074 804 monachus
3104 749 3210 819 (20)
3229 766 3467 822 moxque
3494 750 3801 817 abbas(2l)

2180 836 2390 891 futurus
2421 837 2712 894 detulerat.
2747 839 2845 893 Ubi
2884 840 3159 909 ejusmodi
3206 842 3672 913 occupationibus
3691 859 3801 897 s:u-

2178 926 2397 998 diisque
2425 927 2675 982 deditum
2726 945 2850 984 cum
2905 945 3052 986 anno
3090 931 3198 996 952
3226 939 3318 986 aut
3341 931 3447 988 953
3474 932 3585 1001 (22)
3619 932 3801 987 clerus

2179 1026 2233 1072 et
2278 1019 2514 1090 pepulus
2560 1020 2943 1078 Noviomensis
2973 1030 3029 1077 et
3074 1023 3437 1079 Tornacensis
3468 1024 3797 1094 episcOpum

2179 1110 2285 1165 sibi
2315 1112 2632 1187 elegissent,
2664 1114 2850 1186 regius
2877 1122 3059 1173 tamen
3111 1114 3262 1171 favor
3291 1116 3520 1171 minime
3552 1125 3797 1180 secutus,

2183 1198 2385 1255 frustra
2414 1202 2688 1256 renitente
2730 1202 3038 1259 Flodoardo
3100 1203 3228 1274 (23),
3284 1205 3453 1258 alium
3521 1205 3802 1259 cathedrae

2185 1290 2418 1360 pecunia
2450 1292 2630 1346 venali
2698 1292 2957 1363 imposuit
2989 1311 3002 1348 :
3035 1311 3144 1367 qua
3182 1295 3252 1350 de
3297 1311 3356 1350 re
3394 1294 3464 1350 ab
3519 1295 3801 1366 Adaldago

2187 1377 2603 1450 archiepiscopo
2638 1380 3131 1456 Hammaburgensi
3184 1383 3383 1439 litteris
3413 1384 3482 1439 ad
3514 1400 3646 1439 eum
3664 1384 3801 1439 datis

2180 1466 2432 1521 visitatus
2462 1478 2560 1522 est.
2597 1469 2828 1524 zElatem
2861 1471 3031 1543 igitur
3061 1471 3317 1526 Ecclesiae
3350 1472 3648 1527 Remensis
3680 1488 3799 1543 pre-

2180 1556 2370 1627 sbyter
2396 1568 2450 1614 et
2474 1561 2731 1630 praelatus
2781 1578 2954 1632 penes
3009 1561 3289 1617 Artoldum
3327 1562 3529 1633 exegit,
3556 1577 3671 1633 quo
3702 1563 3797 1616 de-

2180 1644 2388 1715 functo,
2414 1655 2469 1702 et
2536 1650 2762 1722 llugonc
2793 1652 2886 1724 qui
2941 1659 3226 1723 superstes
3263 1660 3381 1708 erat
3410 1652 3797 1707 excommuni-

2179 1747 2319 1809 cato,
2351 1758 2497 1799 anno
2527 1744 2632 1801 962
2664 1746 2783 1818 ipse
2812 1763 2935 1802 cum
2958 1747 3178 1803 caeteris
3214 1749 3464 1803 ecclesiae
3489 1748 3796 1813 canonicis,

2179 1848 2305 1907 rege
2341 1836 2594 1893 Lothario
2625 1854 2749 1893 cum
2790 1839 2982 1912 regina
3011 1848 3186 1895 matre
3218 1847 3273 1894 et
3314 1839 3577 1894 Brunonc
3606 1839 3795 1892 archi-

2174 1927 2435 1997 episcOpo
2464 1926 2777 1983 Coloniensi
2833 1927 3172 1997 faventibus,
3232 1928 3576 1995 Odelricum,
3610 1929 3798 2003 Rugo-

2173 2017 2259 2071 nis
2291 2016 2576 2084 cujusdam
2617 2017 2835 2073 comitis
2865 2015 3062 2085 filium,
3120 2017 3613 2089 prchiepiscOpum
3685 2020 3798 2073 ele-

2173 2110 2254 2185 git
2290 2111 2416 2181 (2i).
2451 2112 2606 2167 Anno
2650 2112 2909 2185 sequenti
2961 2113 3118 2167 senio
3173 2119 3504 2183 occupatum
3564 2128 3628 2167 se
3661 2128 3797 2167 sen-

2178 2201 2322 2256 tiens
2347 2201 2480 2269 (25),
2513 2203 2976 2278 septuagenarius
3022 2217 3207 2258 coram
3262 2201 3459 2257 eodem
3492 2202 3802 2273 praelatum:

2178 2291 2549 2348 ministerium
2629 2292 2923 2357 abdicavit,
2982 2299 3037 2347 et
3088 2289 3457 2347 Flodoardum
3534 2298 3797 2362 nepotem

2178 2400 2554 2440 successorem
2582 2384 2639 2439 in
2696 2400 2762 2440 ea
2791 2383 3023 2456 accepit.
3058 2382 3432 2449 Quadriennio
3463 2398 3578 2455 quo
3610 2399 3803 2455 super-

2180 2477 2335 2544 vixit,
2384 2485 2544 2533 tetate
2594 2477 2797 2532 fractus
2839 2484 2895 2532 et
2947 2474 3269 2533 infirmitate
3325 2475 3551 2531 attritus
3577 2482 3641 2531 ut
3670 2484 3803 2541 erat,

2179 2569 2266 2624 vel
2293 2569 2588 2624 annalibus
2617 2568 2732 2624 suis
2783 2585 2989 2641 paucas
3037 2576 3248 2624 tantum
3282 2568 3460 2622 lineas
3488 2566 3724 2635 adjecit.
3755 2574 3804 2621 et

2183 2675 2329 2714 anno
2360 2660 2585 2714 demum
2612 2660 2718 2714 966
2747 2680 2773 2707 α
2814 2659 2897 2713 vir
2922 2660 3046 2715 vitae
3101 2657 3465 2725 venerabilis,
3496 2656 3807 2713 sanctitatis

2184 2750 2395 2804 honore
2419 2748 2787 2815 venerandus,
2836 2747 3103 2803 castitatis
3148 2746 3452 2818 splendore
3490 2745 3805 2820 angelicus,

2183 2839 2398 2913 fulgore
2427 2837 2715 2910 sapientiae
2745 2837 2987 2904 czelicus,
3038 2845 3477 2907 caeterarumque
3536 2834 3807 2890 virtutum

2185 2929 2495 3002 insignibus
2531 2928 2879 2983 abundanter
2924 2925 3202 2998 oppletus,
3241 2925 3480 2980 dictator
3516 2923 3808 3001 egregius,

2182 3020 2513 3076 vKalendas
2563 3021 2762 3091 Aprilis
2817 3026 3049 3074 terrena:
3104 3015 3579 3093 peregrinationis
3639 3016 3808 3070 relin-

2185 3129 2363 3185 quens
2383 3112 2598 3180 exsilia,
2625 3112 2800 3169 civica
2832 3119 2892 3166 ut
2922 3109 3202 3166 credimus
3221 3109 3459 3179 adeptus
3490 3113 3580 3163 est
3597 3107 3744 3183 jura,
3779 3127 3801 3156 η

2187 3204 2537 3276 Epitaphium
2584 3204 2655 3258 ad
2710 3202 2880 3258 finem
2919 3201 3131 3257 codicis
3185 3199 3515 3263 carminum,
3578 3198 3650 3252 ab
3690 3198 3806 3269 ipso

2113 3274 2164 3342 Ο
2188 3274 2417 3357 fortasse
2436 3298 2826 3371 compositum,
2857 3296 2935 3352 ita
2960 3296 3161 3352 habet:

2250 3392 2338 3441 Hic
2354 3394 2484 3458 jacet
2498 3392 2735 3456 indignus
2758 3391 3068 3441 Flbdoardus
3096 3390 3285 3440 honore
3314 3387 3564 3447 sacerdos,

2310 3480 2509 3530 Arbiter
2526 3484 2816 3543 exspectans
2836 3477 3037 3528 cmlicus
3065 3484 3124 3527 ut
3145 3475 3337 3532 redeat,

2189 3592 2579 3665 supplicatque
2604 3606 2675 3647 ne
2704 3590 2989 3647 sceleratis
3022 3590 3127 3665 hic
3169 3605 3271 3665 rex
3321 3588 3653 3665 adquiescat
3681 3602 3809 3665 con;

2188 3657 2346 3733 siliis,
2381 3657 2841 3736 sed'misereatur
2886 3662 3066 3736 gentis
3089 3661 3278 3729 hujus,
3308 3667 3365 3736 et
3414 3657 3573 3736 regio
3613 3657 3806 3736 generi

2188 3729 2479 3808 subveniat
2517 3734 2819 3808 decidenti,
2882 3729 3166 3808 satagens,
3222 3740 3283 3787 ut
3329 3731 3387 3785 in
3434 3729 3644 3808 diebus
3701 3730 3812 3784 suis

2188 3807 2428 3890 dignitas
2465 3805 2836 3861 successionis
2880 3800 3351 3890 suaev‘roboretu‘r,
3393 3808 3477 3890 et.
3505 3800 3565 3855 hi
3616 3817 3808 3881 quiex

2188 3872 2370 3952 alicno
2402 3893 2610 3952 genere
2659 3892 2818 3952 reges
2875 3876 3183 3940 exstabant,
3224 3874 3309 3928 vel
3343 3872 3581 3952 existere
3617 3872 3811 3942 cupie-

2189 3950 2345 4017 bant,
2379 3942 2488 4004 n‘on
2517 3942 2883 4020 prtevale'rent
2911 3954 3105 4002 contra
3135 3961 3249 4010 eos,
3267 3942 3472 4016 quibus
3502 3958 3573 3997 ex
3602 3958 3808 4017 genere

2190 4022 2369 4077 honor
2400 4019 2581 4090 regius
2607 4019 2933 4074 debebatur.
2955 4040 2990 4090 νη

2260 4091 2374 4163 (18)
2394 4087 2677 4163 Rraacipue
2703 4089 2963 4163 usquead
2984 4105 3192 4163 annum
3221 4087 3343 4143 954.

2261 4154 2376 4234 (19)
2409 4154 2862 4236 Exem'pligrat'ja
2882 4159 3118 4236 Rodulfo
3143 4154 3807 4236 Treverensi_,.Adaldago

2191 4226 3635 4312 [iammaburgensi'archiepiscopo,_Annone_abbat3
3669 4226 3809 4302 Mag-

2190 4298 2560 4376 deburgensev,
2602 4311 2791 4376 postea
2826 4298 3089 4376 episcopo
3143 4298 3561 4376 Womaciensi.
3594 4298 3808 4376 Dequ'o

2192 4378 2310 4433 Hist
2359 4369 2511 4432 Rem.
2542 4369 2581 4443 ι,
2602 4369 2666 4443 ἰ,
2713 4375 2831 4430 haec
2858 4369 3066 4429 refert:
3092 4395 3116 4421 ι
3153 4372 3301 4428 Beati
3354 4369 3601 4443 denique
3622 4369 3810 4443 Timo-

2189 4449 2303 4505 thei
2334 4464 2479 4515 ossa,
2520 4441 2617 4503 rex
2654 4441 2819 4511 'Otto,
2865 4443 3205 4500 concedente
3266 4441 3490 4496 Artaldo
3519 4441 3808 4515 archiepi-

2190 4536 2376 4590 scopo,
2414 4513 2696 4590 transferri
2726 4516 2856 4590 fecit
2883 4515 2943 4590 in
2981 4515 3296 4590 Saxoniam,
3332 4520 3388 4568 et
3406 4513 3811 4590 monasterium

2191 4583 2583 4647 monachorum
2613 4587 2667 4642 in
2717 4588 2836 4657 ejus
2882 4586 3120 4642 instituit
3138 4587 3368 4641 honore.
3388 4583 3465 4657 in
3495 4598 3605 4654 qua
3634 4591 3812 4657 trans—

2190 4661 2397 4719 latione
2422 4661 2593 4717 multa
2622 4654 2761 4714 mira
2802 4658 3053 4713 feruntur
3089 4665 3331 4713 ostensa.
3388 4654 3521 4709 Nam
3555 4661 3618 4709 ut
3658 4656 3811 4708 Anno

2190 4743 2321 4789 tunc
2375 4732 2566 4799 abbas,
2631 4747 2781 4786 nunc
2819 4730 3137 4801 cpisc0pus,
3186 4727 3323 4782 mihi
3392 4725 3663 4791 retulit,a
3702 4740 3809 4801 quo

2191 4805 2384 4860 eadem
2416 4796 2582 4876 sacra
2626 4796 2867 4876 pignora
2922 4796 3183 4876 translata
3237 4804 3403 4876 sunt!
3443 4805 3651 4876 praeter
3707 4796 3811 4852 alia

2230 4875 2347 4930 lura
2376 4868 2642 4939 remedia,
2687 4868 2995 4928 duodecim
3055 4871 3199 4925 inter
3248 4868 3475 4925 claudos
3524 4875 3581 4939 et
3635 4882 3812 4923 caecos

2211 4948 2342 5002 'uerc
2369 4946 2542 5001 curati
2602 4938 2801 5000 Beatus
2817 4958 3037 5015 quoque
3066 4939 3400 5015 Apollinaris
3429 4938 3656 4995 ossibus
3701 4939 3812 5015 suis

2190 5018 2245 5073 in
2314 5016 2624 5073 Orbacense
2682 5009 3077 5070 monasterium
3112 5009 3456 5075 'translatis,
3524 5009 3814 5066 nonnullis

2189 5087 2330 5145 inibi
2359 5088 2556 5143 florere
2576 5094 2856 5157 spectatur
2876 5082 3540 5157 gratiarumjnsignibus.
3570 5102 3592 5157 ξ

2260 5159 2371 5231 (20)
2402 5151 2665 5233 Adaldagi
2723 5151 2917 5212 litteras
2970 5155 3119 5227 apud
3168 5151 3555 5210 Colvewnerium
3584 5152 3641 5207 in
3678 5151 3810 5207 llist.

2191 5230 2468 5287 Remensi.

2261 5302 2373 5372 (2t)
2429 5300 2614 5355 Abbas
2661 5298 2829 5355 fuisse
2875 5296 3115 5365 videtur,
3148 5313 3241 5353 an.
3283 5295 3390 5352 962
3419 5294 3490 5351 de
3520 5293 3810 5368 praelatum

2192 5371 2445 5444 deposita
2464 5371 2737 5444 scribens.

2267 5436 2379 5525 (22)
2445 5443 2579 5499 Vide
2629 5442 2765 5498 Gall.
2826 5439 3026 5497 Christ.
3085 5439 3221 5496 edit.
3280 5439 3316 5494 2
3375 5439 3551 5510 cpisc.
3611 5436 3808 5492 Novio-

2194 5531 2420 5571 meusrs.

2288 5586 2379 5727 23;
2413 5584 2485 5641 Ex
2514 5584 2777 5659 Adeldagi
2800 5583 3021 5640 litteris.

2288 5658 2358 5711 24
2410 5658 2548 5711 Ann.
2581 5672 2672 5712 an.
2704 5656 2830 5725 962,

2287 5656 2378 5725 24)
2410 5658 2548 5711 Ann.
2581 5672 2672 5712 an.
2704 5656 2830 5725 962,

2290 5728 2383 5794 es)
2413 5728 2490 5782 Ib.
2524 5743 2613 5783 an.
2645 5727 2770 5784 963.
