3972 6206
133 333 240 388 [121

204 460 320 508 Hoc
342 458 432 507 sibi
454 457 672 506 conﬁsus
693 457 891 505 veniam
917 457 1180 505 miserante
1213 457 1470 506 ferendam

279 523 358 569 Sit
385 521 494 569 licet
519 520 579 568 ad
591 519 746 567 mistis
773 519 964 567 obsitus
989 519 1284 567 innumeris.

204 584 436 646 Quisque
454 582 571 646 legis
600 582 815 646 titulum,
842 582 987 629 sortis
1015 597 1202 646 iueiuor
1224 582 1334 646 ipse
1352 582 1556 646 futurze,

280 644 469 707 Expete
500 644 566 691 sic
593 644 854 707 Dominum
872 653 1069 707 propter
1093 644 1231 692 humi
1259 644 1490 706 positum.

205 705 432 763 Christe,
463 715 544 754 tuo
568 721 709 753 servo
733 705 1009 754 Flodoardo
1036 721 1177 768 parce
1198 705 1426 768 benigne,

280 771 348 819 Et
371 784 459 832 pro
480 768 667 831 judicio
687 768 752 815 da
774 769 972 816 veniam
989 769 1196 817 famulo.
1224 771 1400 818 Amen.

219 894 393 948 Aliud
445 894 564 962 ejus
621 891 961 963 epitaphium
1039 893 1227 965 lingua
1287 893 1489 948 Gallica
1541 892 1785 947 conscri-

143 995 313 1059 ptum
351 986 478 1056 (26),
503 985 660 1054 cujus
715 993 906 1039 auctor
955 1001 1017 1038 ex
1080 985 1379 1039 Annalibus
1425 1002 1494 1039 an
1575 985 1701 1051 962,
1732 992 1785 1040 ct

142 1077 474 1148 appendice
506 1092 596 1130 an.
621 1074 727 1129 966
761 1074 959 1140 hausit,
1006 1075 1368 1130 Flodoardum
1393 1076 1562 1129 etiam
1597 1091 1791 1130 mona-

143 1172 321 1224 chum
367 1177 421 1223 et
466 1168 719 1224 abbatem
771 1169 924 1235 dicit,
977 1175 1140 1240 atque
1171 1167 1238 1222 ab
1284 1168 1511 1241 Agapito
1542 1185 1680 1238 papa
1712 1169 1791 1222 al-

146 1264 380 1328 batum,
404 1262 459 1316 id
491 1271 574 1317 est
602 1262 723 1316 alba
748 1262 934 1316 tunica
987 1261 1258 1324 indutum,
1287 1261 1369 1315 vel
1407 1261 1784 1331 presbyterum

152 1361 548 1409 consecratum
575 1373 590 1419 ;
625 1355 770 1426 quod
822 1370 946 1408 cum
985 1360 1140 1408 certe
1170 1362 1297 1407 ante
1325 1369 1528 1406 annum
1561 1353 1666 1406 946
1697 1351 1782 1406 Ιο-

152 1459 288 1497 cum
336 1443 597 1497 habuisse
630 1450 867 1509 constet,
925 1458 1024 1514 pro
1057 1442 1284 1516 Agapito
1318 1441 1424 1496 Leo
1456 1441 1544 1496 Vll
1578 1439 1785 1494 intelli-

151 1536 387 1610 gendus
419 1535 540 1590 erit.

231 1631 298 1686 Et
360 1629 583 1701 scriptis
630 1629 751 1697 ejus
813 1628 1052 1682 Annales
1109 1627 1414 1699 principem
1481 1627 1582 1682 sibi
1647 1627 1791 1682 inter

154 1727 530 1781 Monnmenta
612 1725 917 1778 Germaniae.
983 1724 1160 1780 locum
1211 1723 1513 1789 vindicant,
1597 1723 1790 1794 eisque

1430 328 1747 385 ANNALES.
1788 359 1857 370 —
1895 325 2214 384 MONITUM.

3386 325 3492 381 422

1799 478 1848 542 Α
1876 477 1997 514 cum
2032 460 2229 532 reliqui
2256 457 2477 512 codices
2507 473 2703 511 omnes
2733 457 2860 511 hinc
2893 455 3019 510 inde
3051 455 3263 509 lacunis
3295 455 3490 509 iisdem

1877 550 2165 604 dehiscant
2195 558 2248 604 et
2278 548 2642 619 appendicem
2698 563 2964 601 annorum
3028 547 3154 609 966,
3200 545 3324 600 976.
3365 544 3493 611 977,

1876 639 1980 692 9'78
2012 639 2324 693 exhibeant.
2370 638 2526 691 Liher
2554 645 2764 707 septem
2798 634 3259 707 quaternionibus
3292 651 3362 698 vr,
3399 651 3493 700 vu,

1879 754 1996 801 vui,
2032 755 2104 805 IX,
2138 753 2190 800 x,
2232 752 2304 798 xi,
2352 744 2449 798 xit,
2502 733 2731 806 signatis
2787 741 2841 786 et
2888 737 3079 786 octavo
3130 747 3237 784 non
3278 731 3493 803 signato

1883 836 2143 884 constans
2173 826 2349 881 codici
2393 826 2504 894 jam
2537 823 2731 892 majori
2774 823 3042 893 impactus
3073 829 3176 885 est,
3209 822 3364 892 cujus
3397 837 3496 890 pro

1886 921 2104 995 paginis
2139 919 2204 972 27
2225 926 2277 972 et
2307 916 2668 988 sequentibus
2689 923 3028 970 numeratur.
3060 915 3288 969 Exhibet
3321 915 3496 986 primo

1889 1032 1943 1086 p.
1990 1016 2057 1068 27
2090 1015 2332 1069 visiones
2380 1011 2664 1066 Elothildre
2715 1027 2745 1063 a
2794 1007 3002 1065 Pithmo
3052 1027 3106 1080 p.
3171 1008 3275 1063 278
3301 1007 3498 1073 editas,

1893 1121 1946 1174 p.
1982 1104 2040 1160 3|
2080 1100 3296 1174 absquellubricaAnnalesnostros;quorum
3326 1113 3501 1152 annos

1894 1195 2130 1266 quisque
2161 1195 2342 1249 littera
2382 1193 2585 1254 Cra'ca,
2629 1208 2918 1245 numerum
2952 1207 3062 1260 quo
3110 1190 3177 1242 ab
3222 1206 3366 1245 anno
3391 1189 3495 1244 893

1891 1287 2044 1360 initio
2099 1285 2254 1359 regni
2323 1283 2497 1337 Caroli
2563 1281 2861 1352 Simplicis,
2953 1282 3110 1360 dish
3159 1281 3504 1351 significante

1887 1381 2124 1451 exempli
2191 1383 2362 1454 gratia
2430 1382 2484 1436 in
2552 1379 2660 1434 line
2701 1379 2830 1432 anni
2870 1378 2994 1431 eas.
3041 1359 3114 1434 XT-
3158 1381 3282 1435 926.
3331 1362 3406 1434 Π
3451 1388 3506 1435 et

1891 1472 1988 1526 rel.
2034 1471 2346 1544 insignitur.

1959 1566 2013 1634 2)
2044 1565 2098 1631 C,
2128 1565 2311 1638 regius
2341 1564 2664 1618 Parisiensis
2694 1580 2748 1627 ιι,
2782 1564 2922 1619 5351
2954 1564 3186 1620 membr.
3221 1582 3344 1621 sasc.
3366 1583 3417 1620 x1
3454 1568 3506 1621 in

1893 1657 1966 1715 fol
2000 1700 2014 1724 ,
2046 1661 2244 1728 Incipit
2294 1661 2511 1714 cronica
2577 1659 2871 1712 Flodoardi
2923 1658 3225 1726 presbyteri
3252 1657 3318 1708 de
3341 1659 3506 1721 gestis

1892 1751 2325 1805 Normannorum
2359 1746 2674 1816 inscriptus,
2697 1748 2827 1811 (28],
2861 1763 3024 1816 quem
3050 1745 3251 1800 eximia
3269 1745 3507 1818 diligen-

161 1814 432 1906 “iSFQFim
461 1813 750 1906 βθηῖθηδίδ
794 1813 964 1906 Ψθθδν
1024 1812 1228 1906 (imbus
1287 1813 1495 1906 “me”?
1523 1829 1638 1906 __"°_S
1669 1811 1788 1906 Emis
1816 1826 1866 1893 Β
1889 1841 1960 1894 tia
1992 1841 2046 1895 in
2074 1857 2231 1895 usum
2267 1847 2510 1894 nostrum
2570 1838 2630 1902 V,
2665 1839 3030 1906 doctissimus
3056 1838 3176 1892 Otto
3203 1837 3368 1892 John.
3405 1837 3503 1892 Ph.

161 1905 359 1959 verbis
418 1903 738 1971 efferuntur,
795 1903 1173 1959 illustrationis
1215 1919 1378 1958 causa
1409 1900 1790 1969 subjicieddos

164 1995 460 2060 duximus,
493 2011 600 2066 qua
631 1994 685 2047 in
731 2010 788 2048 re
821 1993 1124 2048 Colvenerii
1170 1992 1414 2048 editione
1447 2011 1476 2047 a
1507 1992 1588 2047 Cl.
1623 1992 1793 2046 Wait-

157 2085 245 2140 zio
276 2101 413 2139 cum
447 2085 639 2140 codice
670 2084 1024 2140 bibliothecae
1063 2085 1574 2156 Montispessulanze
1606 2101 1660 2138 ιι.
1689 2084 1793 2138 186

157 2174 407 2230 membr.
440 2191 570 2229 srec.
630 2191 723 2229 xui
781 2175 978 2230 collata
1037 2176 1113 2230 uti
1180 2176 1382 2246 placuit
1419 2192 1432 2240 ;
1463 2193 1585 2230 nam
1620 2176 1791 2231 codex

157 2269 334 2324 Paris.
373 2287 435 2324 η.
467 2269 608 2326 5209
631 2270 684 2324 in
708 2271 890 2342 capite
919 2271 952 2324 4
980 2270 1106 2324 libri
1132 2287 1184 2324 ιιι
1214 2270 1481 2326 subsistit.

236 2365 492 2419 Annales
545 2366 781 2436 primum
819 2382 849 2420 a
899 2365 1057 2420 Petro
1121 2365 1330 2420 Pithmo
1381 2365 1526 2419 inter
1556 2365 1651 2419 SS.
1684 2364 1795 2432 .\'ll,

165 2457 400 2512 Parisiis
452 2472 542 2510 an.
596 2456 734 2510 1588
785 2471 838 2526 p.
885 2456 983 2509 H7
1028 2471 1148 2525 sqq.
1201 2455 1412 2522 (iterum
1459 2453 1796 2508 Francofurti

165 2566 254 2604 an.
291 2548 446 2604 1594
477 2547 795 2618 impressos,
830 2563 882 2616 p.
916 2543 1014 2600 109
1043 2545 1190 2616 sqq.)
1221 2560 1327 2615 0pc
1358 2542 1613 2598 codicum
1634 2543 1797 2598 trium

164 2640 369 2713 vulgati
425 2646 570 2693 sunt.
642 2636 817 2692 Unum
874 2650 1064 2690 eorum
1126 2636 1534 2700 Divioneusem,
1567 2633 1796 2689 alterum

172 2733 552 2804 antiquiorem
577 2741 752 2797 vocat,
783 2746 1012 2802 quorum
1055 2729 1322 2783 alteruter
1343 2728 1399 2782 in
1431 2727 1621 2782 codice
1655 2729 1802 2783 unde

177 2823 416 2877 Annales
446 2820 751 2876 Fuldenses
791 2819 987 2885 edidit,
1037 2819 1150 2888 jam
1204 2818 1259 2871 in
1291 2817 1548 2872 Vaticano
1576 2817 1628 2871 in
1663 2817 1776 2871 bibl

183 2915 468 2970 Christiana
529 2913 732 2986 regina:
793 2930 848 2968 ιι.
883 2913 990 2969 991
1043 2920 1343 2976 asservato,
1397 2909 1664 2978 exstabat,
1689 2910 1800 2977 jam

180 3025 326 3075 vero,
362 3009 441 3074 Cl,
479 3005 827 3078 Hapencordt
870 3005 1170 3073 referente,
1202 3004 1418 3059 excisus
1469 3013 1569 3060 est.
1605 3005 1802 3059 Pithmi

186 3099 491 3154 editionem
558 3096 826 3188 Chesnius
885 3095 938 3149 in
998 3095 1342 3188 SS.-AFranc.
1405 3095 1467 3161 il,
1654 3112 1798 3167 sqq..
1835 3121 1884 3188 Ο

187 3188 434 3244 adhibito
496 3187 686 3242 codice
734 3185 1019 3251 Thuaneo,
1078 3185 1465 3251 Chesnianam,
1519 3185 1805 3240 Pithieana

192 3279 524 3343 inconsulta,
558 3279 808 3350 Bouquet
832 3286 961 3333 tom.
997 3277 1134 3345 Vlll,
1167 3279 1270 3331 176
1295 3294 1441 3350 sqq.,
1488 3294 1552 3332 ex
1584 3278 1804 3342 eodem,

192 3371 274 3425 cui
285 3372 399 3440 jam
429 3371 786 3427 bibliotheca:
846 3371 1011 3442 regia:
1056 3369 1379 3424 Parisiensis
1427 3369 1528 3424 sub
1577 3386 1631 3423 n.
1669 3369 1810 3425 5351

194 3462 370 3518 illatus
395 3471 536 3531 erat,
565 3470 619 3518 et
663 3463 853 3518 codice
902 3461 956 3517 S.
992 3462 1225 3518 Victoris
1269 3461 1592 3517 Parisiensis
1614 3478 1812 3516 emen-

195 3554 476 3610 daverunt.
506 3555 682 3610 Editio
707 3562 890 3610 nostra
911 3554 996 3608 his
1025 3553 1290 3609 subsidiis
1321 3553 1516 3608 nititur
1536 3554 1668 3623 (27).

265 3643 410 3714 (1)6.
448 3642 584 3697 bibl.
647 3643 778 3699 olim
836 3644 1054 3718 collegii
1111 3643 1420 3709 Trecensis,
1449 3644 1560 3713 jam
1587 3644 1639 3698 in
1672 3641 1810 3700 bibl.

202 3734 570 3792 universitatis
605 3735 1113 3805 Montispessulanae
1135 3733 1236 3788 sub
1262 3751 1316 3788 ιι.
1351 3735 1446 3788 151
1479 3739 1811 3799 asservatus,

202 3826 428 3880 membr.
463 3828 521 3881 in
554 3825 682 3881 folio
741 3825 961 3892 minori,
1011 3825 1198 3880 saeculi
1252 3842 1327 3895 χι,
1363 3841 1526 3897 quem
1561 3827 1818 3882 eumdem

205 3932 263 3971 ac
287 3919 675 3975 Divionensem
703 3918 895 3974 Pithaai
946 3934 1092 3984 esse,
1151 3919 1439 3983 lectiones,
1467 3919 1746 3990 appendix
1765 3928 1820 3974 et

205 4005 440 4063 visiones
476 4007 762 4062 Flothildze
783 4007 937 4078 operi
984 4005 1218 4078 praefixa:
1250 4007 1649 4063 demonstrant.
1686 4008 1818 4062 Eum

208 4095 260 4150 in
288 4115 444 4154 usum
473 4107 722 4156 nostrum
761 4117 908 4156 anno
946 4099 1078 4156 1837
1108 4101 1535 4174 diligentissime
1591 4100 1823 4156 contulit

211 4200 329 4240 cum
363 4189 527 4244 editis
550 4189 608 4243 V.
645 4189 725 4243 Cl.
759 4188 1024 4262 Georgius
1069 4188 1262 4243 Waitz.
1292 4189 1494 4244 Locum
1513 4190 1563 4244 ei
1588 4190 1820 4260 primum

216 4276 354 4334 inter
388 4281 637 4336 subsidia
682 4287 864 4336 nostra
911 4281 1341 4350 adjudicandnm
1401 4282 1616 4337 censui.
1653 4283 1825 4338 Habet

217 4367 607 4438 enimtcxtum,
649 4371 865 4442 qualem
926 4371 1266 4426 Flodoardus
1297 4388 1473 4443 usque
1511 4370 1580 4426 ad
1611 4371 1822 4426 obitum

221 4470 372 4512 suum
390 4460 640 4527 dederat,
667 4439 879 4532 absque
895 4461 1236 4531 appendice;
1266 4439 1502 4533 ideoque
1517 4477 1580 4516 ex
1593 4461 1827 4515 anthen—
1849 4439 1903 4508 D

224 4546 325 4602 tico
353 4550 632 4606 derivatns
660 4569 780 4608 esse
808 4553 1045 4616 videtur,
1067 4553 1215 4626 quod
1248 4547 1583 4609 lectionibus
1604 4559 1830 4623 praster-

226 4648 287 4688 ea
317 4636 370 4691 in
423 4641 740 4697 universum
773 4649 828 4697 et
885 4650 1033 4698 textu
1090 4644 1354 4700 continuo
1412 4645 1828 4717 comprobatur,

296 4768 398 4838 (26)
429 4773 468 4826 Α
518 4773 841 4832 Colvenerio
898 4775 953 4830 in
1012 4777 1204 4832 codice
1255 4778 1497 4836 historia:
1553 4780 1842 4837 Remensis

233 4852 506 4910 repertum
545 4863 558 4899 :

290 4964 350 5041 ξδ’
385 4975 433 5041 ty
462 4985 554 5019 ven
583 4973 642 5022 de
666 4973 987 5041 Rein_savoir_
1000 4974 1316 5041 leseveqnes,

295 4984 350 5028 by
385 4984 433 5079 ιῖ·
462 4985 554 5019 ven
583 4984 642 5022 de
666 4984 788 5023 Mein
820 4989 982 5023 savorr
1001 4984 1069 5024 les
1089 4990 1273 5041 eveqne

295 5027 391 5137 Lf'e
433 5047 464 5094 y
503 5041 763 5098 temperair
785 5037 845 5085 de
873 5037 1060 5086 Flodon
1078 5038 1120 5088 le
1147 5055 1273 5103 sage.

295 5089 329 5136 Υ
367 5106 417 5137 es
449 5105 580 5137 man
605 5099 672 5137 (in
698 5106 796 5137 tam
821 5098 1072 5137 d'nrlaﬂrv
1103 5116 1273 5137 nvnnm

367 5106 417 5167 es
433 5089 580 5167 "mort
600 5089 674 5146 ilu
698 5106 797 5146 tam
821 5098 1072 5167 d'Qdadry
1103 5089 1306 5167 eveque,

295 5151 353 5227 ξεξι
386 5155 466 5227 fut
489 5159 794 5227 d'Espernay
825 5165 886 5227 ne
906 5151 1189 5227 parantage,

296 5210 474 5289 Χρειιιξι
499 5210 825 5289 casté_cler6q,
851 5210 1344 5289 bo‘n_momc?,_nillleu
1366 5228 1508 5288 abbé,

298 5271 356 5346 Et
375 5271 605 5346 d'Agapit
638 5284 687 5346 ly
715 5271 919 5334 Ruinam
948 5271 1192 5345 fut'a'ub'é',

298 5336 389 5412 {ar
412 5336 720 5412 serilij'sto're
741 5348 954 5412 maintes
982 5336 1235 5412 nouvelles
1255 5367 1412 5412 saura,

302 5399 360 5448 Et
380 5399 704 5456 entide'toute
729 5409 973 5472 antiquite
998 5410 1168 5471 beura,

314 5543 420 5616 (27)
470 5548 645 5606 Codex
695 5552 806 5619 jam
860 5561 1081 5608 exustus
1135 5556 1269 5611 bibl.
1330 5557 1467 5612 Cott.
1512 5557 1651 5612 Otho
1685 5556 1739 5610 Β.
1778 5558 1846 5613 lll

250 5607 435 5670 Chron.
464 5607 755 5676 Frodoar'di
784 5625 818 5676 S
869 5607 1158 5681 Albania:
1337 5607 1493 5681 iii:—
1517 5607 1711 5681 96—6'o3t
1729 5607 1845 5684 illa:

250 5688 457 5752 genaldi
516 5693 791 5765 Andegav.
851 5724 921 5732 —
968 5694 1104 5749 1277
1145 5697 1332 5767 (Smith
1369 5700 1484 5753 Cal.
1536 5698 1664 5752 bibl.
1708 5698 1841 5753 Gott.

1898 1931 1982 1986 Dr.
2022 1931 2356 1986 Kiloniensis
2388 1931 2570 1985 vertit.
2634 1929 2849 1983 Librum
2883 1929 3137 1982 eumdem
3191 1947 3255 1983 ac
3287 1929 3507 1983 Chesnii

1893 2018 2209 2074 Thuancum
2253 2018 2750 2087 essejudicaveris,
2784 2018 2885 2072 nisi
2911 2019 3057 2089 quod
3105 2018 3315 2072 Thuani
3349 2018 3402 2070 in
3444 2033 3510 2072 co

1895 2128 2098 2167 nomen
2142 2111 2505 2166 desideratur.
2558 2109 2862 2164 Annalibus
2915 2110 3159 2164 notitiam
3229 2110 3297 2164 de
3355 2110 3510 2164 obitu

1899 2206 2074 2262 Caroli
2137 2205 2278 2260 Calvi
2341 2204 2642 2276 praemittit,
2705 2221 2769 2258 ex
2820 2204 2960 2259 libro
3005 2205 3243 2276 quodam
3277 2204 3514 2259 abbatiae

1899 2295 2130 2350 S.Far2e
2159 2295 2456 2349 Meldensis
2507 2295 2860 2364 descriptam,
2917 2311 3040 2364 quae
3105 2303 3286 2348 tamen
3353 2309 3517 2347 causa

1901 2384 2022 2445 fuit.
2057 2384 2205 2455 quod
2238 2383 2383 2437 docti
2416 2383 2512 2436 viri
2539 2383 2724 2453 plures
2753 2381 2954 2436 abinde
2987 2382 3346 2436 Flodoardum
3371 2382 3515 2435 scri-

1901 2475 2070 2530 bendi
2102 2474 2316 2528 initinm
2368 2473 2563 2528 fecisse
2597 2481 2650 2527 et
2680 2489 2855 2528 annos
2899 2473 3083 2543 Operis
3131 2472 3250 2540 ejus
3273 2473 3517 2527 878-918

1899 2565 2205 2622 desiderari
2261 2574 2590 2620 statuerent.
2649 2566 2801 2629 Quod
2851 2581 3012 2635 quam
3044 2564 3259 2619 veritati
3282 2570 3512 2618 contra-

1902 2653 2042 2709 rium
2101 2653 2194 2718 sit,
2238 2662 2353 2707 tum
2405 2670 2468 2708 ex
2518 2653 2650 2724 ipsis
2703 2652 2990 2707 codicibus
3021 2660 3134 2706 tum
3167 2669 3232 2706 ex
3284 2653 3520 2706 llichero

1903 2750 2072 2814 patet,
2103 2742 2197 2813 qui
2248 2741 2612 2796 Flodoardum
2653 2741 2722 2796 ab
2770 2758 2860 2795 an.
2907 2742 3012 2797 919
3042 2741 3332 2812 exscripsit
3383 2743 3516 2812 (29).

1905 2835 2161 2890 Notitiam
2189 2835 2346 2888 istam
2371 2835 2462 2888 hic
2503 2833 2797 2888 inserimus
2828 2851 2841 2887 :

1982 2951 2001 2978 ι
2041 2935 2194 2984 Anno
2223 2929 2326 2984 877
2369 2936 2424 2984 et
2475 2929 2778 2983 indictione
2834 2945 2885 2993 x,
2948 2945 2982 2982 ιι
3037 2928 3217 2982 Nonas
3247 2927 3523 2999 [Pithreus,

1905 3001 2144 3078 ind._xu.
2165 2999 2384 3078 _Nonas]
2415 3000 2684 3064 Octobris,
2709 2999 3258 3078 praecellentis-simus
3287 3001 3526 3078 impera-

1905 3082 1992 3126 tor
2023 3071 2270 3144 liarolus,
2302 3078 2502 3144 sanctae
2550 3071 2950 3144 recordationis
3007 3071 3352 3144 insignisque
3406 3071 3531 3126 me-

1906 3143 2114 3206 moriae,
2171 3142 2531 3210 temporalem
2599 3141 2801 3195 ﬁniens
2857 3141 3414 3206 cursumffeliciter,
3473 3149 3533 3195 ut

1907 3214 2208 3285 credimus,
2237 3213 2321 3285 ad
2342 3213 2542 3285 g'iudia
2577 3213 2829 3285 migravit
2871 3212 3231 3285 aiterna_._llic
3251 3214 3529 3285 siquidem

1909 3284 2014 3338 fuit
2061 3283 2407 3354 serenissimi
2453 3283 2668 3354 augusti
2719 3283 3008 3354 rHludovici
3061 3283 3229 3354 filius,
3263 3283 3336 3338 ac
3357 3299 3534 3354 nepos

1911 3353 2294 3428 gloriosissimi
2325 3353 2544 3428 caesaris
2568 3353 2821 3428 ejusdem
2853 3354 3097 3428 nominis
3130 3353 3330 3411 Karoli.
3365 3353 3535 3428 Cujus

1913 3423 2262 3497 celsitudinis
2292 3423 2800 3497 atquedulcedinis
2830 3425 3175 3480 nobilissima
3217 3426 3533 3497 propinqua

1914 3496 2054 3572 ejus,
2090 3495 2349 3572 Bertrada
2397 3494 2698 3572 abbatissa,
2755 3511 2879 3572 cum
2914 3494 3535 3572 omni‘co‘ngregatione

1914 3566 2022 3621 sibi
2053 3565 2344 3620 commissa
2375 3564 2876 3635 supplicationibus
2907 3564 3286 3621 devotissiniis
3310 3564 3531 3622 assidue

1918 3652 2149 3700 memor,
2182 3637 2321 3710 hanc
2338 3636 2664 3710 memoriam
2689 3636 2888 3710 litteris
2919 3638 3251 3710 compendio
3275 3656 3539 3710 compre-

1918 3709 2145 3763 hensam
2197 3707 2326 3763 fecit
2375 3707 2642 3772 describi,
2695 3723 2816 3778 quae
2869 3707 2922 3760 in
2977 3709 3097 3775 ejus
3154 3707 3540 3765 anniversario

1920 3779 2204 3906 annuatim
2240 3779 2581 3844 recitaretur,
2629 3778 2860 3850 ejusque
2885 3778 3150 3832 memoria
3177 3796 3406 3851 semper
3438 3783 3542 3836 ha-

1961 3857 2163 3906 eretur.
2194 3871 2218 3900 ι)

1961 3857 2163 3906 eretur.
2194 3871 2218 3900 ι)

1996 3941 2067 3993 Ex
2099 3939 2294 3994 codice
2327 3940 2432 3994 isto
2465 3939 2618 3994 ﬂuxit

1990 4029 2070 4096 2⁸)
2103 4029 2156 4083 C.
2184 4030 2537 4085 bibliothecae
2582 4031 2896 4104 Albigensis
2958 4031 3128 4086 chart.
3167 4031 3219 4085 in
3281 4030 3376 4086 fol.
3404 4046 3535 4086 saec.

1923 4139 2053 4178 xvii.
2099 4122 2738 4177 lnscribiturFredoardi
2742 4125 3050 4193 presbyteri
3075 4125 3315 4180 Annales
3346 4125 3434 4190 ;58
3451 4142 3537 4194 pa-

1923 4211 2082 4285 ginas
2115 4210 2299 4280 explet
2333 4211 2640 4277 ;lectiones
2671 4211 2790 4280 ejus
2814 4211 3076 4268 momenti
3110 4211 3344 4280 alicujus
3377 4213 3548 4268 \Vait-

1924 4301 2010 4356 zio
2043 4300 2328 4372 ﬂagitante
2351 4308 2602 4356 enotatas
2653 4301 2806 4356 urbis
2862 4302 3315 4358 bibliothecarius
3366 4311 3548 4358 trans-

1926 4389 2094 4444 misit.
2149 4388 2380 4442 Exhibet
2437 4391 2666 4446 annales
2715 4407 2983 4446 annornm
3031 4391 3292 4459 919-966,
3338 4392 3551 4464 adjecta

1929 4479 2235 4553 appendice
2265 4481 2395 4535 anni
2428 4481 2552 4549 966,
2586 4483 2803 4554 qualem
2837 4484 2892 4538 in
2925 4485 3114 4541 codice
3147 4486 3180 4539 3
3222 4485 3475 4560 legimus.

1999 4576 2052 4646 3)
2080 4574 2262 4630 Tertio
2315 4573 2435 4630 loco
2480 4574 2754 4630 laudanda
2814 4577 2963 4632 venit
2991 4577 3161 4633 editio
3191 4577 3548 4646 Pitho:i,una

1932 4685 2082 4727 cum.

1942 4783 2108 4855 p.69)
2142 4781 2419 4838 recentius
2447 4799 2589 4855 opus
2631 4799 2697 4838 ex
2745 4781 3050 4841 Flodoardo
3089 4785 3347 4841 haustum
3375 4784 3556 4843 conti-

1949 4853 2134 4908 nuisse
2165 4855 2397 4910 videtur.

2019 4927 2129 4998 (28)
2161 4927 2373 4980 Scheda
2403 4927 2628 4998 antiqua
2650 4933 2787 4981 teste
2821 4927 2875 4982 in
2913 4928 3016 4983 hoc
3037 4926 3230 4983 codice
3262 4927 3558 4984 continen«

1952 5005 2077 5052 tur:
2112 4999 2299 5052 Passio
2324 5001 2500 5052 sancti
2527 5001 2708 5052 emani
2735 5003 2784 5053 et
2838 5002 3099 5054 sociorum
3157 4999 3290 5070 ejus.
3343 5001 3471 5056 Vita
3509 5004 3558 5055 et

1949 5070 2215 5122 transitus
2274 5072 2451 5140 sancti
2502 5071 2776 5125 marcialz‘s
2823 5073 3059 5140 episcopi
3107 5076 3156 5125 et
3217 5073 3555 5139 confessoris.

1951 5141 2181 5195 Cronica
2200 5139 2488 5206 frodoardi
2510 5141 2804 5210 presbiteri
2831 5139 2896 5195 dc
2933 5139 3096 5210 gestis
3115 5159 3556 5197 normannorum.

1947 5212 2135 5265 Passio
2186 5215 2494 5283 sanctorum
2558 5215 2870 5280 pontiﬁcum
2921 5215 3201 5268 saviniani
3237 5216 3563 5283 potwnciani

1950 5284 2315 5350 sociorumque
2370 5282 2486 5350 ejus
2519 5283 2700 5336 Altini
2746 5299 2789 5336 s.
2821 5285 3035 5337 eodaldi
3085 5282 3341 5339 victorini
3369 5302 3411 5339 s.
3440 5300 3561 5339 ero-
3651 5293 3662 5302 ’

1953 5355 2109 5407 tiani.
2150 5355 2278 5408 l'ita
2329 5357 2378 5407 et
2431 5356 2768 5408 conversacio
2807 5355 2981 5408 karoli
3011 5359 3153 5423 regis
3185 5359 3390 5424 magni,
3434 5358 3564 5412 Vita

1952 5424 2188 5479 ludovici
2233 5427 2597 5494 imperatoris.
2665 5427 2793 5479 Vita
2847 5431 3029 5479 sancte
3063 5431 3234 5482 morie
3271 5430 3561 5497 egipciace.

1950 5497 2234 5566 Expositio
2289 5497 2546 5551 heimonis
2603 5499 2664 5551 in
2707 5498 3060 5566 apocalipsin.
3103 5529 3172 5538 —
3220 5498 3563 5554 Flodoardus

1952 5565 2049 5619 fol.
2082 5567 2249 5621 21-41
2285 5567 2539 5622 habetur.

2019 5635 2131 5706 (29)
2163 5638 2377 5717 Annum
2407 5640 2508 5717 9t7
2541 5655 2828 5717 perperam
2863 5639 3054 5698 scribit
3083 5641 3280 5696 Chron.
3307 5642 3565 5717 Andega—

1944 5720 2135 5773 vense,
2165 5709 2309 5777 apud
2342 5709 2608 5777 Labbe’l,
2642 5709 2695 5782 p.
2723 5712 2848 5768 285.
