3972 6206
450 291 556 347 423

1574 280 1939 340 FLODOARDI
1980 280 2285 340 CANONICI
2325 277 2656 336 REMENSIS

3680 279 3786 335 ἂι

518 422 595 492 3⁸)
625 418 956 475 lectionibus
984 415 1191 472 codicis
1242 413 1525 486 cujusdam
1572 413 1626 468 in
1658 414 1907 490 margine
1938 412 2057 468 edi-
2083 412 2287 485 Adem
2338 410 2472 465 illud
2530 408 2844 478 Erlebaldo,
2895 410 3126 482 recepit,
3183 417 3239 464 et
3290 409 3583 482 dispositis
3646 412 3781 467 inibi

450 513 618 569 tionis
639 512 926 568 Pithoeanae
956 508 1095 583 sigla
1123 508 1191 561 M.
1223 506 1413 570 notati,
1448 514 1504 562 et

521 606 604 676 3b)
631 605 820 660 codice
834 604 1006 658 sancti
1036 600 1269 657 Victoris
1297 599 1646 666 Parisiensis,
1679 599 1838 668 cujus
1870 598 2064 655 lectio-

453 714 555 754 nes
573 697 720 769 apud
755 697 1098 769 Bouquetum
1126 693 1421 765 proposita
1447 692 1595 747 hunc
1615 692 1666 747 ei
1704 690 1885 748 locum
1917 691 2065 746 adsi-

453 795 645 862 gnant.

528 879 620 935 Usi
642 894 833 935 sumus
864 883 1132 948 pratcrea
1150 873 1534 947 scriptoribus,
1592 871 1684 945 qui
1705 870 2071 927 Flodoardum

454 973 657 1029 saculo
717 972 915 1027 eodem
949 977 1005 1027 et
1046 969 1295 1042 proxime
1349 964 1711 1039 sequentibus
1762 962 1917 1019 libris
1947 963 2064 1017 suis

455 1071 816 1135 exceperunt,
848 1062 1084 1118 Richero
1114 1067 1168 1116 et
1234 1059 1458 1132 Hugone
1504 1055 1899 1112 Flaviniacensi
1932 1054 2067 1125 (30),

455 1155 550 1227 qui
581 1171 704 1210 cum
736 1154 927 1210 codice
961 1160 1149 1209 nostro
1183 1152 1201 1206 ι
1242 1149 1614 1215 consentiunt,
1648 1155 1760 1204 tum
1785 1147 2069 1202 Baldcrico

455 1253 511 1302 et
531 1246 758 1320 Hugone
787 1243 1143 1310 Floriacensi,
1193 1258 1497 1312 eorumque
1539 1240 1807 1296 lectiones
1836 1238 2074 1294 additio-

455 1350 629 1390 nesve
659 1333 787 1388 hinc
816 1332 944 1387 inde
975 1332 1326 1387 adducendas
1365 1330 1640 1386 duximus.

526 1445 682 1499 Anno
710 1442 1107 1499 incarnationis
1136 1441 1345 1497 domini
1368 1441 1540 1497 nostri
1559 1440 1731 1495 Jhesu
1777 1437 1999 1493 Christi.

1093 1556 1435 1611 DCCCCXIX.

457 1646 656 1704 cecidit
687 1647 873 1702 Remis
898 1646 1109 1721 grando
1130 1645 1423 1711 mirabilis,
1464 1660 1629 1700 ovum
1658 1642 1878 1714 gallina
1903 1657 2073 1713 supe-

458 1756 584 1796 rans
611 1740 993 1814 magnitudine
1023 1758 1037 1805 ;
1071 1755 1191 1811 qua
1218 1753 1349 1793 vero
1366 1734 1857 1792 distendebaturin
1887 1734 2072 1790 latitu-
2101 1737 2152 1805 Β

459 1829 611 1897 dine,
642 1828 950 1899 occupabat
993 1828 1238 1883 medium
1288 1827 1503 1897 palma.
1560 1824 1668 1879 Sed
1724 1831 1781 1879 et
1805 1823 2071 1897 grandior

460 1936 560 1990 per
586 1918 695 1973 alia
720 1917 974 1989 quadam
999 1917 1118 1972 loca
1149 1916 1267 1970 visa
1314 1922 1398 1970 est
1452 1914 1746 1970 cecidisse.
1781 1914 1894 1969 Hoc
1923 1927 2069 1968 anno

462 2008 601 2062 nihil
624 2008 736 2062 vini
766 2008 820 2061 in
884 2022 1023 2080 pago
1057 2006 1328 2061 Remense
1354 2006 1367 2039 ι
1418 2004 1525 2059 nisi
1557 2020 1746 2075 parum
1774 2003 2070 2058 admodum

460 2099 582 2155 fuit.
640 2098 960 2154 Nortmanni
990 2100 1011 2132 ²
1060 2113 1283 2153 omnem
1342 2096 1723 2151 Britanniam3
1770 2095 1825 2149 in
1872 2094 2078 2150 Cornu-

462 2188 649 2243 Gallia
679 2186 807 2259 (31),
840 2187 897 2242 in
927 2203 1024 2243 ora
1054 2187 1266 2243 scilicet
1297 2186 1592 2249 maritima,
1621 2186 1782 2240 sitam
1813 2184 2075 2255 depopu-

461 2277 664 2345 lantur,
697 2285 986 2349 proterunt
1037 2283 1203 2349 atqne
1247 2277 1459 2344 delent,
1511 2275 1785 2341 abductis,
1814 2274 2074 2341 venditis,

459 2368 771 2440 ceterisque
803 2367 1221 2437 cunctisejectis
1250 2366 1605 2423 Brittonibus.
1646 2364 1887 2440 ﬂungari
1918 2365 1938 2399 ‘
1970 2364 2079 2419 lta-

462 2457 590 2513 liam
622 2467 948 2531 partemque
979 2460 1000 2494 ⁵
1028 2458 1292 2526 Francia,
1350 2474 1584 2530 regnum
1634 2457 1849 2513 scilicet
1881 2455 2080 2510 Lotha-

410 2545 421 2552 ’
464 2551 531 2606 rii
563 2551 1335 2622 ‘(32),depradantur.Anno
1355 2547 2078 2606 Dominicaincarnationis

1137 2642 1429 2698 DCCCCXX

467 2747 611 2802 pene
638 2732 670 2764 “
689 2746 885 2787 omnes
912 2731 1153 2786 Francia
1191 2732 1424 2786 comites
1483 2745 1666 2805 regem
1713 2745 1873 2785 suum
1904 2729 2078 2783 Κατο-

468 2821 581 2875 lum
611 2822 756 2892 apud
800 2822 990 2876 urbem
1057 2821 1446 2877 Suessonicam
1492 2820 1534 2885 ⁷,
1569 2822 1699 2893 quia
1724 2821 2082 2895 Haganonem

467 2912 846 2971 consiliarium
868 2929 1050 2979 suum,
1106 2929 1269 2984 quem
1301 2912 1369 2968 de
1396 2913 1770 2970 mediocribus
1801 2920 2082 2986 potentem

468 3004 695 3069 fecerat,
720 3004 996 3059 dimittere
1024 3004 1272 3072 nolebat,
1302 3004 1699 3077 reliquerunt“.
1719 3002 2087 3057 Hcriveusau-

470 3101 601 3159 tem,
626 3094 920 3148 Remorum
943 3091 1415 3165 archiepiscopus,
1447 3092 1923 3166 accipiensregem
1955 3104 2081 3145 cum
2114 3069 2164 3139 C

471 3199 667 3241 omnes
687 3200 813 3240 eum
839 3185 1237 3251 deseruissent,
1266 3185 1421 3240 duxit
1454 3201 1579 3240 eum
1610 3185 1679 3239 ad
1710 3181 1951 3253 hospitia
1986 3196 2086 3236 sua

472 3276 530 3330 in
559 3275 741 3330 villam
756 3276 777 3310 ⁹
807 3292 930 3348 qua
944 3276 1148 3331 dicitur
1178 3276 1555 3343 Carcarisia“),
1572 3276 1627 3330 in
1643 3274 1942 3332 crastinum
1954 3286 2086 3327 vero

469 3372 741 3419 venerunt
769 3366 821 3419 in
838 3364 1191 3420 Crusniacum
1210 3365 1573 3433 “,Remensis
1591 3362 1857 3436 episc0pii
1877 3361 2085 3426 villam,

470 3453 662 3527 ibique
692 3461 1035 3523 manserunt,
1063 3455 1241 3511 donec
1271 3452 1951 3524 Remisvenirent.Sicque
1984 3451 2087 3505 de-

468 3543 625 3599 duxit
652 3558 779 3598 eum
811 3559 909 3615 per
920 3550 1133 3614 septem
1151 3542 1265 3599 fere
1279 3557 1706 3613 menses,usque
1723 3556 1834 3613 quo
1855 3541 1932 3595 illi
1954 3554 2086 3596 suos

470 3635 772 3708 principes,
797 3651 1035 3707 eumque
1048 3651 1150 3691 suo
1168 3636 1485 3691 restitueret
1515 3649 1707 3709 regno.
1742 3633 1937 3689 Postea
1955 3648 2083 3704 pro-

470 3726 649 3782 fectus
670 3733 752 3782 est
768 3726 1220 3798 archiepiscopus
1244 3724 1505 3780 Heriveus
1517 3740 1687 3796 super
1697 3722 1931 3791 Mosam,
1954 3738 2087 3795 pro-

472 3828 596 3892 pter
614 3821 892 3893 quoddam
923 3820 1205 3876 castellum
1232 3819 1286 3873 in
1308 3827 1457 3874 terra
1480 3819 1567 3874 sui
1597 3818 1871 3891 episcOpii
1896 3819 2083 3885 situm,

471 3912 622 3984 quod
662 3912 952 3968 nominant
999 3911 1318 3966 Macerias"
1348 3910 1484 3982 (33),
1512 3910 1914 3982 recipiendum,
1937 3912 2087 3982 quod

472 4005 698 4060 tenebat
748 4001 1091 4071 Erlebaldus,
1143 4018 1331 4059 comes
1382 4003 1508 4077 pagi
1572 4001 2084 4075 Castricensis(34),

473 4099 667 4150 contra
694 4092 880 4160 illum;
912 4108 1078 4165 quem
1108 4097 1240 4148 tunc
1263 4091 1429 4147 etiam
1443 4090 1682 4147 habebat
1709 4093 2087 4148 excommuni-

472 4190 679 4252 catum,
709 4190 935 4254 propter
974 4183 1065 4238 illa
1094 4198 1218 4254 qua
1249 4181 1422 4254 ipsius
1461 4181 1815 4253 episcopatus
1867 4180 2087 4237 familia

472 4274 786 4348 frequentia
847 4276 1136 4352 ingerebat
1194 4274 1358 4343 mala,
1428 4283 1765 4346 propterque
1831 4275 2083 4332 Altmon-

474 4378 583 4424 tem
607 4368 734 4440 (35),
766 4369 1016 4425 ecclesia
1048 4367 1360 4436 Remensis,
1390 4367 1541 4439 quod
1578 4367 1762 4422 furtim
1791 4366 2085 4440 irruperat,

474 4467 733 4516 castrum.
768 4460 1231 4533 ArchiepiscOpus
1255 4466 1436 4516 autem
1468 4467 1760 4531 postquam
1800 4460 2083 4532 prafatum

2161 500 2449 563 custodiis,
2474 514 2726 554 reversus
2764 507 2849 554 est
2873 499 3079 555 Remis.
3130 500 3231 566 Qui
3278 501 3605 557 Erlebaldus
3656 518 3787 574 pro-

2165 594 2338 648 fectus
2361 593 2428 647 ad
2458 607 2665 665 regem,
2716 591 2811 662 qui
2854 598 2985 646 tunc
3014 591 3332 649 morabatur
3362 592 3418 645 in
3460 606 3605 664 pago
3632 591 3787 647 War-

2164 683 2406 738 macensi
2434 682 2637 737 sedens
2657 689 2849 737 contra
2871 679 3189 735 Heiuricum
3220 680 3575 751 13principem
3589 680 3788 735 Trans-

2164 776 2496 830 rhenensem
2525 774 2567 807 “
2599 771 2673 826 ibi
2724 771 2794 826 ab
2826 771 3078 826 hostibus
3112 770 3258 844 regis
3294 769 3403 825 sibi
3444 771 3488 805 1⁵
3518 787 3785 843 superve-

2173 864 2455 919 nientibus
2486 861 2809 917 interfectus
2827 868 2931 918 est.

2170 975 2200 1008 *
2238 976 2380 1030 Hist.
2413 977 2559 1030 Rem.
2594 991 2667 1041 ιν,
2710 974 2796 1027 15.
2850 974 2980 1028 Cum
3026 988 3171 1041 pene
3217 974 3401 1029 cuncti
3451 974 3786 1029 Francorum

2241 1046 2535 1119 optimates
2586 1045 2742 1119 apud
2777 1046 2971 1119 urbem
3016 1045 3401 1100 Suessonicam
3434 1062 3466 1100 a
3521 1062 3657 1119 rege
3688 1061 3789 1100 suo

2244 1116 2441 1172 Karolo
2475 1117 2654 1190 [Kay-lo
2672 1116 2743 1190 c.]
2806 1117 3202 1182 desciscentes,
3259 1125 3487 1190 propter
3524 1116 3788 1190 lla—gam-

2245 1204 2372 1242 nem
2414 1187 2788 1243 consiliarium
2847 1203 3030 1260 suum,
3080 1187 3270 1260 quem'
3312 1187 3380 1243 de
3412 1187 3793 1260 mediocribus

2247 1260 2483 1314 electum
2522 1275 2690 1330 super
2717 1273 2912 1313 omnes
2927 1259 3207 1330 principes
3245 1259 3506 1314 audiebat
3526 1270 3580 1314 et
3612 1261 3792 1315 hono-

2247 1330 2424 1394 rabat,
2457 1347 2582 1385 eum
2606 1330 2825 1401 penitus
2849 1331 3224 1401 reliquissent,
3254 1330 3341 1386 hic
3380 1331 3629 1402 pontifex
3662 1331 3795 1386 ﬁde-

2246 1401 2314 1456 lis
2347 1408 2402 1457 et
2446 1402 2570 1472 pius
2633 1408 2796 1473 atque
2840 1402 3098 1456 robustus
3130 1402 3193 1473 in
3258 1401 3521 1472 periculis
3570 1418 3795 1473 semper

2248 1474 2509 1537 existens,
2535 1472 2720 1544 regem
2753 1473 3063 1543 intrepidus
3093 1472 3161 1526 ab
3220 1473 3419 1544 eodem
3460 1473 3582 1528 loco
3612 1472 3796 1527 suaci-

2248 1544 2429 1616 piens,
2471 1545 2538 1598 ad
2569 1543 2830 1598 metatum
2859 1560 3018 1598 suum
3048 1544 3279 1616 deduxit
3300 1543 3574 1616 ;indeque
3603 1559 3791 1616 secum

2245 1614 2314 1670 ad
2346 1615 2538 1669 urbem
2572 1615 2903 1696 Remensem
2935 1614 3211 1696 perduxit,
3242 1623 3417 1696 etper
3435 1614 3664 1696 septem.
3678 1614 3794 1696 fere

2246 1702 2469 1767 menses
2498 1702 2625 1767 eum_
2646 1694 2971 1767 prosecutus
2997 1692 3161 1767 atque
3193 1686 3487 1741 comitatus
3520 1686 3795 1767 [contuta-

2246 1764 2334 1812 tus
2364 1757 2433 1828 c.]
2463 1767 2567 1839 est,
2595 1757 2774 1839 donec
2804 1756 2883 1811 illi
2941 1756 3175 1813 comites
3206 1773 3357 1825 suos,
3414 1756 3794 1829 eumdemque

2239 1844 2412 1903 regno
2441 1828 2678 1883 restituit
2704 1828 2720 1899 ]
3706 1828 3711 1829 “

2240 1899 2308 1933 *⁸*
2330 1903 2549 1955 H.Rem.
2599 1915 2670 1954 iv.
2733 1899 2820 1955 16.
2884 1898 3387 1955 Excommunicavit
3449 1899 3540 1956 hic
3593 1897 3794 1970 praesul

2250 1970 2601 2046 erebaldum
2647 1971 2909 2046 comitem
2969 1971 3331 2026 Castricensis
3375 1971 3521 2046 pagi,
3571 1978 3800 2046 propter

2252 2042 2542 2097 Remensis
2572 2042 2838 2113 episcOpii
2866 2049 3092 2107 terram,
3126 2059 3288 2113 quam
3313 2041 3655 2113 pervaserat,
3690 2041 3801 2096 ibi-

2248 2129 2354 2185 que
2374 2114 2740 2185 munitionem
2804 2113 3079 2184 quandam
3112 2130 3279 2184 super
3302 2113 3508 2185 Mosam
3539 2123 3800 2185 constru-

2247 2183 2418 2256 xerat,
2454 2184 2696 2256 indeque
2710 2183 3019 2256 frequentia
3031 2183 3421 2240 ecclesiastica
3438 2183 3665 2256 familia
3683 2200 3803 2239 ma-

2248 2256 2301 2329 la
2328 2255 2636 2329 ingerebat.
2665 2255 2966 2329 insuperet
2984 2262 3222 2329 castrum
3240 2255 3801 2329 Altimontemifurtim

2250 2327 2523 2397 irruperat
2573 2327 2681 2381 Sed
2702 2343 2837 2399 cum
2899 2327 3106 2399 necita
3156 2334 3397 2382 cessaret
3427 2344 3456 2381 a
3483 2327 3649 2399 malis
3679 2343 3802 2399 qua

2250 2404 2513 2470 caperrat,
2557 2398 2735 2470 pergit
2773 2398 3229 2470 archiepiscopus
3260 2414 3382 2454 eum
3408 2399 3527 2453 suis
3575 2398 3648 2453 ad
3698 2398 3801 2470 ca-

2252 2468 2511 2541 piendam
2546 2468 2935 2533 munitionem,
2965 2468 3141 2541 quam
3163 2469 3254 2524 ille
3287 2478 3667 2525 construxerat
3692 2468 3805 2523 Ma-

2250 2540 2539 2612 ceriasque
2602 2541 2941 2596 nominabat.
2985 2540 3155 2606 Quam
3213 2556 3315 2611 per
3347 2549 3613 2612 quatuor
3660 2556 3804 2612 pene

2250 2610 2589 2666 ebdomadas
2618 2610 3454 2678 obsidens,deserente’tande‘m
3488 2612 3638 2666 illam
3657 2610 3806 2666 Erle—

2250 2682 2448 2754 baldo,
2476 2682 2720 2754 cepit,et
2750 2682 3018 2754 depositis
3036 2683 3173 2737 inibi
3207 2683 3481 2738 custodiis
3503 2683 3697 2738 Remis
3716 2699 3808 2737 re-

2254 2753 2372 2808 diit.
2411 2752 2497 2835 ἈῑΔ
2522 2752 3161 2835 Erlebaldusprofectus
3199 2754 3268 2834 ad
3299 2769 3524 2835 regemL
3543 2755 3646 2835 qui
3661 2761 3809 2835 .tunc

2254 2772 2372 2808 αιιι.
2425 2772 2489 2807 Al
2522 2772 2842 2835 nrieoaiaus
2856 2772 3161 2877 Χθνοιθοιυδ
3199 2772 3268 2834 an
3299 2772 3508 2828 regem,
3543 2772 3646 2835 qul
3679 2772 3805 2809 tunc

2254 2823 2573 2897 morabatur
2611 2841 2667 2897 in
2692 2841 2832 2897 pago
2924 2841 3230 2897 armacensi
3254 2834 3445 2897 contra
3483 2824 3805 2897 Hennricﬁum

2257 2895 2567 2967 principem
2615 2895 3143 2961 Transrhenensem,
3191 2895 3399 2951 ibidem
3451 2896 3520 2950 ab
3554 2896 3810 2951 hostibus

2261 2966 2406 3039 regis
2434 2966 2539 3021 sibi
2570 2967 3091 3044 supervenientibus
3121 2967 3487 3044 interemptus
3515 2968 3803 3044 estQuam

2258 3038 2443 3110 tamen
2478 3038 2831 3110 postmodum
2860 3038 2916 3092 in
2973 3038 3206 3109 synodo,
3266 3055 3430 3110 quam
3463 3039 3614 3109 apud
3643 3039 3811 3093 Tros-

2254 3109 2420 3164 leium
2436 3109 2582 3165 idem
2597 3110 2833 3165 domnus
2844 3109 3295 3180 archiepiscOpus
3304 3126 3428 3165 cum
3442 3110 3811 3165 dioecesaneis

2255 3181 2373 3262 suis
2400 3181 2611 3262 habuit,
2644 3181 3023 3261 intercedente
3055 3196 3183 3262 rege
3216 3190 3283 3262 .et
3318 3180 3525 3262 obnixe
3553 3180 3813 3257 ﬂagitan—

2255 3260 2335 3320 te,
2364 3268 2397 3308 a
2420 3253 2643 3308 vinculo
2675 3252 3264 3308 excommunicationis
3293 3252 3555 3309 absolvit.

2260 3358 2373 3415 Hoc
2398 3374 2567 3427 anno,
2625 3359 2882 3431 sequenti
2931 3375 3177 3431 quoque,
3221 3358 3463 3431 agitatur
3500 3359 3652 3414 inter
3689 3358 3810 3415 Hil-

2187 3450 2417 3506 duinum
2441 3452 2763 3523 episc0pum
2794 3458 2849 3505 et
2877 3450 3190 3507 Richarium
3212 3450 3469 3508 abbatem
3492 3451 3816 3524 deepisco-

2188 3552 2316 3616 patu
2342 3543 2649 3620 Tungrensi
2682 3543 2988 3600 contentio.
3014 3544 3296 3616 Siquidem
3318 3560 3412 3599 rex
3442 3542 3577 3599 illud
3601 3546 3816 3617 episco—

2187 3634 2337 3706 pium
2367 3635 2412 3670 ¹⁶
2463 3634 2741 3702 Richario,
2797 3635 2930 3707 quia
2978 3634 3269 3690 Hilduinus
3294 3651 3323 3690 a
3350 3652 3409 3690 se
3437 3634 3696 3705 descivit,
3726 3638 3813 3693 cui

2188 3725 2341 3797 prius
2371 3726 2552 3797 ipsum
2610 3734 2984 3793 concesserat,
3034 3728 3209 3784 dedit.
3252 3727 3630 3784 Hcrimannus
3680 3744 3813 3784 vero

2187 3817 2642 3890 archiepiscopus
2672 3816 2989 3874 Hilduinum
3022 3819 3099 3874 ibi
3150 3819 3499 3892 episcopum,
3566 3821 3815 3897 eligente

2188 3907 2358 3975 clero,
2386 3924 2449 3964 ac
2478 3908 2685 3980 populo
2715 3908 2956 3976 favente,
3006 3913 3249 3980 necnon:
3277 3909 3603 3975 Gislcberto,
3649 3927 3814 3983 quem

2189 3994 2411 4066 plurimi
2434 3996 2821 4052 Lotharienses
2847 3997 3177 4069 principem,
3227 3997 3420 4054 relicto
3438 3998 3643 4055 Karolo
3663 4015 3814 4074 rege,

2189 4090 2512 4165 delegerant
2542 4092 2583 4127 ¹⁷
2609 4092 2900 4148 ordinavit.
2936 4093 3163 4150 Karolus
3191 4109 3322 4150 vero
3390 4095 3628 4151 reversis
3648 4096 3719 4149 ad
3749 4110 3809 4150 se

2188 4186 2639 4244 Lothariensibus
2676 4195 2732 4244 et
2788 4189 2908 4261 ipso
2933 4188 3259 4256 Gisleberto,
3302 4189 3566 4247 Richario
3598 4190 3807 4256 abbati,

2187 4291 2298 4333 non
2329 4278 2588 4335 Hilduino
2624 4279 2910 4350 episcopo,
2956 4280 3138 4351 ipsum
3160 4280 3546 4351 episcopatum
3571 4297 3811 4338 consen-

2185 4365 2378 4429 tiebat.
2395 4367 2580 4424 Remis
2609 4368 2665 4423 in
2693 4369 3028 4425 monasterio
3056 4370 3233 4426 sancti
3262 4370 3405 4425 Petri
3438 4370 3549 4442 (36)
3580 4372 3652 4427 ad
3684 4386 3816 4443 por-

2185 4467 2293 4518 tam
2317 4461 2662 4519 basilicarem
2689 4479 2904 4532 cereus,
2942 4478 3108 4536 quem
3140 4465 3216 4520 ibi
3247 4468 3555 4537 posuerant
3578 4466 3637 4520 hi
3666 4467 3818 4523 cives

475 4553 783 4620 castellum,
812 4553 866 4608 id
892 4529 1282 4620 estMacerias,
1329 4529 1482 4608 cum
1504 4529 1629 4607 suis
1661 4529 1924 4608 ﬁdelibus
1983 4570 2085 4624 per
2104 4529 2163 4598 D
2186 4554 2279 4626 qui
2314 4555 2542 4611 Romam
2570 4555 2641 4610 ad
2669 4529 2941 4612 visitanda
2954 4529 3329 4628 apostolorum
3360 4559 3555 4615 limina
3578 4561 3814 4633 profecti

473 4652 735 4717 quattuor
753 4643 868 4701 fere
898 4645 1237 4702 ebdomadas
1265 4643 1596 4711 obsedisset,
1641 4643 1933 4702 deserente
1963 4650 2089 4701 tan-
2188 4647 2428 4717 fuerant,
2451 4662 2720 4705 accensus
2739 4655 2823 4705 est
2847 4649 2891 4685 ¹⁸
2916 4650 3082 4706 etiam
3127 4658 3211 4706 ter
3235 4650 3363 4726 igne
3395 4652 3440 4687 ιθ
3468 4653 3700 4710 calesti.
3733 4652 3811 4708 Ad

1815 4834 2050 4893 VARle
2100 4837 2478 4897 LECTIONES.

577 4969 866 5055 {remensi
980 4975 1039 5030 3.
1064 4974 1190 5055 "ita
1218 4975 1270 5055 1.
1304 4975 1719 5055 ξονίιηεινεξεηίειἱ
1742 4977 1837 5032 sed
1857 4980 1909 5032 et
1928 4977 2259 5055 noArdmanni
2293 4997 2308 5045 ;
2338 4979 2394 5055 2.
2419 4979 2472 5055 ξ.
2501 4983 2839 5055 _utrumque_,
2873 4979 3133 5055 Richerus
3151 4979 3478 5039 Nortmanni
3500 4982 3821 5055 plerumque

473 5042 496 5123 ξ
525 5041 947 5123 britanniam21
973 5047 1247 5123 sapias.)
1281 5046 1561 5123 Ahupgargi
1611 5047 1669 5123 3.
1748 5056 1956 5123 partem
1988 5050 2042 5123 3A.
2076 5051 2115 5123 °_
2144 5041 2381 5123 lodharii
2419 5051 2473 5105 3.
2501 5051 2520 5084 ⁷
2553 5041 2955 5108 suessionicam
2987 5052 3041 5106 1.
3088 5055 3291 5123 sapius
3324 5072 3342 5120 ;
3376 5041 3819 5111 sues‘sionem'3.

476 5113 891 5191 'ielinquerunt
920 5118 973 5191 2.
997 5113 1246 5191 97'villa2.
1276 5117 1329 5175 3.
1358 5118 1401 5191 f0
1423 5113 1763 5174 'carcasiria'
1797 5121 1851 5175 2.
1913 5121 1963 5177 3.
2002 5120 2207 5177 Carisia
2252 5125 2414 5191 Hugo
2465 5125 2547 5178 Fl.
2583 5123 2622 5157 ¹¹
2681 5123 3054 5179 crusiniacum
3084 5122 3136 5178 3.
3161 5113 3217 5158 ἠ
3245 5113 3561 5181 macberias
3620 5129 3679 5182 2.
3730 5126 3817 5183 3a.

474 5191 526 5274 et
554 5189 639 5241 ita
672 5189 870 5274 linire,
936 5189 978 5274 ‘f’
1003 5189 1403 5274 Ahe‘nricum‘3:
1456 5191 2009 5274 fitransrennensem
2066 5194 2121 5247 2.
2151 5193 2206 5248 3.
2268 5189 2458 5249 1“Sibi
2521 5193 2671 5267 regis
2722 5194 2777 5253 3.
2848 5195 2891 5229 ¹⁶
2950 5195 3274 5267 episcopum
3303 5196 3359 5251 2.
3423 5197 3464 5231 ιτ
3497 5197 3819 5274 delegerent

472 5270 614 5313 corr.
651 5258 975 5333 delegerant
1002 5261 1058 5317 2.
1094 5262 1137 5296 1⁸
1182 5260 1329 5317 deest
1372 5261 1419 5316 ι.
1455 5261 1635 5335 “igni
1673 5262 1729 5317 2.
1760 5263 1813 5317 3.

546 5530 655 5603 (30)
686 5529 976 5584 Lectiones
1019 5530 1141 5600 ejus
1197 5533 1354 5600 Hugo
1383 5531 1425 5583 V
1455 5549 1471 5598 ;
1523 5531 1910 5600 Floriacensis,
1941 5533 2098 5600 Hugo
2270 5532 2383 5605 (33)
2411 5535 2715 5590 Maisiéres.

474 5599 853 5677 nepotulum.
1064 5671 1074 5677 _
1149 5672 1233 5677 __
1296 5599 1299 5600 ⁷
1384 5672 1394 5677 _
1520 5672 1531 5677 _
1648 5672 1659 5677 _
2036 5599 2045 5600 7
2272 5599 2477 5677 (24)ln
2499 5621 2609 5677 quo
2649 5607 2900 5661 Méziéres
2926 5611 2982 5661 et
3010 5606 3312 5663 Douchéra.

546 5670 660 5741 (731)
693 5669 1033 5741 Qornqupg‘ye
1063 5671 1117 5725 in
1149 5672 1431 5727 Britannia
1459 5672 1683 5727 minori.
2271 5669 2383 5741 (35)
2411 5669 2630 5732 Omont.

549 5735 664 5806 (32)
699 5736 780 5789 Cf.
811 5735 1095 5795 Mabillon.
1128 5742 1269 5797 Ann.
1293 5741 1500 5796 Bened.
1535 5741 1613 5795 lib
1644 5757 1844 5807 xul,n.
1864 5741 1953 5799 30.
2412 5744 2686 5815 lnferiori,
2718 5764 2784 5803 ex
2805 5746 3009 5803 Mabill.
3039 5748 3175 5803 Ann.
3209 5765 3339 5818 xw,
3362 5753 3528 5809 n.41.
