3972 6206
186 353 290 410 425

1690 350 2007 406 ANNAMSS.

3401 352 3508 407 426

189 504 328 559 idem
354 516 576 573 quoque
603 500 999 555 monasterium
1025 500 1274 571 quandam
1309 499 1492 570 puella
1510 499 1805 553 advenerat

1911 490 1983 536 rat
2040 486 2260 552 prepter
2311 480 2652 551 episc0pium
2703 479 3042 552 Tungrense,
3110 493 3364 536 reversus
3404 490 3508 548 est,

187 595 411 649 nomine
457 594 694 658 Osanna,
744 593 814 647 de
869 608 1011 666 pago
1041 594 1086 626 ²⁰
1130 592 1396 647 Vonzinse
1427 593 1465 626 ²¹
1509 590 1639 661 (37},
1682 607 1804 644 car-

189 703 312 740 nem
363 701 475 739 non
519 685 842 750 comedens,
894 701 1075 754 neque
1119 699 1312 753 panem
1373 681 1440 736 ab
1496 681 1656 737 annis
1690 681 1801 749 jam

188 780 400 834 duobus
443 779 610 832 edere
656 779 866 842 valens,
922 777 1009 832 cui
1045 777 1229 831 multae
1266 777 1510 831 visiones
1545 775 1806 830 ostende-

188 873 386 921 bantur
413 885 426 920 :
455 867 578 920 Haec
610 865 666 919 in
690 865 822 935 ipsis
853 865 1050 920 diebus
1088 864 1397 920 ebdomada
1439 863 1604 934 plena
1629 863 1804 931 jacuit

189 956 433 1021 immota,
459 962 512 1008 ct
544 953 870 1023 sanguinem
903 969 1024 1007 cum
1065 953 1309 1008 omnium
1355 951 1721 1006 admiratione
1760 951 1806 985 ²¹

187 1045 426 1106 sudavit,
464 1045 534 1097 ita
575 1050 631 1096 ut
675 1044 824 1097 frons
878 1043 1000 1110 ejus
1049 1050 1157 1098 tota
1195 1050 1248 1096 et
1293 1042 1458 1095 facies
1510 1057 1685 1111 usque
1733 1040 1801 1094 ad

186 1135 386 1189 collum
420 1132 731 1204 operiretur
761 1130 1032 1204 sanguine
1067 1148 1079 1196 ;
1115 1131 1169 1183 in
1201 1145 1309 1200 qua
1339 1129 1448 1183 vita
1480 1131 1562 1182 vel
1593 1135 1799 1182 tantum

185 1231 338 1284 calor
372 1234 733 1292 remanserat,
768 1225 937 1279 halitu
985 1225 1147 1278 etiam
1182 1224 1505 1277 tenuissime
1536 1223 1799 1294 spirante.

183 1322 334 1375 Tunc
359 1335 582 1391 quoque
613 1318 784 1372 multa
813 1333 871 1371 se
921 1317 1123 1371 vidisse
1157 1315 1458 1386 perhibuit,
1493 1332 1556 1370 ex
1604 1315 1806 1386 quibus

186 1411 371 1481 aliqua
409 1409 569 1475 dixit,
603 1408 839 1480 plurima
868 1423 999 1462 vero
1033 1408 1074 1440 εδ
1113 1423 1234 1478 qua}
1265 1407 1497 1473 viderat,
1531 1422 1589 1460 se
1622 1407 1805 1460 dicere

187 1517 298 1555 non
341 1499 546 1553 audere
585 1497 837 1568 professa
867 1503 968 1551 est.
1012 1495 1162 1549 Tunc
1195 1495 1358 1549 etiam
1394 1495 1538 1550 circa
1567 1495 1806 1548 Remen-

185 1609 304 1646 sem
343 1591 537 1645 urbem
562 1589 670 1643 mel
701 1589 757 1642 in
788 1588 957 1658 spicis
993 1587 1273 1641 inventum
1305 1587 1371 1653 ",
1405 1593 1458 1640 et
1488 1586 1653 1641 ﬂores
1681 1586 1806 1657 qui-

186 1680 421 1734 busdam
460 1679 514 1732 in
548 1677 855 1742 arboribus,
886 1677 1113 1730 maturis
1150 1675 1514 1749 vel_collectis
1549 1675 1660 1743 jam
1693 1675 1806 1730 fru-

183 1773 388 1828 ctibus.
418 1772 575 1826 Anno

827 1838 1162 1895 DCCCCXXI.

182 1954 458 2012 incarnati
495 1953 659 2008 Verbi
694 1952 962 2009 Rodulfus
992 1952 1523 2024 episcOpuszmontis
1553 1951 1800 2006 Iauduni

185 2043 458 2108 moritur;
490 2043 579 2097 cui
611 2041 859 2097 succedit
899 2041 1234 2107 Adelelmus,
1263 2039 1514 2110 ejusdem
1548 2041 1652 2095 loci
1685 2041 1803 2095 the-

182 2132 468 2188 saurarius
495 2132 560 2197 ³⁵,
592 2130 776 2185 Remis
804 2147 836 2184 a
867 2130 1074 2185 domno
1111 2130 1338 2185 Heriveo
1377 2129 1674 2200 episcopus
1712 2145 1802 2184 or-

181 2229 428 2282 dinatus.
479 2227 773 2298 Anglorum
810 2225 1033 2278 Romam
1072 2222 1540 2294 proﬁciscentium
1582 2223 1803 2295 plurimi

182 2319 333 2373 inter
365 2317 646 2390 angustias
686 2316 902 2386 Alpium
943 2315 1226 2385 lapidibus
1255 2333 1287 2370 a
1333 2316 1649 2370 Sarracenis
1677 2322 1805 2369 sunt

179 2407 368 2462 obruti
392 2407 454 2460 ²⁶.
492 2407 747 2477 Synodus
774 2406 812 2438 ’τ
846 2405 991 2474 apud
1022 2404 1324 2460 Trosleium
1350 2406 1456 2474 (38)
1482 2404 1686 2469 habita,
1715 2403 1802 2458 cui

181 2499 444 2572 praesedit
477 2500 737 2555 Heriveus
772 2498 1244 2569 archiepiscopus,
1285 2507 1554 2569 praesente
1581 2514 1805 2570 quoque

181 2597 380 2650 Karolo
414 2611 581 2669 rege;
627 2595 784 2663 cujus
815 2594 1041 2648 obtentu
1075 2593 1392 2647 Erlebaldus
1419 2593 1460 2626 ²τ
1495 2592 1570 2647 ibi
1604 2592 1807 2648 Castri-

182 2690 372 2746 censis
404 2689 729 2744 absolvitur.
773 2688 1078 2742 Richardus
1107 2688 1150 2721 ²⁹
1179 2688 1424 2743 marchio
1456 2687 1526 2742 de
1558 2688 1807 2760 Burgun-

181 2786 272 2838 dia
305 2783 470 2837 obiit.
507 2781 738 2835 Karolus
794 2796 886 2834 rex
920 2780 975 2834 in
1011 2796 1242 2852 regnum
1275 2779 1515 2834 Lotharii
1567 2779 1704 2834 abiit
1740 2780 1807 2845 39,

186 2873 540 2944 receptisque
575 2889 672 2941 per
701 2871 808 2926 vim
839 2872 1172 2942 quibusdam
1203 2871 1421 2925 Ricuini
1455 2870 1694 2925 inﬁdelis
1723 2872 1808 2926 sui

186 2965 481 3037 praesidiis,
515 2972 570 3018 et
608 2963 748 3018 facta
777 2963 1034 3034 pactione
1063 2979 1237 3034 usque
1279 2963 1347 3017 ad
1386 2963 1608 3016 missam
1637 2963 1811 3018 sancti

187 3056 408 3113 Martini
439 3071 562 3110 cum
597 3055 849 3110 Heinrico
895 3054 1145 3126 principe
1175 3054 1609 3110 Transrhenensi
1645 3056 1685 3090 ³¹
1720 3071 1811 3110 re-

184 3166 383 3208 versus
411 3157 495 3205 est
521 3150 567 3182 ³²
602 3150 657 3203 in
695 3159 944 3204 montem
987 3149 1256 3205 Lauduni.
1286 3149 1662 3220 Tempestates
1709 3149 1812 3204 hoc

183 3263 334 3301 anno
365 3244 601 3298 diversis
631 3243 687 3297 in
718 3243 855 3299 locis
886 3243 1157 3314 plurimae,
1188 3243 1444 3298 homines
1465 3259 1687 3315 quoque
1716 3223 1884 3297 ful-C

185 3340 341 3393 mine
368 3335 688 3400 exanimati,
722 3344 776 3391 et
805 3337 1002 3390 domus
1032 3335 1293 3390 incensae.
1327 3334 1508 3390 [Estus
1538 3336 1592 3390 in
1625 3341 1812 3390 aestate

185 3442 446 3500 magnus,
493 3433 547 3479 et
603 3424 735 3480 fami
767 3425 1088 3495 plurimum.
1137 3425 1363 3480 Siccitas
1391 3424 1587 3497 ingens
1637 3425 1816 3479 tribus

187 3522 310 3576 fere
363 3519 628 3574 continua
656 3520 966 3585 mensibus,
1014 3519 1182 3587 Julio,
1232 3521 1476 3594 Augusto
1527 3527 1690 3591 atque
1718 3520 1812 3574 Se-

185 3609 456 3684 ptembri.
509 3610 805 3665 Rotbertus
848 3626 1037 3665 comes
1084 3611 1474 3678 Nortmannos,
1520 3611 1613 3683 qui
1645 3611 1811 3684 Lige-

187 3705 292 3759 rim
353 3702 584 3757 ﬂuvium
645 3709 1070 3773 occupaverant,
1131 3719 1231 3774 per
1294 3703 1541 3776 quinque
1595 3719 1816 3758 menses

187 3796 438 3860 obsedit,
467 3796 819 3867 acceptisque
844 3797 890 3830 ³³
919 3796 986 3850 ab
1006 3797 1089 3851 eis
1116 3797 1430 3863 obsidibns,
1460 3797 1814 3852 Brittanniam

187 3884 350 3955 ipsis,
396 3899 563 3952 quam
615 3891 981 3950 vastaverant,
1037 3900 1158 3939 cum
1209 3885 1528 3941 Namnetico
1577 3886 1621 3921 ³⁸
1675 3902 1815 3962 pago

187 3975 502 4039 concessit;
538 3975 743 4046 quique
773 3974 936 4030 ﬁdem
969 3975 1165 4031 Christi
1198 3985 1485 4048 cmperunt
1509 3979 1810 4049 suscipere.

190 4067 474 4132 Erluinus,
507 4067 852 4123 Belvacensis
895 4067 1213 4139 episc0pus,
1257 4070 1413 4126 obiit.
1450 4071 1679 4127 Karolus
1710 4073 1818 4127 ile-

190 4178 312 4216 rum
340 4176 532 4232 pacem
565 4177 688 4216 cum
719 4160 972 4217 Heinrico
1005 4161 1200 4219 firmat.
1243 4162 1399 4220 Anno

828 4313 1190 4372 DCCCCXXII.

193 4438 428 4493 Karolus
480 4453 709 4513 regnum
751 4439 1104 4495 Lothariensc
1159 4442 1204 4476 ³⁵
1233 4442 1305 4497 ob
1363 4444 1805 4513 persecutionem

1903 574 2190 629 ordinatus
2229 590 2257 626 a
2295 573 2546 627 Johanne
2597 588 2737 644 papa
2791 571 3110 642 episcOpus,
3157 571 3412 629 Hilduino
3442 573 3510 629 ab

1905 664 2025 734 ipso
2067 680 2207 734 papa
2253 663 2750 729 exeommunicato,
2783 663 2875 734 qui
2935 664 3100 718 etiam
3156 664 3248 720 illo
3297 665 3513 721 abierat

1903 755 2214 824 episc0pus.
2250 754 2426 826 Drogo
2458 754 2503 787 ³6
2533 753 2830 823 episcopus
2857 753 2924 807 de
2951 753 3104 808 Tullo
3134 754 3391 821 moritur;
3423 755 3510 810 cui

1901 849 2148 903 succedit
2176 848 2218 880 ³⁷
2251 848 2544 902 Gauzlinus
2569 847 2635 902 ³⁸.
2676 847 3004 922 Bercngario
3033 848 3512 922 Langobardorum

1902 938 1946 972 39
1989 956 2116 1010 rege
2149 940 2191 972 ⁸ο
2220 955 2391 1011 regno
2423 939 2490 992 ab
2519 939 2876 1009 Optimalibus
2904 939 3021 993 suis
3049 940 3121 994 ob
3163 940 3512 996 insolentiam

1903 1035 2023 1101 ejus
2058 1036 2092 1068 ²¹
2130 1034 2442 1096 deturbato,
2478 1033 2746 1087 Rodulfus
2786 1032 3072 1104 Cisalpinae
3104 1035 3290 1090 Galliae
3321 1053 3412 1091 rex
3447 1037 3514 1091 ab

1902 1121 2038 1192 ipsis
2094 1123 2147 1176 in
2193 1139 2420 1195 regnum
2471 1122 2815 1186 admittitur;
2871 1129 2926 1176 et
2978 1123 3238 1197 llungari,
3299 1125 3516 1180 actione

1908 1211 2156 1282 praedicti
2205 1211 2542 1282 Berengarii,
2591 1210 2777 1265 multis
2814 1210 2989 1281 captis
3037 1209 3277 1282 oppidis,
3307 1214 3515 1269 Italiam

1908 1303 2333 1374 depopulantur.
2378 1302 2572 1357 Karolo
2620 1303 2860 1374 denique
2893 1304 3211 1358 Laudunum
3244 1321 3519 1380 regresso,

1908 1395 2060 1470 Hugo
2092 1393 2238 1449 ﬁlius
2261 1394 2503 1449 Rotberti
2536 1401 2659 1464 post
2693 1395 2897 1466 pascha
2924 1411 3090 1467 supra
3119 1396 3164 1430 ⁴²
3193 1397 3440 1452 Vidulam
3476 1398 3522 1432 ⁸³

1907 1485 2014 1556 (39)
2044 1485 2216 1551 venit,
2247 1483 2338 1539 ubi
2378 1485 2523 1555 apud
2554 1485 2736 1539 villam
2786 1486 3028 1540 Finimas
3064 1487 3110 1521 ιδ
3161 1487 3273 1558 (40)
3304 1488 3520 1543 Herivei

1905 1580 2302 1652 archiepiscopi
2335 1579 2528 1635 ﬁdeles
2558 1595 2680 1634 eum
2720 1580 3051 1651 quibusdam
3091 1581 3330 1638 Francia!
3357 1584 3524 1638 comi-

1905 1673 2053 1727 tibus
2080 1674 2272 1728 obvios
2303 1673 2510 1727 habuit.
2545 1674 2658 1738 Quo
2703 1689 2826 1728 cum
2859 1675 3038 1728 eidem
3079 1691 3247 1746 super
3280 1677 3521 1730 Axonam

1906 1765 1962 1820 in
1987 1781 2186 1840 pagum
2211 1766 2632 1822 Laudunensem
2657 1767 2922 1837 profecto,
2952 1775 3175 1839 propter
3202 1770 3520 1840 praedictum

1824 1855 1877 1925 B
1908 1860 2281 1936 liaganonem,
2341 1863 2428 1918 cui
2467 1879 2562 1918 rex
2600 1863 2874 1919 abbatiam
2925 1865 3218 1933 Rothildis,
3253 1867 3434 1922 amita:
3477 1868 3522 1903 ἰδ

1902 1975 2036 2021 suae,
2067 1973 2257 2012 socrus
2287 1967 2469 2013 autem
2517 1959 2786 2032 Hugonis,
2825 1960 3070 2030 dederat,
3128 1963 3354 2019 nomine
3414 1963 3521 2020 Go-

1903 2049 2010 2103 lam
2049 2050 2094 2084 ¹ο⁶
2115 2050 2248 2119 (41),
2282 2049 2506 2106 Karolus
2528 2066 2650 2105 cum
2675 2051 2956 2107 Heriberto
2985 2061 3039 2108 et
3057 2054 3351 2128 Haganone
3379 2056 3518 2109 clam

1903 2139 2226 2196 Laudunum
2272 2156 2554 2215 egressus,
2585 2141 2658 2196 ob
2717 2141 3031 2217 Haganonis
3067 2159 3312 2199 amorem
3355 2145 3521 2212 hujus

1903 2246 2067 2285 causa
2093 2230 2308 2286 timoris
2345 2238 2497 2285 trans
2525 2230 2732 2286 Mosam
2762 2231 3040 2302 profectus
3089 2239 3192 2287 est.
3229 2234 3398 2298 Quem
3431 2233 3522 2290 in-

1903 2335 2128 2382 secutus
2159 2328 2309 2402 Hugo
2338 2343 2462 2382 cum
2495 2328 2691 2382 ceteris
2728 2334 3092 2402 pugnatorum
3130 2328 3348 2384 duobus
3376 2329 3524 2384 mili-

1905 2417 2010 2473 bus
2050 2434 2224 2490 usque
2268 2419 2494 2485 Mosam,
2553 2417 2917 2474 Gislebertum
2966 2418 3379 2474 Lothariensem
3415 2420 3519 2476 ob-

1904 2511 2049 2564 vium
2101 2510 2144 2544 ⁸⁷
2179 2509 2366 2564 habuit
2397 2526 2558 2575 ;cum
2613 2526 2722 2582 quo
2762 2527 2792 2566 a
2823 2518 2998 2582 patre,
3030 2511 3122 2583 qui
3174 2528 3298 2568 eum
3332 2527 3526 2582 prose-

1905 2608 2110 2671 quutus
2153 2602 2330 2655 luerat
2359 2608 2412 2656 et
2437 2617 2606 2672 super
2636 2603 2876 2658 Axonam
2911 2602 2965 2656 in
2998 2618 3139 2678 pago
3169 2602 3521 2659 Laudunensi

1908 2690 2158 2757 sedebat,
2211 2691 2278 2745 ad
2329 2690 2665 2762 colloquium
2717 2699 3026 2761 revocatus,
3074 2694 3380 2749 revertitur.
3407 2696 3522 2757 Quo

1909 2791 2213 2853 comperto,
2244 2783 2438 2838 Karolo
2464 2783 2612 2838 Mosa
2640 2783 3050 2852 retransmissa,
3094 2799 3215 2838 eum
3241 2784 3526 2839 nonnullis

1911 2877 2002 2948 qui
2044 2877 2110 2930 ad
2145 2891 2206 2929 se
2235 2882 2501 2930 venerant
2531 2875 3003 2944 Lothariensibus,
3041 2875 3202 2932 villas
3232 2876 3526 2932 Remensis

1913 2971 2161 3026 ecclesiae
2205 2969 2514 3041 depraedari
2556 2987 2774 3027 necnon
2804 2972 3107 3028 incendere
3162 2972 3348 3044 cmpit.
3402 2971 3524 3026 Alt-

1911 3069 2154 3115 montem
2185 3076 2406 3133 quoque
2438 3067 2672 3115 castrum
2703 3061 2985 3129 bellando,
3005 3077 3114 3117 non
3147 3062 3270 3117 sine
3300 3077 3526 3117 suorum

1913 3152 2161 3219 clade“,
2191 3153 2336 3222 cepit
2366 3162 2528 3224 atque
2560 3152 2807 3224 diripuit.
2842 3154 3136 3208 Rotbertus
3165 3153 3209 3186 ⁸³
3236 3152 3402 3225 igitur
3429 3168 3528 3206 su-

1907 3257 2006 3310 per
2033 3240 2329 3295 Maternam
2353 3241 2576 3295 ﬂuvium
2609 3241 2844 3297 Rodulfo
2880 3241 2995 3298 ﬁlio
3027 3241 3528 3315 Richardi,genero

1913 3347 2038 3400 suo,
2067 3332 2314 3402 procedit
2337 3332 2588 3398 obviam;
2614 3348 2777 3403 quem
2800 3348 3043 3405 sequens
3069 3332 3114 3368 ⁸ο
3144 3332 3374 3387 Karolus
3404 3347 3527 3387 cum

1916 3421 2394 3488 Rotbaricnsnbus,
2422 3422 2718 3476 Maternam
2762 3425 2993 3487 transiit,
3019 3430 3074 3478 et
3099 3432 3336 3479 castrum
3366 3424 3534 3495 Spar-

1916 3513 2036 3568 naci
2068 3514 2108 3546 ⁵¹
2145 3514 2250 3584 (42)
2283 3514 2558 3584 direptum
2591 3522 2677 3568 est
2705 3514 2774 3568 ab
2804 3514 3116 3588 Haganonis
3140 3515 3530 3587 complicibus.

1916 3609 2209 3664 Rotbertus
2262 3610 2449 3677 etiam,
2482 3610 2704 3682 praefato
2744 3612 2979 3668 Rodulfo
3018 3629 3141 3668 cum
3185 3612 3534 3688 Burgundio-

1916 3700 2374 3767 nibusvenicnte,
2398 3700 2626 3754 ﬂuvium
2660 3702 2934 3758 transiens
2963 3703 3154 3758 subter
3170 3704 3532 3774 Sparnacum,

1917 3808 2026 3848 non
2060 3792 2280 3867 longius
2311 3793 2484 3848 tribus
2523 3793 2698 3848 leucis
2744 3794 2814 3849 ab
2855 3796 3097 3851 exercitu
3139 3795 3320 3852 Karoli
3358 3806 3535 3853 castra

1918 3889 2154 3937 metatus
2185 3891 2307 3948 est;
2349 3883 2443 3938 ubi
2485 3899 2593 3938 una
2625 3882 2803 3957 magis
2823 3884 3133 3941 ebdomada
3163 3886 3537 3941 consederunt

1918 3971 2140 4042 utrique
2177 3974 2243 4039 ⁵³,
2275 3973 2342 4026 ad
2380 3973 2717 4046 colloquium
2765 3974 2933 4030 ceteri
2965 3975 3010 4008 ⁵³
3049 3982 3248 4046 praeter
3279 3977 3536 4052 Hagano-

1919 4078 2045 4117 nem
2081 4064 2126 4096 5”
2148 4071 2202 4118 et
2232 4063 2485 4119 Karolum
2504 4065 2807 4120 venientes.

1991 4159 2144 4231 Hugo
2169 4160 2381 4214 interea
2398 4160 2544 4214 ﬁlius
2575 4160 2832 4216 Richardi
2850 4160 2917 4216 ad
2940 4160 3260 4217 Rotbertum
3283 4161 3538 4233 veniens,

1919 4254 2188 4308 ducentos
2219 4253 2438 4309 circiter
2476 4270 2540 4307 ex
2574 4254 2659 4308 his
2689 4254 2783 4325 qui
2815 4270 2937 4308 cum
2973 4254 3269 4328 Haganone
3299 4254 3344 4288 ⁵⁸
3383 4263 3542 4310 erant

1921 4349 2118 4405 obvios
2147 4351 2358 4415 habuit,
2390 4350 2444 4404 in
2467 4349 2625 4404 villas
2653 4351 2923 4422 episc0pii
2958 4349 3248 4406 Remensis
3274 4350 3543 4406 abeuntes

1923 4442 2184 4512 prazdari;
2218 4442 2420 4514 quibus
2441 4443 2637 4514 captis,
2665 4443 2839 4498 tribus
2867 4449 3080 4499 tantum
3113 4442 3334 4509 occisis,
3367 4457 3543 4513 equos

193 4533 485 4588 Gisleberti
517 4543 571 4588 et
600 4534 812 4589 Ottonis
842 4535 1072 4606 rapinis,
1097 4537 1405 4611 sacrilegiis
1426 4547 1591 4610 alque
1627 4540 1818 4595 incen—
1842 4549 1901 4618 D
1925 4536 1970 4570 ⁵⁶
1997 4552 2119 4590 cum
2151 4536 2319 4590 armis
2346 4536 2568 4591 abstulit
2598 4543 2652 4590 et
2682 4536 2749 4591 ad
2787 4551 2918 4592 suos
2955 4535 3259 4611 ignominia
3284 4543 3544 4591 oneratos

192 4623 326 4688 diis,
361 4622 525 4676 etiam
574 4623 628 4676 in
661 4631 911 4694 tempore
942 4626 1395 4700 quadragesimae,
1455 4629 1599 4684 sicut
1628 4637 1681 4684 et
1709 4639 1819 4686 tota

193 4714 381 4768 hieme
420 4719 610 4767 vastat.
643 4713 951 4782 Richarius,
1001 4716 1095 4788 qui
1125 4717 1350 4772 Romam
1385 4718 1664 4790 profectus
1697 4721 1817 4777 fue-

1919 4626 1962 4666 δτ
1997 4625 2210 4680 remisit
2257 4633 2472 4681 ceteros
2542 4624 2678 4680 Hinc
2726 4625 3021 4681 Rotbertus
3062 4625 3208 4697 apud
3257 4622 3545 4678 Calmicia-

1919 4737 2042 4777 cum
2093 4719 2198 4790 (43)
2242 4725 2295 4774 et
2350 4719 2579 4775 Karolus
2624 4719 2768 4775 circa
2814 4718 3000 4775 Remis
3043 4719 3088 4754 ⁸³
3136 4726 3311 4775 castra
3355 4723 3545 4780 metati

1557 4846 1778 4901 VARL'E
1803 4846 2180 4902 LECTIONES.

264 4909 315 4944 ὀ
345 4924 488 4983 pago
518 4926 660 4983 corr,

197 4982 242 5014 ²⁶
271 4997 328 5036 o.
364 4981 492 5035 sunt
544 4981 577 5037 3
655 4981 952 5038 “Sinodus
987 4985 1041 5039 2.
1092 4985 1144 5042 3.

722 4927 858 4982 paco
889 4911 945 4968 1.
1003 4914 1044 4948 ²¹
1077 4914 1306 4969 voxinse
1331 4915 1385 4969 2.
1445 4916 1660 4971 “omni
1693 4919 1840 4972 adm.
1873 4919 1926 4974 2.
1981 4919 2030 4974 3.
2083 4919 2128 4952 ³³
2157 4918 2301 4974 deest
2346 4920 2400 4974 2.
2444 4921 2495 4974 3.
2558 4919 2602 4953 ’⁵
2640 4918 2676 4975 i.
2711 4926 2796 4974 est
2838 4918 2891 4973 2.
2938 4917 2992 4975 3.
3045 4919 3090 4953 ²⁵
3122 4919 3459 4975 tesaurarius
3487 4921 3542 4979 2.

1214 4986 1640 5063 ’jherlebaldus
1663 4989 1744 5063 A2.
1779 4990 1820 5063 3
1856 4990 2216 5063 _’°_Aricardus
2240 4991 2293 5063 3ἔ
2351 4991 2396 5024 ³ο
2427 4991 2600 5044 habiit
2627 4993 2680 5045 2.
2741 4993 2780 5063 Ψ
2816 4992 3197 5063 transrenensi
3238 4993 3288 5046 3.
3322 4996 3545 5063 sapius.

275 5053 428 5136 deest
471 5053 522 5106 2.
557 5053 638 5136 n33
668 5061 1075 5136 acceptumque
1105 5057 1159 5110 2.
1230 5056 1274 5091 3‘
1303 5059 1616 5136 _nannet_ico_
1657 5061 1709 5115 3.
1780 5062 1824 5095 ³⁵
1851 5060 2222 5136 _l_odhariense_
2245 5062 2318 5136 _3.
2339 5063 2715 5136 __sa3pius._r_36
2747 5062 2897 5136 Rogo
2929 5061 3016 5136 3a.
3090 5063 3138 5136 f7
3160 5053 3443 5136 success-it
3489 5066 3542 5120 3.

198 5123 242 5156 ³³
275 5122 610 5207 goslinusn2.
667 5124 716 5179 3.
751 5122 1051 5207 gauclipus
1077 5128 1361 5207 successit,
1417 5131 1740 5207 qui_etiam_
1766 5132 2055 5207 ordinatus
2085 5140 2171 5186 est
2202 5133 2316 5207 ψ.-
2339 5122 2460 5207 Kal:
2488 5133 2708 5207 Aprilis.
2755 5122 3032 5207 IIngV.
3085 5134 3130 5168 ³³
3159 5133 3549 5207 lamgobardo-

201 5193 325 5247 rum
358 5193 412 5247 2.

493 5195 539 5229 ⁴⁰
568 5195 899 5266 imperatore
927 5198 978 5252 2.
1022 5200 1074 5253 3.
1142 5201 1182 5233 ⁴¹
1210 5200 1282 5254 ob
1340 5201 1376 5253 i.
1410 5195 1462 5253 (ί.
1495 5202 1690 5256 desunt
1713 5203 1768 5256 2.
1819 5204 1872 5258 3.

1935 5203 1978 5236 ⁸³
2011 5218 2179 5274 super
2203 5203 2251 5255 2.
2289 5202 2340 5258 3.
2374 5204 2418 5237 ⁸³
2447 5202 2710 5258 uidolam.
2745 5205 2800 5268 2,
2849 5206 2892 5238 “
2924 5203 3139 5259 ﬁmmas
3168 5205 3218 5260 3.
3275 5202 3327 5240 ῖ³
3357 5207 3547 5262 amicae

199 5265 260 5317 2.
309 5265 399 5326 3a.
423 5337 436 5347 _
466 5267 511 5299 ‘6
540 5268 714 5347 colam
745 5268 798 5322 2.
836 5269 890 5321 Β.
915 5270 993 5347 ﬁ“
1026 5270 1241 5347 obviam
1294 5287 1432 5347 corr.
1466 5272 1694 5347 obvium
1727 5273 1783 5347 2.
1856 5274 1900 5308 ⁸⁸
1931 5289 1980 5328 c.
2033 5265 2093 5327 sf
2123 5275 2174 5329 3.
2234 5275 2278 5308 ‘9
2307 5274 2562 5347 robertus
2592 5275 2644 5331 3.
2693 5265 2909 5344 saepius.
2971 5277 3017 5310 ⁸ο
3044 5277 3202 5347 sequi
3259 5278 3372 5331 alia
3402 5280 3545 5332 linea

199 5351 384 5422 quens
414 5337 464 5402 1,
533 5338 882 5422 subscque‘ns
913 5340 964 5395 3.
1025 5342 1333 5422 “Asparnan
1373 5344 1418 5397 1.
1463 5344 1509 5422 {’3
1540 5346 1619 5422 itg
1661 5347 1739 5422 ἱῃΔ
1767 5345 2051 5422 laedi-asp
2107 5347 2156 5402 1.
2211 5346 2488 5417 utrimque
2529 5345 2582 5400 2.
2619 5347 2672 5400 3.
2729 5337 2781 5380 δέ
2805 5347 2952 5404 deest
2985 5348 3034 5402 1.
3085 5337 3462 5422 xs‘aganouem
3497 5353 3546 5403 1.

198 5405 245 5440 ⁸⁸
279 5407 626 5482 haganonem
661 5405 734 5464 ἓξ
775 5412 1032 5482 {equos
1059 5405 1140 5467 2f
1175 5414 1216 5446 δτ
1249 5413 1544 5468 honeratos
1581 5413 1636 5469 ‘2.
1697 5415 1741 5449 ⁸⁸
1772 5415 1966 5472 remim
1997 5417 2051 5472 2.

1764 5517 1971 5576 ΝΟΤᾹΞ.

279 5601 380 5675 I37)
427 5602 581 5657 Circa
615 5605 798 5671 Vouzy
822 5603 872 5657 in
908 5604 1222 5675 Campania.

278 5674 389 5752 (ἓξ)
432 5675 676 5752 ξ’γοέέξιά
707 5676 984 5752 Axonam,
1090 5694 1232 5752 pago
1265 5676 1623 5735 Suessonico.
1655 5678 1832 5742 Bouo.

281 5746 395 5816 (39)
435 5745 669 5811 LaVele,
704 5744 944 5801 Axonam
972 5744 1170 5802 inﬂuit.

280 5815 392 5886 (40)
430 5817 626 5870 Fimes.

548 5913 828 5974 PATROL.
880 5915 1204 5980 CXXXV.

2003 5613 2114 5692 (ᾖ)
2154 5614 2384 5692 [idetur
2409 5632 2532 5672 esse
2570 5616 2796 5687 Chelles,
2823 5617 2968 5674 haud
3009 5619 3202 5692 procul
3234 5618 3479 5678 Parisiis.

2007 5685 2115 5758 (-12)
2154 5689 2430 5758 Epernay.

2006 5756 2112 5825 (43)
2153 5756 2438 5829 ϐΙιενηιίὶυ
2457 5769 2551 5817 aut
2577 5763 2910 5833 Chaumuzy,
2943 5778 3116 5835 prope
3151 5763 3373 5820 Remos.

3158 5936 3223 5999 '14
