3972 6206
458 326 561 380 427

1590 313 1954 368 FLODOARDI
1985 311 2298 368 .CANONICI
2342 311 2670 367 REMENSIS

3714 323 3821 376 428

460 465 588 511 sunt
621 473 635 522 ;
677 455 772 510 ubi
805 469 927 510 cum
958 451 1136 506 tribus
1164 449 1442 506 continuis
1480 447 1822 504 consedisset
1861 447 2078 514 diebus,
2113 460 2146 512 .t
2183 444 2268 498 lus
2300 445 2649 500 obsidionem
2684 445 2906 517 reliquit
2935 448 2981 481 3’
3012 455 3066 503 et
3098 449 3273 522 Hugo,
3305 451 3550 522 acceptis
3597 452 3821 507 obsidi-

458 566 567 604 una
612 545 823 604 scilicet
852 565 882 601 a
927 546 1148 603 civitate
1189 547 1368 619 leuga,
1426 553 1480 600 et
1517 543 1768 599 nonnulli
1819 559 1882 597 ex
1924 546 2083 615 equis

460 637 678 691 illorum
719 643 1048 706 caperentur
1073 653 1103 689 a
1129 635 1342 689 civibus
1374 635 1691 700 Remorum,
1723 650 1832 688 una
1869 640 2080 688 tantum

459 729 571 792 die,
612 727 888 782 dominica
928 726 1187 780 videlicet
1243 734 1612 795 pentecostes,
1663 732 1852 778 contra
1889 725 2077 778 urbem

457 825 770 890 pugnarunt
799 820 863 872 5°.
901 817 1000 872 Ubi
1033 818 1315 871 nonnullis
1345 817 1540 871 occisis
1578 816 1622 849 ⁶⁰
1654 832 1718 871 ex
1751 815 2071 871 Lotharien-

456 909 629 972 sibus,
658 909 1069 980 vulneratisque
1101 909 1370 978 plurimis,
1405 923 1527 962 mox
1550 907 1799 978 praelium
1830 908 2066 962 diremit.

456 1003 655 1058 Audito
703 1003 967 1074 denique,
1009 1003 1156 1074 quod
1207 1003 1262 1056 hi
1317 1002 1565 1074 quicum
1623 1003 1882 1057 Rotberto
1921 1010 2077 1057 erant

458 1091 778 1147 Laudunum
808 1100 1027 1163 captum
1079 1092 1365 1151 haberent,
1399 1100 1454 1146 et
1508 1092 1794 1147 thesauros
1825 1092 2075 1165 Hagano-

458 1182 546 1234 nis
573 1183 638 1245 δι,
671 1181 764 1252 qui
797 1181 934 1235 inibi
969 1191 1146 1246 erant,
1177 1181 1448 1249 dispertiti
1484 1188 1686 1244 essent,
1720 1190 1772 1235 et
1805 1198 1972 1235 unum
2007 1182 2075 1235 de

459 1270 719 1326 fratribus
749 1271 867 1339 ejus
899 1271 971 1326 ibi
1012 1270 1566 1341 comprehendissent
1593 1271 1657 1336 ⁸³,
1691 1271 1919 1325 Karolus
1950 1288 2073 1325 cum

459 1365 756 1439 Haganone
808 1366 1130 1420 Laudunum
1177 1365 1484 1419 contendit.
1527 1365 1910 1419 Lotharienses
1953 1365 2073 1437 qui-

458 1454 581 1508 dam
615 1455 1003 1529 regrediuntur
1033 1454 1100 1507 ad
1132 1470 1230 1508 sua
1259 1471 1274 1518 ;
1317 1454 1538 1525 quidam
1571 1470 1694 1508 cum
1725 1455 1916 1509 Karolo
1952 1472 2076 1525 per-

457 1556 614 1620 gunt.
662 1550 952 1604 Rotbertus
983 1566 1150 1620 super
1197 1552 1437 1604 Axonam
1465 1551 1697 1606 tentoria
1730 1550 1865 1606 ﬁxit.
1906 1553 2071 1607 Karo-

459 1639 565 1703 lus,
593 1639 862 1711 abnegato
876 1639 982 1692 sibi
1013 1639 1239 1694 introitu
1270 1639 1540 1705 Lauduni,
1561 1641 1765 1694 resedit
1788 1656 1957 1711 super
1973 1640 2079 1695 flu-

456 1732 606 1785 vium
646 1731 832 1785 Saram
866 1731 910 1764 ⁶³
939 1732 1070 1801 (44),
1103 1738 1156 1786 et
1197 1731 1489 1786 Rotbertus
1518 1738 1694 1786 castra
1726 1739 1963 1786 metatus
1997 1739 2082 1787 est

2187 536 2289 590 bus
2336 553 2366 590 a
2425 537 2756 608 quibusdam
2818 538 3288 609 Lothariensibus,
3347 544 3417 597 ad
3464 550 3683 614 patrem
3737 563 3825 600 re-

2185 625 2406 679 meavit.
2455 626 2636 680 Tcrrze
2678 636 2861 682 motus
2909 629 2962 682 in
3004 646 3145 700 pago
3201 629 3584 686 Cameracensi
3621 633 3822 700 factus,

2183 733 2246 770 ex
2268 733 2375 788 quo
2399 719 2596 773 domus
2617 719 2751 773 inibi
2783 721 3061 776 nonnullae
3101 722 3377 778 subversa:
3403 733 3550 780 sunt.
3583 727 3641 780 ln
3675 744 3818 799 pago

2182 821 2400 877 quoque
2441 806 2734 874 Parisiaco,
2792 808 2846 862 in
2886 807 3016 863 villa
3071 825 3194 880 qua:
3245 811 3446 866 dicitur
3475 813 3700 870 Jcsedis
3753 816 3816 883 73,

2174 897 2343 952 multa
2377 897 2642 953 miracula
2672 899 2726 952 in
2774 899 3012 954 ecclesia
3043 902 3216 956 sancti
3245 902 3388 957 Petri
3429 920 3458 957 a
3490 914 3694 975 quarto
3726 924 3817 960 su-

2177 992 2394 1062 periore
2428 1009 2594 1059 anno,
2639 1010 2703 1048 ex
2736 1009 2846 1065 quo
2892 994 3103 1050 scilicet
3132 996 3376 1068 reliquiae
3416 998 3485 1052 de
3527 999 3704 1054 barba
3735 1002 3820 1072 ip-

2177 1082 2294 1136 sius
2325 1085 2559 1154 apostoli
2614 1085 2746 1140 illuc
2786 1093 2916 1141 sunt
2971 1087 3180 1155 relatae,
3237 1087 3376 1144 facta
3407 1101 3818 1159 memorantur,

2182 1175 2255 1229 ita
2303 1182 2360 1228 ut
2393 1175 2535 1231 inter
2583 1193 2763 1232 coeeos
2804 1185 2858 1232 et
2898 1179 3123 1234 claudos
3153 1181 3196 1214 π
3228 1180 3310 1236 vel
3343 1191 3660 1239 contractos
3694 1202 3823 1239 am-

2179 1267 2323 1336 plius
2351 1284 2513 1339 quam
2559 1276 2779 1322 centum
2827 1271 3182 1344 septuaginta
3235 1273 3470 1328 sanitate
3531 1275 3577 1309 73
3622 1276 3817 1332 donati

2181 1358 2506 1413 referantur.
2574 1359 2905 1415 Daemoniaci
2967 1378 3120 1425 vero,
3201 1371 3473 1434 quotquot
3508 1366 3611 1421 illo
3667 1368 3820 1422 abie-

2179 1454 2343 1513 runt,
2398 1463 2535 1502 sano
2589 1464 2780 1515 sensu,
2831 1448 3008 1519 pulsis
3065 1450 3436 1516 daemonibus,
3499 1452 3815 1521 redierunt,

2180 1548 2380 1608 praeter
2417 1539 2525 1594 alia
2581 1541 3010 1597 innumerabilia
3052 1559 3175 1614 quae
3223 1544 3428 1599 ibidem
3489 1553 3622 1600 sunt
3670 1557 3813 1602 acta.

2182 1635 2340 1689 Anno

2811 1727 3198 1784 DCCCCXXIII.

455 1837 620 1891 super
654 1820 838 1875 “eam
876 1822 1006 1890 (4⁵)·
1065 1820 1125 1875 Εῐ
1173 1837 1297 1875 Cum
1356 1821 1559 1876 (ἴοιίάίο
1609 1821 1786 1892 copiis
1834 1821 2156 1891 “OlbeﬂiB
2182 1831 2480 1886 Rotbertus
2513 1831 2566 1885 iu
2607 1847 2835 1904 regnum
2879 1833 3241 1890 Lothariense
3282 1834 3677 1905 proﬁciscitur,
3739 1839 3819 1894 lo-

457 1915 862 1978 crescentibus,
903 1914 1288 1969 decrescerent
1320 1915 1520 1980 Karoli,
1554 1916 1692 1970 clam
1741 1917 1962 1971 tandem
1994 1933 2084 1971 se-

459 2009 664 2062 cedens
723 2026 847 2064 cum
902 2010 1198 2083 Haganone
1256 2017 1405 2064 trans
1436 2011 1636 2064 Mosam
1691 2011 2079 2081 proﬁciscitur.

459 2099 648 2153 Franci
702 2100 1021 2155 Rotbertum
1079 2101 1356 2157 seniorem
1418 2102 1632 2175 eligunt
1687 2103 1902 2174 ipsique
1959 2120 2081 2158 sese

459 2193 825 2249 committunt.
859 2193 1156 2248 Rotbertus
1187 2195 1373 2266 itaque
1418 2212 1508 2250 rex
1547 2196 1730 2249 Remis
1770 2195 1914 2266 apud
1955 2212 2084 2250 san-

462 2288 608 2337 ctum
666 2281 974 2353 Remigium
1030 2283 1098 2336 ab
1129 2283 1409 2354 episcopis
1459 2291 1513 2338 et
1570 2284 1902 2354 primatibus
1930 2286 2084 2356 regni

459 2371 832 2425 constituitur.
871 2372 1133 2426 Heriveus
1160 2373 1204 2407 6‘
1243 2374 1275 2406 "
1307 2374 1601 2429 Remorum
1632 2374 2084 2445 archiepiscOpus

459 2459 599 2514 obiit
652 2461 812 2514 tertia
871 2461 959 2515 die
1010 2468 1135 2532 post
1196 2463 1671 2519 consecrationem
1738 2465 1781 2498 “3
1833 2464 2084 2518 Rotberti

461 2554 626 2625 regis,
659 2553 869 2608 scilicet
920 2555 954 2608 6
985 2555 1164 2609 Nonas
1192 2555 1342 2621 Julii,
1403 2565 1598 2628 quarto
1639 2557 1729 2611 die
1787 2566 2083 2627 antequam

461 2646 783 2700 vicesimum
802 2647 1102 2701 secundum
1127 2648 1576 2719 suiepiscopatus
1596 2651 2082 2720 expleretannum.

466 2732 557 2785 Cui
617 2735 884 2787 successit
943 2735 997 2788 in
1055 2735 1431 2806 episcOpatum
1489 2735 1726 2804 Seulfus,
1797 2737 1890 2808 qui
1959 2745 2089 2793 tunc

464 2820 615 2874 urbis
646 2822 688 2854 δδ
724 2822 973 2890 ejusdem
1008 2823 1316 2879 ministerio
1361 2823 1693 2895 fungebatur
1744 2825 2088 2881 archidiaco-

465 2919 642 2967 natus.

539 3001 589 3080 _[""
609 3005 750 3058 Hist.
781 3006 928 3060 Rem.
962 3022 1032 3080 tv,
1061 3006 1126 3080 17
1155 3005 1518 3063 Excrescente
1547 3007 1789 3080 denique
1809 3009 2084 3066 discordia

536 3074 676 3128 inter
705 3092 922 3152 _regem_
961 3077 1214 3132 Karolum
1261 3074 1715 3152 etRotbertum;
1766 3097 1887 3135 cum
1940 3099 2082 3152 pene

535 3146 718 3226 guncti
769 3146 926 3219 regni
975 3165 1232 3226 proceres
1283 3151 1348 3204 ad
1390 3151 1845 3226 constituendum
1897 3146 2078 3226 regem
2115 3151 2163 3220 Ο

535 3216 861 3298 Rotbertum
901 3216 1059 3298 apud
1087 3229 1336 3298 sanctum
1390 3223 1700 3298 Remigium
1758 3216 2078 3298 congregati

535 3297 740 3365 essent,
774 3290 917 3365 idem
951 3292 1420 3365 archiepiscopus,
1465 3290 1732 3363 languore
1763 3290 2077 3365 depressus,

533 3360 644 3438 vita
688 3363 949 3438 decessit,
996 3360 1154 3438 tertia
1213 3360 1311 3420 die
1355 3360 1917 3438 scilicet-postquam
1953 3360 2083 3423 Roté

533 3430 726 3486 bertus
769 3450 860 3508 rex
905 3433 1080 3508 factus
1125 3434 1344 3501 fuerat,,
1393 3444 1583 3508 quarto
1614 3430 1773 3492 'vero'
1803 3437 1892 3491 die
1924 3445 2082 3494 ante-

535 3519 702 3579 quam
754 3505 1076 3579 vicesimum
1110 3505 1423 3562 secundum
1468 3509 1551 3562 sui
1589 3509 1940 3579 episcopatus
1985 3526 2082 3564 ex-

534 3574 707 3652 pleret
732 3591 960 3652 annum.
1005 3577 1243 3652 Contigit
1289 3587 1470 3634 autem
1506 3574 1701 3652 (deest.
1754 3574 1843 3651 θ’),
1877 3589 1936 3635 ut
1965 3581 2083 3652 ipsa

536 3645 625 3722 die
661 3646 746 3700 sui
777 3648 1040 3722 decessus
1090 3645 1278 3722 plu'res
1319 3651 1412 3721 qui
1451 3645 2080 3722 advenerant'episc'opi

536 3715 1351 3794 Remenscmingrederentur
1385 3722 1600 3794 urbem,
1659 3715 1882 3794 quique'
1920 3715 2084 3778 funus

535 3788 708 3858 ipsius
747 3790 928 3863 dignis
965 3788 1242 3862 exsequiis
1273 3793 1638 3858 celebrantes,
1679 3788 1800 3848 cum
1841 3794 2078 3849 maximo

535 3874 758 3914 suorum
791 3862 886 3915 sed
921 3871 976 3915 et
1004 3863 1182 3916 tdeest.
1219 3875 1283 3926 ο.)
1311 3873 1618 3919 exterorum
1651 3865 1819 3931 luctu,
1862 3866 2078 3921 decenti

539 3931 813 3986 tradidere
849 3933 1187 4004 sepulturae]

534 4020 689 4091 Apud
732 4021 1082 4076 Cameracum
1135 4023 1177 4056 6⁷
1225 4022 1327 4077 visi
1362 4031 1490 4079 sunt
1520 4025 1563 4059 δε
1591 4026 1746 4097 quasi
1798 4034 1907 4081 tres
1936 4027 2082 4082 soles

465 4127 754 4182 apparere.
810 4113 894 4166 vel
925 4112 1005 4167 sol
1051 4119 1162 4166 tres
1189 4112 1354 4168 orbes
1401 4130 1432 4168 a
1467 4131 1528 4169 se
1559 4115 1790 4170 invicem
1817 4116 2082 4172 distantes

463 4203 690 4267 habere,
721 4203 849 4258 item
895 4204 1007 4259 duo
1039 4204 1094 4258 in
1143 4205 1282 4260 cmlo
1313 4206 1524 4276 spicula
1572 4214 1763 4262 contra
1793 4225 1850 4262 se
1891 4209 2084 4262 utrim-

465 4309 574 4366 quc
623 4293 1071 4366 propinquantia,
1123 4294 1301 4349 donec
1354 4296 1503 4350 nube
1535 4297 1578 4330 ⁸9
1631 4307 1759 4352 sunt
1803 4308 2082 4369 COOperta,

466 4387 598 4440 item
650 4385 759 4441 duo
799 4386 1016 4457 stipites
1071 4386 1294 4440 sibimet
1334 4386 1386 4440 in
1437 4387 1576 4442 coelo
1630 4388 2083 4459 pr0pinquantes,

2186 1931 2411 1978 cuturus
2435 1941 2557 1978 cum
2585 1924 2860 1994 Ileinrico,
2893 1926 2986 1996 qui
3019 1927 3067 1980 ei
3096 1927 3316 1982 obviam
3342 1929 3492 1982 venit
3523 1929 3578 1982 in
3611 1946 3817 2004 pagum

2187 2011 2505 2066 Ribuarium
2539 2013 2584 2046 7“
2611 2028 2779 2082 super
2809 2014 3035 2068 fluvium
3072 2015 3310 2080 Ruram;
3349 2015 3443 2069 ubi
3479 2033 3538 2070 se
3571 2017 3817 2073 invicem

2187 2111 2472 2173 paverunt,
2507 2110 2561 2158 et
2602 2111 2760 2174 pacta
2808 2105 3068 2170 amicitia,
3129 2106 3384 2178 datisque
3424 2108 3492 2160 ab
3543 2109 3818 2164 alterutro

2187 2189 2536 2256 muneribus,
2578 2190 2970 2246 discesserunt.
3007 2193 3105 2246 Ubi
3136 2194 3300 2247 etiam
3347 2195 3572 2264 quidam
3620 2197 3821 2252 Lotha-

2190 2278 2403 2332 rienses
2434 2279 2705 2334 dederunt
2735 2280 2981 2345 obsides,
3017 2289 3071 2335 et
3101 2282 3354 2336 inducias
3384 2300 3415 2337 a
3445 2284 3709 2341 Rotberto
3729 2303 3820 2342 ac-

2187 2381 2451 2440 ceperunt
2472 2389 2646 2445 usque
2679 2374 2735 2428 in
2758 2375 2800 2408 77
2822 2375 3090 2431 Kalendas
3117 2377 3382 2433 Octobris.
3416 2379 3748 2436 Nortmanni
3775 2384 3815 2416 τε

2187 2462 2532 2532 Aquitaniam
2569 2464 2974 2538 Arveniamque
3023 2468 3488 2539 depraedabantur
3513 2472 3591 2538 79;
3628 2482 3816 2528 contra

2187 2567 2327 2622 quos
2371 2553 2677 2609 Willelmus
2727 2556 2772 2590 ⁸ο
2813 2556 2920 2610 dux
2960 2558 3376 2630 Aquitaniorum
3437 2563 3476 2595 ⁸¹
3514 2570 3570 2618 et
3630 2564 3814 2638 Rage-

2191 2641 2432 2696 mundus
2460 2653 2867 2717 pugnaverunt,
2905 2653 2958 2700 et
2991 2663 3130 2701 czesa
3161 2657 3288 2702 sunt
3315 2649 3394 2704 ibi
3425 2665 3490 2704 ex
3521 2651 3816 2707 Nortman-

2191 2735 2275 2790 nis
2311 2737 2605 2817 duodecim
2653 2737 2825 2793 milia.
2860 2740 3001 2795 Boso
3041 2740 3188 2796 ﬁlius
3229 2743 3487 2798 Richardi
3523 2745 3816 2801 Ricuinum

2189 2827 2246 2880 in
2279 2829 2421 2884 lecto
2467 2829 2820 2905 languentem
2853 2832 3077 2887 occidit.
3137 2833 3365 2890 Karolus
3403 2851 3526 2890 cum
3568 2840 3689 2892 suis
3720 2839 3820 2894 Lo—

2188 2921 2579 2988 thariensibus,
2611 2923 2860 2978 inducias
2893 2941 3031 2996 quas
3061 2942 3238 2997 nuper
3288 2944 3320 2982 a
3357 2927 3626 2984 Rotberto
3654 2947 3816 2986 acce-

2188 3025 2380 3088 perant
2411 3018 2456 3051 ⁸²
2496 3017 2944 3093 infringentibus,
2987 3021 3188 3076 Mosam
3229 3023 3529 3091 transiens,
3584 3024 3655 3079 ad
3697 3026 3814 3080 Ati-

2186 3106 2402 3160 niacum
2434 3108 2602 3172 venit,
2663 3115 2717 3162 et
2747 3115 3039 3180 antequam
3098 3110 3394 3166 Rotbertus
3431 3127 3564 3167 suos
3623 3112 3820 3168 ﬁdeles

2185 3197 2428 3252 adunare
2483 3200 2774 3269 potuisset,
2805 3217 2972 3271 super
3009 3203 3248 3257 Axonam
3298 3204 3578 3274 insperate
3620 3205 3690 3272 ⁸³,
3724 3207 3817 3261 ubi

2183 3292 2501 3347 Rotbertum
2535 3293 2638 3346 sub
2667 3293 2802 3348 urbe
2847 3294 3178 3350 Suessonica
3209 3295 3406 3350 sedere
3441 3307 3818 3368 compererat.

2184 3383 2343 3438 adiit.
2377 3384 2435 3437 Et
2464 3383 2518 3438 in
2553 3384 2875 3450 crastinum,
2906 3384 2994 3438 die
3028 3384 3330 3453 dominica,
3365 3386 3500 3441 hora
3525 3388 3640 3457 jam
3669 3399 3819 3444 sexta

2185 3473 2481 3543 praeterita,
2517 3473 2740 3527 Francis
2773 3472 2978 3528 dehinc
3015 3473 3106 3528 illa
3140 3473 3230 3528 die
3263 3475 3514 3545 praelium
3547 3493 3661 3532 non
3693 3495 3816 3549 spe-

2185 3563 2454 3630 rantibus,
2510 3561 2762 3633 plurimis
2813 3578 3036 3633 quoque
3089 3561 3518 3633 prandentibus,
3593 3565 3820 3622 Karolus

2185 3655 2424 3708 Axonam
2455 3654 2500 3688 ⁸³
2553 3654 2790 3720 transiit,
2824 3661 2878 3709 et
2908 3670 3075 3726 super
3115 3655 3437 3710 Rotbertum
3473 3673 3599 3712 cum
3635 3675 3813 3714 anna-

2185 3743 2254 3796 tis
2287 3743 2739 3798 Lothariensibus
2783 3745 2954 3798 venit.
3000 3745 3295 3799 Rotbertus
3327 3745 3372 3778 ‘5
3426 3762 3562 3801 vero
3595 3750 3818 3803 armatis

2181 3833 2271 3887 his
2297 3833 2390 3904 qui
2417 3849 2605 3888 secum
2640 3834 2684 3868 ιδ
2705 3841 2882 3900 erant,
2917 3841 3110 3889 contra
3130 3835 3402 3906 processit
3433 3853 3448 3903 ;
3484 3840 3819 3894 commisso-

2182 3944 2289 3998 quc
2346 3928 2558 3998 praelio,
2607 3927 2796 3983 multis
2847 3945 2912 3983 ex
2970 3937 3200 4001 utraque
3252 3938 3404 4001 parte
3453 3933 3816 4003 cadentibus,

2183 4015 2477 4071 Rotbertus
2529 4032 2752 4089 quoque
2785 4035 2878 4073 rex
2921 4018 3131 4073 lanceis
3169 4019 3455 4090 perfossus
3495 4024 3718 4078 cecidit.
3757 4019 3816 4079 lii

2184 4114 2387 4170 tamen,
2435 4106 2529 4177 qui
2581 4114 2736 4162 erant
2766 4125 2832 4162 cx
2871 4115 3023 4178 parte
3053 4108 3322 4176 Rotberti,
3384 4109 3541 4185 Hugo
3602 4114 3814 4168 scilicet

2186 4198 2362 4269 ipsius
2391 4198 2432 4231 ⁸⁷
2478 4198 2644 4265 ﬁlius,
2678 4206 2731 4254 et
2784 4200 3101 4255 Heribertus
3139 4201 3183 4235 ⁸⁸
3214 4218 3338 4256 cum
3387 4204 3613 4273 ceteris,
3643 4206 3816 4262 victo-

2187 4287 2266 4341 ria
2298 4288 2476 4358 potiti,
2508 4288 2762 4344 Karolum
2809 4296 2933 4344 eum
2963 4289 3417 4346 Lotltariensibus
3448 4293 3493 4326 θ’)
3541 4295 3599 4348 in
3633 4295 3814 4370 fugam

2186 4387 2516 4449 verterunt;
2568 4382 2664 4436 sed
2716 4383 2788 4437 ob
2839 4391 3068 4438 mortem
3100 4385 3249 4458 regis
3292 4385 3376 4439 sui
3427 4385 3679 4443 Rotberti
3720 4405 3816 4444 eos

467 4493 756 4550 quousque
808 4477 1062 4533 similiter
1098 4479 1276 4550 operti
1307 4486 1436 4534 sunt
1479 4480 1648 4535 nube.
1681 4481 1975 4535 Rotbertus
2017 4479 2082 4533 ﬁ-
2112 4476 2444 4548 Dpersequi
2477 4477 2826 4544 destiterunt,
2880 4494 3134 4549 campum
3193 4495 3325 4534 vero
3373 4481 3744 4538 obtinuerunt
3773 4486 3815 4519 9°

464 4570 599 4626 lium
631 4587 790 4625 suum
831 4571 1112 4645 llugoncm
1147 4572 1200 4624 in
1231 4586 1458 4643 regnum
1491 4571 1729 4625 Lotharii
1768 4571 1932 4624 mittit
1960 4586 2082 4625 cum

466 4665 650 4737 aliquo
670 4663 1058 4721 Francorum70
1073 4665 1293 4739 agmine
1315 4671 1542 4736 pr0pter
1564 4663 1998 4734 Caprzemontem
2017 4663 2082 4730 τί,

468 4758 758 4814 Gisleberti
825 4767 1084 4824 castrum,
1139 4757 1433 4813 obsidione
1505 4756 1878 4824 liberandum,
1934 4756 2083 4828 quod

468 4851 699 4908 Karolus
728 4849 1012 4923 premebat
1042 4849 1350 4905 obsessum.
1392 4847 1508 4912 Quo
1553 4853 1859 4917 comperto,
1913 4846 2084 4901 Κειτο-

2188 4568 2474 4640 spoliaque
2503 4569 2571 4623 ab
2601 4570 2702 4636 eis,
2729 4569 2962 4623 maxime
2991 4577 3173 4624 autem
3205 4586 3235 4624 a
3261 4571 3302 4604 ⁹¹
3341 4571 3644 4628 rusticanis
3673 4582 3726 4628 et
3749 4589 3812 4628 ex

2188 4661 2535 4716 Suessonica:
2550 4661 2702 4716 urbis
2715 4661 2980 4716 suburbio
2995 4661 3660 4736 conﬂuentibus,direpta
3670 4673 3808 4721 sunt.

2188 4752 2577 4807 Lotharienscs
2601 4753 2866 4824 denique,
2899 4753 3130 4823 perditis
3156 4754 3343 4808 multis
3372 4757 3646 4830 angariis,
3681 4772 3812 4829 quas

2189 4846 2517 4923 Rothgarius
2542 4848 2587 4882 ⁹²
2617 4863 2805 4904 comes
2835 4847 3118 4919 accipiens
3138 4847 3194 4904 in
3217 4847 3544 4905 Laudunum
3577 4859 3810 4907 castrum

1820 4980 2040 5036 VARIAE
2082 4980 2461 5036 LECTIONES.

540 5088 584 5122 ³9
617 5092 1000 5160 pugnaverunt
1041 5083 1092 5140 3.
1173 5084 1216 5160 δέ
1246 5083 1390 5138 deest
1428 5083 1480 5137 1.
1550 5082 1588 5116 ⁶¹
1619 5080 1973 5160 aganAonis_1._
2027 5081 2084 5160 f’
2115 5095 2276 5160 conp.
2303 5079 2363 5160 2.
2434 5081 2478 5115 6³
2506 5081 2705 5160 isaram
2759 5080 2819 5160 2,
2879 5081 2936 5160 fi
2966 5079 3248 5160 liejnrieus
3298 5084 3352 5160 2.

3434 5083 3480 5116 ⁵⁵
3508 5099 3809 5141 consecra-

470 5152 726 5215 tione-.1:
787 5153 910 5214 “e.
963 5157 1138 5212 urbis.
1186 5153 1237 5212 3.
1303 5155 1345 5188 ⁸⁷
1376 5152 1718 5231 εειῐηδῐιξιρμὴι
1747 5153 1796 5209 3.
1823 5157 1899 5231 __et
1951 5153 2128 5231 infra,
2157 5152 2239 5231 “68
2266 5152 2376 5231 visi
2404 5159 2560 5231 __sunt
2633 5155 2824 5231 desunt
2851 5152 2927 5231 A3.
2981 5152 3051 5231 f9
3082 5152 3246 5231 deest.
3293 5153 3341 5207 1.
3412 5153 3458 5186 το
3480 5153 3799 5231 frangorum

469 5231 521 5286 1.
603 5231 846 5301 71caprae
878 5237 1110 5301 mortem
1154 5230 1202 5284 1.

470 5303 514 5338 ⁷⁵
540 5294 834 5357 sanitatem
865 5303 918 5356 2.
976 5301 1022 5334 ⁷⁶
1054 5298 1440 5354 ribuariarium
1485 5294 1541 5352 3'
1565 5297 1618 5351 3.
1653 5296 1705 5350 b.
1784 5296 1828 5329 ‘7
1859 5294 2002 5350 deest
2039 5294 2091 5350 2.
2165 5294 2210 5328 ⁷⁸
2242 5294 2533 5350 ἡοηηδηηί
2567 5294 2620 5350 1.

472 5376 666 5401 numq..-
766 5372 805 5401 81
841 5373 1223 5401 nn-u:‘nnt\niim
1273 5371 1307 5401 Q
1405 5371 1451 5401 82
1481 5375 1766 5401 nnnnnnnnl
1819 5367 1854 5401 0
1950 5366 2334 5401 83innnorgn1n
2392 5369 2412 5401 4
2523 5368 2566 5401 ει
2594 5383 2619 5401 ο

469 5376 666 5444 saepius
766 5372 806 5406 ⁸¹
841 5373 1225 5444 aquitanorum
1273 5371 1326 5424 2.
1405 5371 1451 5404 ⁸³
1479 5375 1770 5440 acceperat
1819 5367 1873 5421 2.
1950 5367 1995 5401 ⁸³
2017 5367 2334 5438 inSperante
2392 5369 2457 5448 1.'
2523 5368 2566 5401 9‘
2593 5382 2822 5422 axonem
2880 5367 2930 5420 3.

471 5445 663 5500 desunt
681 5446 735 5498 3.
815 5445 1002 5500 86cum
1036 5459 1102 5497 eo
1128 5442 1181 5496 2.
1248 5442 1290 5476 ετ
1322 5441 1360 5496 f.
1396 5442 1431 5496 i.
1464 5441 1518 5496 2.
1551 5439 1603 5496 3.
1682 5440 1726 5474 ⁸⁸
1753 5439 1816 5494 Η.
1850 5453 2036 5495 comes
2065 5437 2490 5494 Vermandensrs
2519 5441 2674 5508 Hugo
2720 5440 2779 5496 V.
2815 5445 2868 5494 et
2893 5439 2974 5492 Ft.

471 5445 663 5500 desunt
681 5446 735 5498 3.

468 5513 523 5566 2.
600 5516 642 5550 ⁹¹
675 5515 822 5570 deest
848 5514 899 5571 2.
927 5515 980 5572 3.
1031 5514 1106 5570 .9'
1128 5513 1402 5588 rotgarius
1420 5513 1475 5568 2.
1505 5513 1562 5568 3.

1293 5225 1338 5260 7’
1364 5225 1726 5298 relinquid‘2.
1759 5223 2096 5298 relinquitzj.
2251 5224 2472 5296 gesédis
2509 5225 2819 5298 2.7gesedis
2849 5224 2896 5277 3.

2981 5223 3024 5256 π
3054 5223 3283 5277 claudus
3313 5240 3454 5280 corr.
3498 5223 3731 5283 clauvdos
3761 5230 3807 5281 1.

2701 5296 2746 5329 τυ
2789 5294 3184 5366 depraadantur
3213 5296 3269 5349 2.
3345 5297 3392 5330 ⁸ο
3438 5297 3720 5353 willemus
3762 5300 3806 5352 1.

2523 5368 2566 5401 9‘
2593 5382 2822 5422 axonem
2866 5365 2930 5420 '3.
3013 5365 3057 5399 ⁸⁵
3087 5366 3384 5422 Rotbertus
3436 5399 3507 5408 —
3540 5369 3802 5440 processit

2523 5441 2674 5508 {Iugo
2720 5440 2779 5496 V.
2815 5439 2974 5494 etFt.
3058 5437 3102 5470 ⁸ο
3125 5438 3243 5493 suis
3287 5439 3458 5496 Lodh.
3489 5440 3542 5504 3,
3622 5440 3801 5511 90opt.

2024 5633 2231 5690 NOTAE.

543 5732 655 5800 (44,
684 5733 783 5799 45)
808 5733 887 5786 La
913 5735 1039 5790 Sére
1056 5741 1110 5787 et
1135 5736 1296 5800 l’Ale,
1328 5735 1381 5788 in
1415 5748 1554 5805 pago
1587 5732 1963 5803 Laudunensi,
1999 5734 2198 5790 lsaram
2234 5735 2289 5789 la
2317 5737 2442 5790 Fere
2473 5733 2796 5792 inﬁuentcs.
