3972 6206
155 441 260 495 ΛΞΩ

1671 439 1996 496 ANNALES.

3389 435 3494 493 430

157 565 404 632 abduxit,
436 565 740 635 relictoque
764 563 904 620 infra
941 565 986 599 ⁰³
1037 581 1264 638 regnum
1289 565 1531 621 Francize
1555 566 1769 632 Karolo,
1798 572 1844 638 Α
1875 563 2125 618 fortibus.
2160 563 2261 616 ltta
2312 563 2377 597 ¹¹⁰
2407 563 2536 630 (49),
2571 562 2737 618 fluvio
2793 562 3042 628 transito,
3099 561 3383 636 ingressus
3413 571 3494 617 est

158 665 510 712 revertuntur
536 657 601 710 ad
663 673 779 710 sua.
829 657 1054 712 Karolus
1113 658 1316 712 dehinc
1345 659 1389 692 9⁵
1432 659 1775 713 lleribertum

158 746 417 802 comitem
441 747 506 812 95,
530 744 773 800 Seulfum
803 746 1304 817 archiepiscopum,
1333 755 1658 818 ceterosque
1693 765 1780 801 re-

157 838 251 910 gni
287 838 568 909 primates,
601 837 787 892 multis
809 837 1182 909 legationibus
1209 847 1266 892 ut
1293 838 1363 892 ad
1397 855 1455 892 se
1489 849 1777 892 revertun-

161 939 250 986 tur
280 939 466 986 exorat
514 949 528 997 ;
563 931 709 1004 quod
767 931 844 984 illi
892 939 1207 998 renuentes,
1250 947 1347 1002 pro
1379 930 1612 986 Rodulfo
1645 933 1690 965 9⁵
1724 933 1776 986 in

159 1025 531 1099 Burgundiam
555 1023 1000 1089 transmiserunt,
1035 1023 1127 1094 qui
1189 1023 1334 1077 otius
1364 1023 1406 1056 οἵ
1449 1039 1572 1077 cum
1607 1023 1775 1077 multa

155 1133 387 1171 suorum
419 1132 583 1169 manu
618 1115 728 1168 illis
750 1115 1006 1169 occurrit.
1043 1113 1352 1186 Auditoque
1375 1115 1592 1177 Franci,
1627 1114 1773 1185 quod

161 1209 392 1265 Karolus
417 1209 781 1263 Nortmannos
830 1208 874 1242 98
924 1207 991 1261 ad
1040 1224 1098 1261 se
1117 1208 1304 1262 venire
1332 1207 1666 1270 mandasset,
1708 1223 1776 1260 ne

159 1301 239 1355 illi
274 1301 766 1372 conjungerentur,
810 1299 953 1354 inter
1001 1299 1253 1354 Karolum
1287 1309 1451 1370 atque
1486 1299 1776 1353 Nortman-

158 1408 264 1447 nos
317 1409 485 1463 super
530 1393 728 1446 lsaram
787 1390 1013 1446 fluvium
1069 1407 1191 1446 cum
1249 1390 1482 1446 Rodulfo
1537 1390 1702 1444 medii
1733 1392 1775 1424 99

159 1487 506 1542 resederunt.
539 1488 788 1558 Tumque
841 1487 906 1521 ¹⁰⁴
956 1486 1144 1541 Carolo
1202 1493 1350 1540 trans
1401 1486 1603 1540 Mosam
1626 1484 1774 1539 refu-

157 1576 373 1650 giente,
410 1575 702 1631 Rodulfum
735 1576 918 1631 cuncti
947 1592 1133 1649 regem
1157 1575 1217 1609 ¹⁰¹
1245 1576 1474 1649 eligunt.
1513 1574 1777 1628 Rodulfus

161 1666 312 1719 tilius
341 1664 596 1719 Richardi
616 1681 708 1719 rex
731 1665 877 1735 apud
915 1665 1108 1718 urbem
1131 1664 1512 1719 Suessonicam
1540 1663 1605 1696 ¹⁰²
1636 1678 1776 1717 con-

160 1755 408 1809 stituitur
461 1754 591 1824 (46).
660 1755 720 1808 Et
766 1753 1082 1808 lleribertus
1159 1769 1347 1807 comes
1420 1752 1778 1816 Bcrnardum,

165 1843 563 1898 consobrinum
619 1859 800 1908 suum,
858 1858 982 1896 cum
1031 1841 1153 1895 aliis
1217 1840 1430 1914 legatis,
1491 1839 1778 1893 consilium

1881 661 2100 716 terram.
2150 671 2273 725 qum
2326 655 2533 708 dudum
2587 654 2938 708 Nortmannis
2992 654 3058 707 ad
3102 652 3265 708 fidem
3295 654 3491 709 Christi

1880 743 2253 808 venientibus,
2289 749 2347 796 ut
2375 743 2515 796 hanc
2544 741 2706 796 tidem
2739 742 2982 796 colerent
3011 748 3062 795 et
3109 758 3296 812 pacem
3321 741 3494 796 habe-

1881 840 2020 897 rent,
2052 831 2223 885 fuerat
2269 832 2393 886 data
2473 832 2683 885 Partem
2742 847 2961 902 quoque
3012 831 3184 901 ipsius
3216 841 3372 885 terrae
3402 849 3492 885 rex

1879 940 2003 977 cum
2037 924 2276 988 Francis,
2331 924 2462 986 quia
2492 923 2592 993 ipsi
2654 925 2714 957 ¹¹¹
2758 924 3078 978 Nortmanni
3111 940 3300 992 pacem
3329 941 3493 995 quam

1880 1011 2224 1082 pepigerant,
2261 1019 2485 1082 pr0pter
2514 1012 2906 1081 promissiones
2961 1012 3158 1075 Karoli,
3195 1012 3284 1082 qui
3318 1011 3493 1066 eisla—

1881 1101 2172 1154 titudinem
2203 1109 2360 1153 terra)
2395 1099 2678 1168 pollicitus
2734 1100 2929 1167 fuerat,
2963 1101 3238 1175 infregere
3274 1104 3357 1169 ¹²²,
3391 1121 3496 1157 ρω-

1879 1188 2044 1242 dibus
2073 1196 2126 1242 et
2160 1189 2284 1262 igne
2315 1188 2579 1242 devastat.
2643 1189 2733 1241 llis
2791 1205 2921 1245 vero
2956 1191 3118 1244 rebus
3147 1194 3212 1225 ¹¹³
3249 1209 3374 1246 eum
3408 1193 3497 1245 ln-

1881 1291 2089 1338 tentum
2126 1283 2289 1357 legati
2323 1283 2528 1336 adeunt
2563 1282 3028 1352 Lothariensium,
3069 1302 3127 1339 se
3157 1303 3364 1357 suaque
3396 1287 3496 1356 ipsi

1877 1376 2114 1430 subdere
2145 1375 2562 1446 sponilentium.
2598 1376 2843 1439 Quorum
2889 1377 3165 1449 legatione
3213 1385 3499 1432 revocatus

1878 1469 1945 1522 ab
2004 1469 2105 1522 hac
2163 1469 2558 1534 devastationc,
2621 1486 2745 1523 cum
2798 1470 3088 1540 primatum
3150 1471 3244 1542 qui
3313 1487 3498 1525 secum

1880 1565 2108 1619 aderant
2136 1564 2368 1619 consilio
2427 1565 2878 1619 Lothariensibus
2917 1566 3132 1621 obviam
3157 1567 3358 1638 pergit,
3394 1567 3501 1620 llu-

1881 1672 2023 1729 gone
2056 1663 2107 1709 et
2137 1656 2423 1711 Heriberto
2479 1657 2772 1710 comitibus
2829 1657 2896 1710 ad
2954 1657 3269 1727 praesidium
3314 1658 3501 1728 patriae

1886 1753 2035 1798 trans
2069 1746 2267 1798 Isaram
2305 1744 2526 1798 relictis.
2580 1745 2966 1799 Lotharienses
2997 1746 3075 1799 illi
3106 1746 3321 1800 obviam
3349 1747 3502 1813 juxta

1887 1836 2186 1891 Mosomum
2241 1837 2494 1901 veniunt,
2529 1844 2582 1890 et
2635 1853 2770 1891 uxor
2826 1837 2998 1907 ipsius
3033 1837 3257 1891 nomine
3295 1837 3502 1900 Emma,

163 1933 316 2004 quod
351 1948 448 2002 per
478 1932 602 1987 illos
628 1895 909 2004 agebatur,
942 1938 998 1984 ut
1041 1929 1233 1995 fertur,
1269 1895 1672 2001 ignorantibus,
1715 1927 1782 1981 ad
1815 1895 1860 1960 Β
1887 1929 2033 2001 regis
2056 1928 2302 1982 Rotberti
2351 1927 2480 1994 lilia,
2540 1927 2726 1982 Remis
2757 1895 2978 1982 interim
3011 1928 3078 1982 ab
3107 1927 3292 1982 Seulfo
3325 1895 3503 1981 archi;

162 2022 421 2077 Karolum
456 2022 658 2094 dirigit.
685 2021 783 2086 Qui
815 2021 882 2074 ab
912 2020 1119 2073 eisdem
1170 2018 1526 2073 sacramentis
1558 2033 1782 2086 persua-

159 2131 280 2180 sus,
313 2115 380 2168 ad
415 2114 754 2168 Heribertum
798 2112 1130 2182 cumpaueis
1155 2110 1542 2180 proficiscitur,
1576 2109 1781 2180 quique

161 2219 292 2257 eum
335 2203 390 2257 in
420 2202 643 2257 castello
698 2217 798 2256 suo
831 2217 996 2270 super
1046 2199 1303 2253 Comnam
1346 2199 1491 2269 apud
1523 2199 1778 2252 Sanctum

161 2293 485 2359 Quintinum
520 2294 620 2362 (57)
680 2291 942 2360 suscepit,
977 2290 1219 2361 indeque
1283 2290 1366 2343 his
1407 2289 1498 2361 qui
1559 2305 1682 2342 cum
1713 2304 1778 2342 eo

162 2391 436 2438 venerant
465 2380 729 2446 remissis,
749 2379 1001 2433 Karolum
1027 2379 1080 2431 in
1114 2379 1392 2449 quandam
1417 2377 1778 2430 munitionem

163 2491 487 2546 suam,quze
519 2481 742 2529 vocatur
771 2471 1063 2527 Castellum
1089 2471 1411 2526 Theoderici
1445 2471 1576 2539 με),
1615 2486 1784 2539 super

159 2568 462 2623 Maternam
495 2567 718 2621 fluvium
748 2565 946 2620 deduci
1003 2564 1148 2627 fecit,
1211 2563 1400 2634 ibique
1453 2563 1626 2627 illum,
1661 2563 1786 2616 sub-

159 2659 488 2714 ministratis
514 2658 678 2712 victui
712 2657 1057 2717 necessariis,
1093 2656 1195 2710 sub
1227 2655 1476 2710 custodia
1505 2655 1743 2708 detinuit
1771 2673 1784 2719 ;

165 2754 220 2802 et
243 2748 324 2802 sic
357 2748 474 2818 ipse
497 2745 793 2802 Rodulfum
843 2762 1029 2820 regem
1081 2745 1135 2798 in
1196 2744 1567 2817 Burgundiam
1599 2759 1787 2814 prose-

169 2843 334 2890 cutus
371 2841 472 2890 est.

243 2925 457 2978 Interea
496 2923 860 2998 Ragenoldus,
917 2923 1177 2994 princeps
1206 2923 1663 2977 Nortmannorum
1694 2921 1788 2992 qui

166 3015 220 3069 in
253 3013 422 3068 ﬂuvio
488 3013 667 3087 Ligeri
723 3013 1100 3080 versabantur,
1172 3012 1349 3067 Karoli
1405 3010 1789 3082 frequentibus

174 3103 368 3158 missis
411 3102 742 3173 jampridem
774 3102 1006 3168 excitus,
1066 3101 1347 3156 Franciam
1389 3109 1538 3154 trans
1568 3102 1787 3167 lsaram,

166 3194 485 3263 conjunctis
515 3194 618 3248 sibi
650 3193 903 3264 plurimis
927 3210 991 3248 ex
1021 3193 1289 3255 Rodomo,
1322 3192 1674 3262 depraedatur
1701 3192 1786 3244 “’3.

1889 2019 2118 2091 praesule
2150 2028 2506 2074 consecratur
2531 2020 2745 2093 regina.
2767 2018 3032 2073 Rodulfus
3061 2036 3092 2073 a
3114 2018 3368 2089 plurimis
3399 2018 3504 2070 Lo-

1886 2111 2246 2173 thariensium
2279 2119 2568 2182 susceptus
2601 2111 2655 2164 in
2689 2127 2879 2185 regno,
2904 2111 3106 2181 petitur
3138 2127 3168 2165 a
3199 2109 3502 2181 Wigerico.

1885 2200 2207 2254 Melensium
2239 2201 2303 2234 “"
2333 2200 2617 2270 epiSCOpo,
2675 2209 2956 2271 receptum
2999 2200 3076 2254 ire
3110 2199 3385 2271 quoddam
3413 2215 3506 2252 ca-

1882 2296 2052 2343 strum
2082 2289 2135 2342 in
2197 2304 2394 2360 pagum
2451 2289 2729 2342 Elisatium
2773 2289 2996 2342 nomine
3047 2288 3342 2342 Zabrenam
3375 2286 3504 2356 (50).

1886 2378 1985 2432 Ubi
2011 2385 2120 2432 toto
2145 2394 2283 2448 pene
2313 2379 2630 2433 demoratus
2650 2386 2917 2433 autumno
2966 2379 3053 2445 “5,
3078 2377 3390 2432 castellanis
3417 2378 3502 2442 ηδ,

1887 2470 2014 2541 quia
2053 2471 2528 2524 Transrhenenses
2583 2477 2760 2536 erant,
2815 2469 3078 2524 auxilium
3125 2469 3192 2522 ab
3251 2468 3506 2522 Ileinrico

1889 2562 2089 2616 frustra
2117 2563 2559 2631 expectantibus,
2615 2562 2836 2616 tandem
2884 2561 3178 2617 obsidibus
3208 2561 3275 2614 ab
3307 2561 3386 2614 eis
3417 2577 3510 2614 ac-

1891 2656 2082 2725 ceptis,
2140 2655 2462 2711 Laudunum
2520 2658 2586 2710 ad
2642 2673 2867 2711 uxorem
2922 2673 3020 2710 sua
3071 2654 3381 2710 revertitur.
3418 2654 3506 2706 ln-

1890 2755 2038 2802 terea
2069 2748 2419 2802 Nortmannis
2463 2748 2730 2818 quosdam
2761 2763 2932 2823 pagos
2964 2754 3178 2801 nostros
3209 2753 3358 2800 trans
3397 2745 3512 2798 lsa-

1891 2856 2028 2905 ram,
2062 2846 2114 2893 et
2171 2840 2506 2895 nostratibus
2561 2856 2749 2894 eorum
2806 2847 3004 2894 terram
3033 2836 3508 2909 deprzedantibus,

1891 2929 2099 2985 crebris
2129 2931 2442 2985 alternatim
2475 2931 2700 2986 directis
2742 2931 3134 3005 legationibus,
3184 2945 3374 3000 pacem
3408 2928 3512 2982 He-

1893 3019 2096 3073 riberto
2127 3019 2317 3074 comiti
2349 3028 2403 3074 et
2457 3020 2642 3075 Seulfo
2673 3021 3120 3090 farchiepisc0po
3155 3017 3509 3089 pollicentur,

1893 3109 2199 3180 ceterisque
2233 3109 2453 3163 Francis
2483 3110 2577 3179 qui
2609 3126 2729 3164 cum
2761 3110 2892 3179 ipsis
2924 3117 3114 3164 contra
3147 3108 3516 3164 Nortmannos

1891 3200 2178 3265 sedebant,
2201 3200 2246 3252 si
2277 3207 2459 3254 tamen
2489 3200 2571 3254 eis
2625 3208 2768 3254 terra
2831 3201 3074 3266 daretur,
3107 3217 3270 3272 quam
3296 3198 3517 3269 spacio-

168 3289 341 3356 Cujus
365 3289 558 3342 castris
578 3287 1038 3359 supervenientes
1066 3286 1260 3341 fideles
1287 3286 1553 3341 lleriberti
1578 3286 1671 3356 qui
1691 3302 1782 3354 per
1817 3269 1864 3336 C
1887 3308 2000 3346 sam
2024 3291 2285 3361 petebant
2317 3290 2457 3344 ultra
2489 3290 2821 3361 Sequanam,
2857 3292 3092 3346 Rodulfo
3126 3269 3336 3346 interea
3362 3307 3513 3363 rege,

169 3381 402 3436 castella
431 3387 826 3447 remanserant,
844 3380 1118 3449 adjunetis
1134 3380 1238 3435 sibi
1271 3378 1505 3434 Rodulfo
1537 3377 1788 3450 privigno

172 3475 402 3550 Rotgeri
432 3483 484 3528 et
513 3475 862 3548 lngobranno
893 3475 957 3509 ¹⁰⁵
979 3476 1292 3544 comitibus,
1327 3475 1565 3546 priet-lam
1595 3474 1791 3545 ingen-

167 3575 282 3622 tem
314 3566 640 3636 eripuerunt
671 3566 756 3632 “’5,
791 3573 844 3620 et
873 3565 1070 3637 captivi
1129 3565 1279 3620 mille
1338 3563 1542 3618 ibidem
1575 3562 1793 3617 liberati

164 3663 320 3711 sunt.
356 3654 473 3718 Quo
506 3655 743 3728 cognito,
781 3654 1128 3727 Ragenoldus
1185 3654 1491 3725 exagitatus
1518 3653 1794 3719 furore,in

168 3765 379 3822 pagum
433 3748 847 3804 Atrabatensem
895 3751 1196 3820 praedatum
1268 3750 1667 3824 progreditur;
1707 3748 1794 3803 cui

169 3841 376 3896 obvius
425 3839 600 3895 factus
654 3857 840 3896 comes
892 3842 1228 3908 Adelelmus,
1284 3849 1572 3896 sexcentos
1599 3858 1663 3894 ex
1716 3841 1796 3894 eis

172 3931 395 3996 stravit,
431 3930 630 3985 ceteris
658 3929 784 4003 fuga
816 3932 1106 4002 prolapsis.
1144 3931 1269 3985 Cum
1289 3932 1491 4002 quibus
1525 3930 1797 4004 Ragenol-

173 4024 284 4078 dus
322 4022 391 4076 ad
411 4022 781 4076 munitionum
814 4037 1038 4076 suorum
1071 4029 1330 4092 properat
1371 4022 1601 4095 refugia,
1638 4021 1799 4075 inde-

176 4128 290 4186 que
319 4119 554 4183 quantas
593 4118 771 4182 potest
802 4127 1059 4167 exercere
1087 4127 1197 4166 non
1239 4111 1441 4166 desinit
1509 4111 1720 4182 praedas
1748 4118 1801 4164 et

180 4199 490 4256 latrocinia.
526 4200 736 4265 Quibus
788 4200 1117 4272 urgentibus
1146 4200 1347 4263 causis,
1391 4217 1483 4254 rex
1515 4200 1580 4234 ¹⁰⁶
1599 4199 1803 4254 Rodul-

183 4291 273 4346 fus
305 4291 375 4344 ab
405 4290 468 4324 ¹⁰⁷
502 4290 727 4365 Hugone
773 4289 886 4346 filio
916 4292 1160 4346 Rotberti
1206 4290 1432 4358 accitus,
1455 4290 1522 4344 de
1554 4290 1806 4362 Burgun-

179 4385 278 4438 dia
307 4384 459 4440 venit
481 4384 549 4438 ad
598 4383 993 4455 Compendium
1038 4384 1102 4418 ¹⁰⁸
1135 4401 1304 4455 super
1344 4385 1542 4437 lsaram
1579 4401 1592 4446 ;
1626 4393 1679 4437 et
1705 4400 1807 4436 au-

181 4474 304 4528 dito
336 4474 484 4544 quod
518 4473 837 4528 Nortmanni
868 4474 932 4508 ¹⁰⁰
965 4489 1162 4548 pagum
1180 4473 1565 4528 Bclvacenscm
1600 4474 1808 4544 deprae-

184 4567 486 4635 dabantur,
520 4568 614 4623 illo
665 4569 882 4624 transiit
909 4585 1033 4624 cum
1089 4569 1276 4624 Seulfo
1307 4569 1726 4640 archiepiscopo
1756 4577 1810 4623 et

1891 3389 1950 3436 ut
1975 3382 2177 3435 dictum
2208 3389 2309 3446 est,
2343 3381 2669 3436 Laudunum
2727 3398 2969 3448 reverso,
3019 3383 3245 3438 obsides
3290 3381 3366 3436 illi
3391 3381 3520 3436 mil-

1895 3478 2034 3539 tunt,
2078 3478 2131 3525 et
2188 3469 2440 3525 inducias
2490 3471 2558 3524 ab
2626 3487 2691 3524 eo
2754 3487 2927 3542 usque
2950 3473 3018 3526 ad
3049 3475 3290 3529 medium
3319 3471 3517 3526 Maium

1897 3563 2195 3633 accipiunt.

1969 3653 2105 3706 Dum
2162 3652 2280 3706 haec
2335 3658 2622 3724 geruntur,
2678 3652 2989 3718 lleinricus,
3057 3652 3422 3708 invitantibus
3461 3669 3522 3708 se

1897 3747 2204 3802 Gisleberto
2237 3747 2439 3802 comite
2472 3757 2526 3803 et
2555 3747 2814 3819 Rotgario
2854 3747 3203 3803 Trevirorum
3261 3746 3520 3817 praesule,

1897 3842 1989 3914 qui
2022 3841 2256 3896 necdum
2308 3857 2366 3897 se
2423 3841 2656 3897 Rodulfo
2705 3841 3088 3906 subdiderant,
3152 3843 3403 3896 Rhenum
3457 3843 3521 3876 “7

1899 3929 2270 3986 transmisisse
2312 3947 2658 4005 regnumque
2697 3929 2930 3984 Lotharii
2962 3929 3268 4000 depraedari
3305 3929 3524 3984 nuntia-

1902 4032 1989 4077 tur
2019 4022 2106 4078 “3.
2140 4022 2514 4094 DepOpulatus
2567 4031 2651 4078 est
2705 4030 2887 4078 autem
2919 4021 3068 4093 quod
3103 4022 3247 4076 inter
3270 4021 3523 4077 Rhenum

1903 4125 1957 4172 et
1985 4118 2262 4173 Mosellam
2296 4117 2600 4186 interjacet,
2634 4135 2864 4189 gregum
2915 4125 3401 4186 armentorumque
3433 4117 3527 4169 ab-

1906 4207 2166 4260 ductione
2199 4207 2264 4239 “9
2295 4222 2359 4260 ac
2389 4213 2696 4260 ceterarum
2726 4222 2892 4276 opum
2928 4207 3215 4271 exhaustu,
3248 4220 3372 4257 cum
3405 4202 3528 4273 plu-

1910 4294 2174 4350 rimorum
2208 4310 2428 4366 quoque
2453 4293 2764 4362 juventutis
2795 4295 3128 4365 captivitate.
3169 4292 3404 4363 Quique,
3438 4309 3532 4347 au-

1909 4386 2024 4441 dito
2054 4388 2200 4458 quod
2227 4386 2893 4460 Rodulfuszexercitum‘20
2907 4403 3015 4441 non
3033 4386 3198 4440 modo
3225 4401 3254 4439 e
3279 4384 3524 4447 Francia,

1909 4479 2044 4549 quin
2063 4496 2130 4532 ex
2157 4479 2307 4533 omni
2341 4485 2601 4553 congerat
2651 4480 2712 4512 ¹²¹
2750 4479 3091 4552 Burgundia,
3129 4478 3183 4530 in
3215 4491 3315 4531 suo
3347 4492 3406 4529 se
3438 4492 3530 4528 re-

1912 4585 2022 4644 gno
2056 4571 2284 4642 recepit,
2313 4571 2458 4625 datis
2489 4569 2728 4624 induciis
2760 4569 3209 4625 Lothariensibus
3226 4583 3402 4639 usque
3437 4567 3535 4623 Ka-

186 4659 485 4715 Heriberto
508 4659 710 4716 comite
740 4660 975 4732 aliisque
1001 4660 1335 4732 quibusdam
1379 4670 1433 4715 et
1463 4661 1654 4716 electis
1687 4662 1816 4716 viris
1840 4640 1894 4707 Ι)
1917 4640 2107 4717 lendas
2138 4640 2387 4719 octobris
2404 4662 2533 4718 anni
2555 4663 2843 4735 sequentis
2876 4663 2962 4716 "3.
2984 4662 3104 4718 Otto
3129 4662 3197 4695 ²²³
3229 4667 3435 4716 tantum
3466 4677 3533 4716 ex

1555 4787 1772 4842 VARI/li
1796 4788 2171 4856 LECTIONES,

265 4887 312 4922 ⁰³
347 4887 490 4962 i112.
518 4887 564 4921 (³⁵
593 4888 830 4962 dehini.
853 4888 912 4962 _°5
947 4889 1204 4962 comitem
1275 4892 1324 4962 1.
1353 4890 1399 4923 οδ
1445 4890 1505 4943 R.
1561 4889 1839 4944 Richardii
1871 4891 2156 4946 Justitiarii
2210 4889 2345 4946 filio.
2380 4894 2529 4961 [Iugo
2565 4893 2630 4955 V,
2662 4890 2921 4946 Richardi
2964 4891 3032 4950 R.
3059 4889 3244 4962 magni
3269 4888 3538 4960 principis

187 4959 329 5014 ﬁlio:
365 4961 522 5026 IIugo
548 4962 628 5014 Fl.
682 4960 724 4994 ⁰τ
779 4960 934 5016 ocius
971 4961 1024 5015 ‘2.
1059 4962 1111 5026 3,
1142 4962 1187 4994 93
1219 4961 1286 5014 ad
1320 4977 1378 5014 se
1427 4978 1476 5026 v,
1508 4976 1848 5016 normannos
1896 4963 1930 5014 2
1960 4963 2027 5016 ad
2067 4979 2111 5017 s.
2146 4979 2194 5018 v.
2229 4981 2284 5017 n.
2320 4964 2371 5018 3.
2405 4966 2449 4997 νυ
2473 4959 2661 5018 ’ωρόὶἰ
2685 4963 2854 5016 medii
2888 4963 2937 5016 l.
2982 4963 3048 4994 ¹⁰⁰
3095 4959 3358 5031 Tuncque

3395 4963 3450 5023 2,
3483 4962 3536 5028 3,

192 5033 256 5064 ¹⁰¹
286 5031 455 5095 deest,
489 5032 522 5086 2
548 5031 598 5087 3.
637 5031 703 5065 ¹⁰²
732 5032 783 5086 S.
818 5032 873 5085 in
930 5031 1271 5086 monasterio
1332 5034 1503 5086 sancti
1547 5033 1779 5086 \ledardi
1833 5050 1879 5086 c.
1911 5035 2145 5086 Pithoeus
2203 5037 2475 5088 asteriscz‘s
2507 5040 2713 5088 notata.
2743 5036 2848 5090 Nec
2879 5035 3028 5100 apud
3060 5033 3341 5089 Richem-m
3371 5048 3541 5100 neque

191 5102 348 5171 apud
379 5103 655 5169 Hugonem
692 5105 741 5156 V
766 5105 1052 5158 habentur.
1109 5104 1174 5136 103

1224 5105 1502 5176 pranlatur
1530 5105 1583 5176 2.
1619 5102 1669 5158 3.
1705 5103 2168 5176 imiingrobanuo
2223 5106 2274 5159 2.
2334 5105 2735 5174 '05eripierunt
2794 5109 2842 5167 1,
2905 5105 2971 5138 ¹⁰⁶
3023 5107 3085 5176 It.

3151 5121 3195 5168 r,
3228 5106 3278 5158 ‘2.
3318 5103 3380 5136 ¹⁰⁷
3409 5119 3440 5156 a
3487 5104 3534 5157 1.

195 5175 263 5253 ξοδ
297 5175 648 5253 cpmpepdirr
695 5175 750 5227 'l.
819 5176 884 5208 ¹⁰⁹
953 5174 1285 5253 normandni
1313 5176 1366 5228 2.
1433 5176 1496 5208 ¹¹⁰
1531 5175 1632 5253 _lta
1690 5175 1742 5228 2.
1779 5174 1998 5253 3a.“.m
2025 5175 2235 5253 “ipsius
2266 5179 2338 5253 _1.
2383 5177 2460 5253 _“’
2518 5176 2832 5253 infringere
2881 5177 2940 5250 1.,
2999 5175 3065 5208 ¹¹³
3095 5191 3146 5253 (ε.
3177 5175 3278 5228 r.2.
3309 5175 3372 5207 “5
3404 5182 3542 5253 met-

195 5245 438 5318 tensium
493 5246 546 5300 2.
585 5246 651 5278 ¹¹⁵
711 5250 994 5300 aultumnb
1035 5262 1170 5300 corr.
1217 5254 1480 5300 autumno
1523 5247 1572 5298 1.
1608 5256 1855 5301 autunno
1911 5247 1964 5299 2.
2023 5248 2088 5280 ¹¹⁶
2145 5247 2426 5302 catellanis
2485 5248 2576 5318 qui
2608 5250 2640 5299 3
2673 5245 2722 5300 a'.
2768 5247 2832 5318 “7
2887 5245 3079 5300 renum
3118 5247 3171 5300 3.
3220 5261 3442 5318 semper.
3477 5245 3542 5278 “3

196 5315 532 5392 nuntiantur
576 5318 748 5392 (ορνν.
789 5318 1077 5372 nuntiatur
1120 5318 1192 5387 1.)
1242 5318 1294 5372 2.
1360 5318 1682 5371 nuntiantur
1720 5320 1771 5371 3.
1805 5319 1872 5352 ¹¹³
1908 5318 2242 5374 adductione
2295 5321 2350 5372 2.
2387 5318 2452 5352 ¹²⁰
2498 5315 2773 5373 exercitus
2802 5317 2854 5374 3.
2892 5319 2952 5351 ¹²¹
2991 5325 3215 5392 cogeret
3243 5317 3296 5371 2.
3411 5318 3540 5370 1'ﬁs.

1781 5460 1991 5516 NOT/‘E.

206 5403 260 5440 a:
286 5387 344 5441 2.
379 5387 434 5443 3.
469 5388 534 5422 ¹²³
565 5387 704 5443 Otho
724 5389 776 5450 3,

275 5557 368 5627 (66
430 5557 582 5630 llugo
638 5557 784 5612 Flav.
840 5558 915 5612 ita
973 5556 1461 5630 pergit:EtﬁBoso
1505 5559 1682 5624 frater
1709 5557 1825 5624 ejus

201 5644 306 5683 rea:
340 5629 533 5685 Gallia:
565 5632 882 5697 superioris,
908 5644 1028 5699 quia
1049 5629 1257 5682 cemata
1273 5629 1497 5696 dicitur,
1512 5630 1828 5681 constitutus

205 5705 302 5767 est,
335 5701 398 5754 id
423 5706 502 5755 est
525 5701 855 5765 Burgundio:
884 5700 1202 5770 superioris,
1230 5705 1278 5754 et
1308 5701 1466 5765 Hugo
1499 5699 1694 5765 Capeto
1720 5699 1832 5752 dux

209 5772 549 5840 Burgundios
575 5772 879 5836 inferioris.

280 5844 384 5915 (47)
418 5842 856 5906 Sai-nt-Quentin.

1998 5560 2104 5626 (48)
2136 5561 2654 5628 Chdteuu-Thierry.

2004 5631 2114 5699 (49)
2141 5634 2296 5699 Epte,
2327 5633 2512 5685 medio
2541 5627 2718 5703 spatio
2739 5629 2882 5684 inter
2898 5627 3133 5683 Parisios
3161 5635 3214 5683 et
3242 5629 3549 5687 Rodomum

1933 5701 2244 5800 Sequanam
2278 5703 2534 5757 illabens.

2007 5773 2020 5800 Ι
2041 5773 2109 5800 ..m
2152 5774 2352 5800 7,-1.1...“

2007 5773 2110 5839 (50)
2147 5774 2374 5827 Ζίιῦρνη.
