3972 6206
204 275 314 331 133

202 409 563 481 Opprimitur,
593 417 648 463 et
688 422 830 478 pene
868 400 1191 475 chperatus
1245 418 1274 456 a
1325 400 1600 472 pluribus,
1648 399 1905 476 RemisA

201 499 275 553 ad
303 505 553 553 sanctum
579 495 889 568 Remigium
911 509 970 548 se
1002 491 1216 546 deferre
1247 489 1405 561 petiit
1430 490 1515 542 ‘7‘.
1554 487 1654 545 Ubi
1691 503 1832 544 non-

205 591 360 644 nulla
383 591 449 624 ¹τ²
480 589 628 643 dona
657 587 906 659 largitus,
948 591 1220 648 ceterum,
1255 588 1455 651 praeter
1485 580 1670 634 uxoris
1700 596 1828 650 par-

203 692 340 752 tem,
383 683 632 756 quicquit
683 681 750 715 “3
780 679 886 734 sibi
945 679 1327 733 thesaurorum
1359 681 1682 746 supererat,
1732 691 1832 744 per

202 776 537 831 monasteria
571 773 812 828 Francia:
839 769 1280 844 Burgundiwque
1319 766 1556 830 direxit;
1590 773 1643 820 et
1671 771 1831 836 quat-

201 876 328 924 tuor
355 866 760 924 ebdomadibus
783 863 932 934 apud
962 867 1211 916 sanctum
1237 858 1545 931 Remigium
1573 857 1827 912 demora-

201 967 312 1025 tus,
346 960 571 1014 tandem
605 958 980 1029 redintegrata
1010 953 1266 1015 sanitate,
1311 949 1696 1004 Suessonicam
1730 965 1830 1020 pe-

202 1049 288 1102 tiit
313 1048 509 1104 urbem
534 1049 619 1114 ‘7‘,
655 1045 894 1115 indeque
927 1041 1232 1117 regreditur
1259 1039 1312 1093 in
1337 1040 1402 1073 “5
1429 1038 1822 1109 Burgundiam.

201 1141 494 1197 Heinricus
523 1156 680 1211 reque
712 1139 765 1192 in
790 1137 922 1208 ipsis
951 1137 1318 1190 Sarmatarum
1352 1133 1418 1167 “5
1450 1131 1652 1186 ﬁnibus
1679 1132 1824 1186 vale-

198 1233 397 1288 tudine
436 1233 686 1304 corporis
730 1239 844 1286 tota
890 1229 1170 1284 detinetur
1197 1233 1405 1280 testate.
1441 1225 1659 1279 Interim
1691 1239 1825 1279 con-

197 1322 374 1378 tentio
422 1322 486 1356 ¹⁷⁷
531 1322 673 1375 inter
712 1318 1075 1372 Gislebertum
1106 1324 1160 1370 ct
1199 1315 1542 1386 Ragencrum
1576 1314 1662 1381 ηε,
1706 1314 1819 1367 fra-

197 1422 342 1468 trem
375 1413 515 1480 ejus,
545 1426 646 1464 nec
675 1408 855 1462 minor
885 1406 1027 1460 inter
1053 1406 1319 1459 Bosonem
1350 1412 1401 1458 et
1433 1403 1701 1458 Othonem
1733 1404 1817 1469 “9,

197 1504 467 1567 caedibus,
491 1499 762 1556 incendiis
783 1515 847 1552 ac
868 1494 1378 1568 deprzedationibus
1407 1493 1696 1564 utrobique
1721 1510 1821 1564 pa»

195 1604 390 1652 tratur.
443 1591 763 1649 Nortmanni
813 1606 934 1644 cum
995 1588 1213 1641 Francis
1259 1603 1446 1656 pacem
1491 1585 1685 1640 ineunt
1728 1602 1819 1639 sa-

194 1684 494 1741 cramentis
533 1698 630 1754 per
661 1681 942 1753 llugonem
982 1677 1047 1710 ¹⁸⁰
1087 1683 1139 1730 et
1181 1674 1522 1728 lleribertum
1564 1674 1814 1739 comites,

196 1777 446 1831 Seuli‘um
497 1758 718 1845 quoque
773 1768 1287 1839 archiepisc0pum;
1322 1767 1546 1819 absente
1581 1766 1641 1800 ¹⁸¹
1689 1781 1816 1836 rege
1843 1787 1891 1854 Β

196 1863 457 1926 Rodulfo,
487 1863 607 1930 ejus
649 1869 830 1916 tamen
871 1873 1165 1919 consensu,
1201 1864 1342 1910 terra
1375 1855 1480 1908 illis
1512 1864 1690 1918 aucta,
1734 1855 1818 1907 Ci-

196 1957 491 2012 nomannis
523 1963 573 2008 et
606 1953 814 2021 Bajocze
850 1959 1009 2021 pacto
1051 1949 1201 2020 pacis
1230 1948 1310 2001 eis
1340 1963 1636 2002 concessae.
1670 1948 1816 2002 Isaac

192 2067 417 2124 quoque
441 2065 628 2104 comes
651 2046 928 2118 quoddam
957 2044 1243 2098 castellum
1275 2043 1536 2113 Stephani
1561 2041 1815 2096 Camara-

189 2147 376 2201 censis
401 2142 646 2214 episcopi
678 2141 869 2195 dolosa
917 2138 1272 2192 infestatione
1311 2137 1811 2202 comprehendens,

182 2233 452 2290 incendit.
488 2230 731 2285 Prtesidii
778 2230 940 2282 etiam
988 2225 1256 2280 Heriberti
1305 2226 1468 2279 turris
1507 2241 1674 2295 super
1706 2225 1814 2278 Ma-

181 2334 396 2378 ternam
423 2319 648 2374 ﬂuvium
673 2317 768 2372 ubi
802 2315 1027 2370 Karolus
1049 2313 1484 2379 custodiebatur,
1517 2313 1810 2368 subitaueo

180 2413 542 2484 conﬂagravit
569 2410 848 2466 incendio.
885 2406 1225 2482 Raginoldus
1247 2407 1312 2439 ¹⁸²
1343 2423 1468 2459 cum
1502 2407 1614 2459 suis
1649 2407 1810 2461 Nort-

179 2507 422 2572 mannis,
456 2505 586 2576 quia
639 2502 892 2557 nondum
952 2500 1359 2571 possessionem
1414 2499 1555 2552 intra
1606 2498 1806 2552 Gallias

178 2605 492 2670 acceperat,
542 2606 740 2650 terram
773 2593 1012 2667 Ilugonis
1066 2592 1208 2645 inter
1241 2590 1476 2663 Ligerim
1511 2598 1565 2644 et
1596 2591 1810 2662 Sequa-

185 2710 312 2748 nam
355 2688 746 2760 depopulatur.
791 2685 1046 2756 Synodus
1084 2683 1471 2753 episc0porum
1520 2682 1808 2738 Remensis

185 2786 476 2839 dioceseos
516 2780 661 2851 apud
715 2777 1016 2833 Trosleium
1075 2775 1294 2830 Octobri
1347 2791 1536 2830 mense
1596 2774 1803 2841 habita,

187 2877 376 2932 Seulfo
403 2874 819 2944 archiepiscopo
844 2869 1195 2942 praesidente,
1222 2869 1273 2922 in
1307 2885 1416 2938 qua
1449 2869 1597 2922 Isaac
1619 2883 1805 2922 comes

183 2967 251 3020 ad
307 2963 754 3019 emendationem
787 2969 842 3016 et
894 2959 1318 3014 satisfactionem
1354 2957 1526 3022 venit,
1570 2973 1666 3028 pro
1722 2957 1805 3012 his

1727 262 2039 317 ANNALES.

3440 265 3544 321 13‘

2562 397 2915 453 DCCCCXXV.

1933 471 2366 546 rediutcgrante,
2415 470 2750 544 Raginoldus
2781 471 2848 505 ¹⁹²
2880 486 3002 525 eum
3035 471 3150 526 suis
3194 472 3544 528 Nortmannis

1935 565 2303 638 Burgundiam
2331 564 2772 636 depopulabatur
2803 564 2889 618 “3.
2923 563 3052 619 Cum
3085 580 3194 636 quo
3225 564 3545 621 Warnerius

1931 665 1985 712 et
2037 657 2312 712 Manasses
2357 658 2606 719 comites,
2669 656 2968 730 Ansegisus
3021 662 3075 710 et
3128 656 3439 713 Gotselinus
3480 659 3546 695 ¹⁰⁸

1931 749 2217 818 praesules,
2251 748 2530 822 congressi
2564 746 2709 819 apud
2741 755 2985 802 montem
3019 746 3233 802 Calaum
3264 748 3350 816 ηδ,
3384 749 3545 805 Nort-

1929 856 2256 896 mannorum
2287 841 2575 911 plusquam
2607 839 2956 913 octingentos
2984 846 3254 895 sternunt.
3304 842 3542 897 Warne-

1929 931 2041 984 rius
2057 945 2242 984 comes
2264 929 2361 994 ibi,
2386 944 2529 1000 equo
2561 929 2629 964 ¹⁹⁶
2658 928 2744 983 cui
2765 929 2997 984 sedebat
3019 930 3226 996 occiso,
3246 939 3440 1002 captus
3490 939 3545 987 et

1929 1021 2292 1092 interemptus
2338 1029 2441 1087 est,
2473 1027 2528 1074 et
2576 1020 2874 1093 Ansegisus
2910 1020 3212 1075 Trecasinm
3274 1023 3338 1057 “7
3393 1022 3544 1078 urbis

1927 1109 2224 1179 episcOpus
2245 1110 2564 1163 vulneratus
2585 1109 2670 1161 ¹⁹⁸.
2693 1109 2807 1173 Quo
2831 1108 3098 1164 Rodulfus
3120 1125 3212 1163 rex
3235 1118 3541 1182 comperto,

1928 1197 1982 1250 in
2005 1197 2376 1271 Burgundiam
2409 1214 2529 1252 cum
2557 1196 2886 1269 quibusdam
2919 1214 2983 1252 ex
3014 1199 3240 1252 Francia
3271 1199 3542 1254 militibus

1923 1285 2134 1341 scilicet
2181 1287 2473 1340 Remensis
2523 1285 2786 1340 aeeclesiae
2818 1295 2873 1340 et
2901 1287 3125 1342 Abbone
3157 1288 3222 1322 ¹⁹⁹
3277 1288 3540 1344 Suessio-

1925 1379 2084 1432 nensi
2115 1377 2402 1450 episcopo,
2436 1377 2627 1447 paucis
2667 1376 2832 1430 etiam
2862 1377 2984 1431 aliis
3011 1392 3197 1433 secum
3229 1380 3544 1435 comitanti-

1922 1471 2046 1536 bus,
2080 1469 2462 1540 proficiscitur,
2500 1468 2785 1524 Heriberto
2817 1485 3038 1541 quoque
3088 1471 3286 1526 comite
3317 1486 3376 1527 se
3409 1489 3539 1544 pro-

1921 1567 2210 1630 sequente.
2247 1558 2599 1630 Collectaque
2645 1573 2709 1612 ex
2752 1559 3066 1631 Burgundia
3106 1561 3340 1615 militum
3374 1578 3540 1618 manu

1920 1671 2031 1709 non
2087 1670 2280 1724 pauca,
2313 1652 2464 1706 venit
2512 1666 2689 1722 usque
2729 1650 2796 1704 ad
2854 1661 3031 1706 castra
3077 1652 3538 1710 Nortmannorum

1919 1762 2088 1816 super
2118 1746 2425 1816 Sequanam
2461 1760 2476 1809 ;
2532 1743 2722 1814 ibique
2757 1742 2826 1797 ab
2859 1743 2944 1797 his
2987 1743 3056 1777 ²⁰⁰
3094 1745 3187 1816 qui
3217 1761 3280 1798 ex
3312 1745 3539 1802 Francia

1921 1845 2274 1907 perrexerant
2321 1835 2558 1906 pedestri
2594 1851 2777 1910 pugna
2819 1842 3081 1890 certatum
3114 1836 3182 1890 ad
3215 1843 3409 1891 castra.
3445 1838 3539 1892 Vi-

1918 1927 2113 1979 dentes
2135 1941 2286 1991 vero,
2315 1923 2464 1995 quod
2498 1924 2572 1978 illi
2594 1925 2688 1995 qui
2722 1933 2879 1979 erant
2911 1940 3032 1979 cum
3063 1941 3215 1999 rege,
3244 1942 3370 1997 pars
3393 1927 3538 1983 scili-

1917 2023 2005 2069 cet
2035 2014 2310 2068 exercitus
2357 2013 2618 2080 maxima,
2660 2029 2840 2084 neque
2900 2021 3074 2068 castra
3125 2013 3383 2070 invadere
3432 2031 3534 2069 ne-

1916 2121 2022 2177 que
2050 2107 2113 2139 ²⁰¹
2143 2105 2302 2176 equis
2323 2103 2548 2158 desilire
2578 2109 2933 2175 temptarent,
2957 2103 3330 2176 compulsisin
3357 2111 3534 2161 castra

1915 2181 2266 2256 No‘rtmannis
2317 2199 2411 2271 qui
2469 2199 2686 2253 fuerant
2741 2200 2812 2233 ²⁰²
2865 2200 2930 2253 ad
2990 2201 3407 2275 repugnandum
3467 2201 3536 2236 ⁸⁸³

1913 2291 2143 2364 egressi,
2177 2289 2510 2362 quibusdam
2556 2290 2625 2324 ²⁰⁴
2655 2304 2878 2361 quoque
2919 2291 3222 2362 prostratis,
3257 2307 3287 2346 a
3317 2302 3530 2348 castro.

1914 2401 2031 2438 rum
2092 2383 2418 2455 pervasione
2468 2381 2782 2448 discedunt,
2829 2390 3114 2455 castraque
3174 2384 3392 2440 duobus
3443 2385 3528 2441 vei

1914 2476 2087 2530 tribus
2117 2474 2344 2528 milibus
2377 2490 2406 2528 a
2439 2474 2898 2529 Nortmannorttm
2937 2474 3130 2529 castris
3169 2482 3446 2531 metantur
3476 2476 3531 2531 in

1910 2569 2112 2644 girum,
2147 2568 2372 2642 Hugone
2423 2567 2666 2622 Rotberti
2701 2567 2814 2622 ﬁlio
2869 2574 3091 2623 econtra
3123 2585 3288 2641 supra
3334 2570 3403 2605 ὀδ
3433 2571 3532 2625 Se-

1909 2680 2148 2736 quanam
2179 2665 2281 2719 hac
2301 2680 2365 2718 ex
2395 2670 2548 2734 parte
2579 2669 2755 2717 castra
2785 2668 3008 2719 metato.
3040 2663 3140 2718 Ubi
3163 2664 3528 2738 pr0pinquio-

1909 2773 2018 2811 rem
2046 2763 2343 2812 castrorum
2369 2755 2722 2810 obsidionem
2748 2754 3281 2825 procrastinantibus
3307 2757 3531 2813 Francis

1905 2845 2053 2898 etde
2104 2843 2195 2898 die
2228 2845 2283 2898 in
2315 2842 2461 2898 diem
2507 2841 2894 2897 differentibus
2925 2842 3014 2910 ωε,
3052 2859 3219 2899 naves
3249 2860 3281 2899 a
3319 2845 3528 2903 Parisio

1905 2945 2163 2992 venturas
2188 2936 2554 3007 expectando,
2592 2935 2884 3006 eruptione
2915 2935 3053 2990 clam
3087 2936 3248 3004 facta,
3275 2953 3528 3010 quemn-

181 3072 305 3128 quac
347 3069 512 3126 prave
543 3053 808 3108 adversus
847 3049 1137 3105 ecclesiam
1181 3049 1634 3103 Cameracensem
1667 3064 1798 3118 pcr-
1831 3060 1880 3130 ο
1905 3029 2027 3084 dam
2064 3037 2373 3130 ηοδῑνίξξυηι
2405 3029 2574 3084 νθιηῑί
2607 3029 2778 3086 rem"
2816 3044 3064 3097 3538113",
3107 3030 3428 3087 Nortmanni
3462 3031 3530 3067 ⁹⁰⁷

181 3149 514 3216 petraverat,
559 3147 613 3195 et
640 3140 868 3194 vadatus
893 3138 1106 3212 argenti
1139 3137 1294 3191 libris
1326 3137 1392 3170 ¹⁸³
1417 3146 1659 3202 centum,
1694 3153 1798 3207 pa-

181 3245 338 3292 catur
389 3251 515 3291 cum
561 3234 840 3304 Stephano
880 3230 1118 3303 praefatae
1148 3229 1300 3284 urbis
1340 3231 1624 3300 episcopo,
1658 3246 1801 3300 pra:-

180 3337 337 3385 sente
386 3329 710 3401 [satagente,
741 3327 882 3380 Hist.
925 3323 1093 3394 Rem]
1143 3321 1428 3378 Heriberto
1467 3330 1520 3376 ct
1551 3322 1802 3392 pluribus

176 3417 419 3472 Francite
452 3413 766 3471 comitibus.

253 3503 523 3562 Rodulfus
548 3520 642 3558 rex
669 3500 952 3557 castellum
986 3499 1189 3554 montis
1217 3498 1391 3554 sancti
1423 3499 1709 3565 Johannis,
1747 3498 1798 3553 id

180 3593 506 3666 Ragenardo
555 3590 727 3646 invito
779 3589 908 3644 licet
970 3590 1283 3655 deserente,
1339 3589 1568 3658 recepit,
1609 3589 1800 3659 sicque

181 3688 453 3742 Frantiam
489 3685 689 3756 repetit
723 3685 808 3738 ‘3‘.
854 3683 1162 3738 Willelmus
1192 3691 1246 3738 et
1275 3683 1428 3756 Hugo
1458 3683 1702 3737 Rotberti
1736 3685 1800 3719 ιδδ

178 3778 325 3832 filius
373 3791 498 3830 cum
545 3775 863 3849 Ragenoldo
911 3775 979 3828 de
1016 3790 1114 3828 sua
1154 3781 1298 3828 terra
1327 3773 1674 3828 securitatem
1735 3775 1802 3810 ¹⁸⁶

176 3873 554 3943 paciscuntur,
587 3877 641 3925 et
671 3869 1025 3943 Ragcnoldus
1058 3884 1180 3922 cum
1214 3868 1328 3923 suis
1359 3868 1708 3923 Nortmannis
1745 3870 1798 3924 in

175 3960 548 4037 Burgundiam
599 3958 992 4029 proliciscitur.
1048 3957 1483 4012 llluminationes
1545 3958 1801 4013 candela-

179 4073 299 4111 rum
333 4055 440 4108 hoc
470 4067 616 4107 anno
650 4051 837 4106 multze
868 4067 966 4122 per
997 4051 1214 4104 diversa
1246 4049 1476 4104 Frantize
1509 4051 1646 4117 loca,
1681 4060 1799 4106 orto

180 4151 412 4216 repente
435 4141 664 4208 lumine,
696 4140 872 4207 factae,
907 4148 961 4195 et
980 4140 1224 4195 visiones
1241 4147 1554 4194 sanctorum
1577 4140 1794 4195 cuidam

180 4238 505 4310 presbytero
549 4234 775 4290 nomine
823 4232 1042 4288 Ebrulfo
1073 4233 1129 4287 in
1173 4232 1349 4286 villari
1400 4232 1640 4287 Mosomo
1675 4249 1795 4304 pro-

178 4331 328 4384 ximo
356 4327 725 4383 commanenti
758 4326 821 4360 ¹³τ
854 4333 1090 4380 ostensae
1120 4325 1206 4379 ηδ.
1250 4324 1433 4379 Remis
1461 4325 1516 4378 in
1546 4325 1794 4379 tecclesia

176 4428 385 4474 sancta:
414 4417 595 4471 Maria)
625 4415 1030 4486 sollempuitate
1053 4415 1298 4469 omnium
1329 4422 1642 4470 sanctorum
1663 4415 1790 4486 qui-

1903 3139 2002 3177 sua
2034 3130 2209 3177 castra
2240 3123 2577 3193 linquentes,
2610 3130 2665 3177 et
2694 3124 2890 3178 saltum
2923 3124 3199 3195 quendam
3233 3125 3337 3180 iter
3364 3139 3524 3180 suum

1902 3215 2114 3269 tutandi
2145 3213 2318 3288 gratia
2377 3221 2651 3284 petentes,
2709 3216 2989 3283 evadunt;
3042 3227 3356 3273 nostrorum
3394 3233 3526 3274 vero

1901 3309 2108 3380 quique
2141 3307 2532 3381 regrediuntur
2574 3308 2641 3360 ad
2673 3324 2791 3365 sua.
2843 3309 3079 3377 Jejuniis
3111 3310 3294 3384 itaque
3331 3314 3528 3384 caaptis

1902 3401 2493 3475 quadragesimalibus.
2525 3400 3002 3470 Heribertus,cum
3034 3404 3342 3461 Gisleberto
3364 3406 3525 3462 inde-

1902 3512 2010 3567 que
2050 3511 2171 3548 cum
2231 3494 2458 3568 Hugone
2514 3492 2748 3559 locutus,
2807 3510 2993 3568 regem
3039 3499 3294 3554 accersiit
3331 3499 3400 3534 ’(³⁸
3455 3516 3522 3557 ex

1902 3585 2215 3659 Burgundia
2249 3603 2262 3650 ;
2309 3585 2403 3656 qui
2436 3583 2764 3656 festipanter
2802 3585 3125 3655 adveniens,
3171 3589 3523 3648 Camaracum

1903 3679 2351 3736 Lothariensibus
2405 3685 2570 3750 atque
2625 3677 2948 3734 Gislleberto
3002 3681 3370 3750 proﬁciscitur
3415 3683 3522 3740 ob-

1901 3772 2062 3827 viam.
2100 3771 2309 3842 Quique
2359 3771 2463 3825 hoc
2500 3769 2759 3841 placitum
2815 3769 3151 3839 omittentes,
3195 3789 3364 3845 super
3391 3774 3516 3833 Mo-

1900 3883 2016 3921 sam
2048 3866 2115 3920 ad
2146 3881 2271 3920 eum
2303 3865 2552 3933 veniunt,
2602 3864 2800 3936 suique
2831 3863 3169 3919 Gislebertus
3211 3872 3265 3922 et
3294 3866 3416 3922 Otto
3448 3868 3516 3905 ποθ

1901 3958 2233 4014 efficiuntur.

1973 4049 2294 4106 Nortmanui
2313 4050 2381 4104 de
2397 4049 2646 4105 Rodomo
2677 4047 2856 4103 fmdus
2877 4044 3025 4118 quod
3043 4045 3171 4102 olim
3191 4046 3520 4122 pepigerant

1897 4139 2289 4210 irrumpentes,
2322 4155 2520 4210 pagum
2563 4137 2949 4192 Belvacensem
2979 4141 3142 4208 atque
3172 4135 3514 4192 Ambianen~

1895 4244 2009 4283 sem
2059 4228 2484 4299 depOpulantur.
2537 4225 2819 4280 Ambianis
2867 4224 3056 4281 civitas
3097 4224 3239 4280 male
3287 4226 3510 4297 proviso

1895 4318 2333 4393 confugientium
2379 4317 2506 4393 igne
2545 4333 2809 4373 succensa
2839 4324 2960 4384 est;
3012 4317 3092 4372 sic
3124 4323 3179 4372 et
3233 4317 3508 4376 Atrabatis

1895 4410 2078 4465 subito
2098 4417 2287 4465 exorto
2314 4410 2667 4482 conﬂagravit
2688 4409 2968 4466 incendio.
2995 4409 3314 4465 Nortmanni
3333 4427 3510 4484 usque

174 4509 301 4562 dam
352 4506 446 4561 diu
478 4513 808 4571 contractus,
852 4505 1011 4574 cujus
1062 4520 1211 4558 coxa:
1253 4504 1506 4559 cruribus
1551 4501 1958 4569 inluese-Dad
2016 4504 2409 4576 Noviomagum
2457 4504 2755 4574 praedatum
2803 4504 3054 4570 veniunt,
3088 4511 3143 4560 et
3191 4505 3510 4563 suburbana

171 4606 298 4652 rant
329 4597 396 4630 ¹⁸θ
420 4596 624 4664 juncta:
656 4593 924 4665 peplitum
971 4593 1036 4626 ¹⁹⁰
1071 4593 1252 4647 nervis
1280 4592 1354 4648 ita
1385 4593 1653 4657 retractis,
1681 4593 1792 4648 vir-

172 4694 290 4742 tute
327 4685 512 4740 divina
542 4685 753 4739 solutus
800 4690 855 4737 et
892 4690 1106 4737 erectus
1157 4682 1220 4716 ¹⁹¹
1254 4689 1353 4738 est.
1408 4682 1648 4758 Hungari
1696 4683 1791 4754 qui

170 4781 426 4835 Gothiam
457 4779 766 4844 vastabant,
791 4784 998 4850 pestem
1021 4777 1310 4848 quamdam
1335 4778 1607 4849 perpessi,
1643 4777 1791 4849 capi-

167 4881 286 4926 tum
345 4868 631 4924 inﬂatione
690 4885 751 4924 ac
796 4867 1113 4922 dissinteria
1153 4884 1294 4939 pene
1344 4869 1548 4937 cuncti,
1601 4869 1791 4940 paucis

172 4957 562 5025 cvadcntibus,
597 4957 919 5012 nuntiantur
947 4973 1066 5012 esse
1098 4958 1427 5028 consumpti.
1468 4960 1645 5014 Anno.

1891 4597 2250 4652 succendunt.
2277 4596 2590 4651 Castelliani
2617 4597 2685 4630 ²¹⁰
2715 4613 2835 4652 cum
2859 4597 3194 4652 suburbanis
3222 4599 3512 4674 egredien-

1893 4695 2000 4754 tes,
2046 4687 2410 4743 Nortmannos
2442 4688 2735 4758 repellunt,
2774 4693 3029 4744 sternunt
3064 4703 3202 4761 quos
3233 4698 3506 4761 poterant,

1893 4788 2102 4852 partem
2137 4780 2388 4836 suburbii
2420 4781 2676 4837 liberant.
2703 4782 3030 4850 Bajocenses
3057 4781 3276 4838 interim
3308 4792 3506 4840 terram

1892 4867 2352 4924 Nortmannorum
2402 4868 2544 4924 ultra
2583 4869 2894 4941 Sequanam
2933 4869 3339 4941 deprtedantur.
3390 4873 3507 4938 Quo

1892 4967 2174 5031 comperto
2211 4959 2469 5016 Parisiaci
2507 4961 2596 5029 ²¹¹,
2639 4968 2692 5017 et
2731 4961 2835 5034 ipsi
2875 4977 3098 5034 quoque
3127 4963 3198 4997 ²¹²
3227 4980 3350 5019 cum
3383 4967 3507 5038 qui-

1529 5057 1748 5112 VARl/E
1777 5058 2152 5113 LECTIONES.
2457 5091 2460 5096 -

245 5127 309 5207 ¹ῖ¹
353 5125 554 5207 fecit
589 5126 700 5207 3.."
732 5127 799 5160 ¹⁷²
830 5141 939 5207 non
973 5127 1390 5207 m'ulta‘3a.___"3
1419 5127 1682 5207 quicquid
1710 5131 1842 5207 2:3.
1879 5202 1901 5207 ﬂ
1924 5131 1989 5164 ‘7‘
2021 5131 2290 5207 civitatem
2313 5131 2347 5184 2
2420 5132 2503 5207 P5
2533 5132 2689 5207 lineae
2707 5135 3137 5207 superscriptumr
3169 5134 3219 5207 1_.
3291 5134 3359 5170 ¹⁷⁶
3385 5153 3504 5207 par-

171 5205 444 5255 matarum
499 5197 552 5251 2.
634 5197 700 5231 "7
732 5199 1069 5267 contemptio
1124 5200 1177 5254 2.

171 5271 240 5345 ff
261 5267 547 5345 rainoldus
692 5269 1010 5345 raienoldus
1047 5271 1101 5324 2.
1142 5267 1474 5345 ragenoldus
1518 5271 1570 5323 3.

171 5341 236 5375 ³³⁷
265 5337 550 5394 conmanti
603 5339 658 5393 1.
744 5341 809 5373 ¹⁸⁸
841 5341 1116 5396 ιιοδιοιιδω
1141 5343 1195 5396 2.

1262 5200 1327 5234 ‘7‘
1352 5200 1703 5272 ragenarium
1753 5201 1818 5272 r2.
1875 5202 1928 5255 3.

1657 5272 1722 5304 “‘3
1752 5271 1920 5326 libras
1958 5272 2044 5326 33.
2116 5273 2182 5307 ¹⁸⁴
2205 5272 2425 5342 repetiit
2453 5272 2505 5328 3.

1287 5342 1752 5426 ‘89'illt'80£alll.‘mi.
1788 5343 2118 5426 inhaererant
2154 5343 2204 5397 3.
2279 5343 2614 5426 ‘9°_p0pliter
2668 5359 2806 5399 corr.
2827 5345 3196 5426 _p0plit‘umu1_.

3080 5205 3142 5238 ¹⁸¹
3169 5205 3399 5261 absente
3449 5209 3498 5262 1.

3093 5275 3160 5309 ¹⁸⁶
3187 5277 3332 5332 deest
3359 5277 3414 5332 2.
3444 5279 3497 5334 3.

3281 5349 3343 5382 161
3376 5365 3503 5404 επρ-

2021 5201 2086 5235 “9
2117 5202 2477 5274 ottouemh3.
2559 5203 2626 5274 ‘39
2657 5203 2891 5274 bugone,
2942 5201 2991 5274 1.

2591 5273 2656 5307 ¹⁸⁶
2688 5271 2839 5330 f._R.
2872 5273 2922 5329 2.
2959 5273 3011 5330 3.

168 5421 292 5516 ptus
314 5411 369 5466 3.
450 5409 870 5482 19"ragenoldus
899 5411 949 5464 3.
1027 5412 1093 5444 ¹¹⁹³
1122 5411 1488 5484 depopulatur
1515 5411 1568 5465 2.
1650 5413 2042 5485 “‘getsclinus
2100 5417 2148 5468 1.
2203 5409 2506 5488 gotsel'mus
2546 5416 2601 5469 2.
2652 5409 2971 5488 gozcelinus
2999 5417 3051 5471 3.
3121 5417 3187 5452 ¹⁰³
3209 5419 3406 5475 calaun
3445 5420 3498 5476 3.

190 5484 235 5516 96
267 5497 428 5516 mnnn
458 5480 493 5516 φ
596 5481 659 5514 197
687 5480 1005 5516 1ιιοροαοῖηα)
1037 5482 1068 5516 ἀὶ
1170 5485 1236 5516 19B
1263 5500 1292 5516 υ
1351 5494 1427 5516 om
1463 5483 1496 5516 0
1601 5484 1666 5516 199
1692 5484 1908 5516 ηῑιιιηηη
1942 5502 2064 5516 nam“
2117 5485 2334 5516 nhknnn
2363 5487 2385 5516 Δ
2511 5486 2580 5516 200
2612 5486 2678 5516 ἒέις
2715 5487 2750 5516 ο
2805 5488 2836 5516 9
2898 5487 3018 5516 ..κιο
3045 5486 3106 5516 οη
3198 5490 3261 5516 1m
3288 5507 3389 5516 ...ιη
3444 5493 3466 5516 ι

192 5484 235 5517 ⁹⁶
265 5497 428 5554 ωειυο
458 5480 513 5542 2,
576 5480 659 5554 ’πῖ
687 5480 1005 5554 trecassinae
1027 5482 1087 5554 A3.
1170 5480 1236 5518 “33
1263 5480 1314 5537 ἦ.
1351 5494 1432 5538 est
1463 5483 1518 5547 2,

166 5555 234 5587 ²⁰²
266 5550 622 5629 ῐιιέζςθηιηιβ.
662 5552 751 5629 33
778 5552 1138 5629 pugnandum
1180 5555 1236 5629 2,
1280 5554 1592 5629 3._“’°‘_qui
1642 5570 1854 5609 erasum
1889 5558 1936 5610 1.

167 5621 498 5696 ηιθηηὸισωη
535 5623 588 5678 1.
661 5621 730 5656 ²⁰⁸
757 5621 1047 5678 accersivit
1098 5623 1153 5691 2,
1194 5624 1244 5680 3.
1319 5623 1388 5658 ²⁰⁹
1419 5621 1570 5678 otho.
1627 5629 2004 5696 suprascripto
2047 5627 2095 5683 1.
2153 5621 2208 5682 Ξῖ

162 5699 226 5732 ²¹²
255 5698 406 5754 deest
444 5695 497 5749 1.

1601 5484 1666 5516 ¹⁰⁹
1692 5484 1910 5539 ebbone
1940 5502 2084 5550 corr,
2115 5484 2335 5542 abbone
2363 5487 2415 5542 1.

2511 5486 2580 5519 ²⁰⁰
2611 5486 2680 5540 iis
2715 5487 2770 5540 2.
2803 5488 2858 5554 3,
2897 5487 3020 5542 aliis
3044 5486 3131 5542 3a.
3197 5490 3263 5524 ²⁰¹
3287 5507 3412 5546 nec.
3443 5493 3495 5546 1.

2026 5556 2093 5639 ’ξε
2121 5558 2388 5639 super},
2429 5556 2494 5639 3._
2541 5558 2630 5639 ,ξοδ
2654 5557 3064 5639 ρτρῑθτςῃιψιιε
3085 5559 3170 5639 ,2.
3338 5570 3498 5639 nort-

2292 5629 2360 5664 ²¹⁰
2388 5625 2674 5686 castellani
2709 5625 2766 5686 Ξ.
2846 5629 2910 5665 ¹¹¹
2943 5629 3026 5685 ita
3075 5629 3132 5698 1,
3184 5630 3497 5704 ἀῖᾶιίίιωιέῑν
