3972 6206
400 202 503 258 435

399 336 629 395 busdam
672 331 925 387 ﬁdelibus
958 329 1200 403 llugonis
1230 326 1327 382 ﬁlii
1382 326 1649 392 Rotberti,
1685 336 1739 381 et
1764 339 2013 396 quorun-
2038 326 2093 395 Α

402 430 525 483 dam
548 423 893 480 castellorum
916 418 1230 490 oppidanis,
1254 425 1464 488 partem
1488 416 1764 487 quandam
1794 416 1862 448 ²¹³
1890 413 2015 487 pagi

404 514 821 590 Rotomagensis
853 513 941 578 m,
965 511 1058 583 qui
1087 510 1469 581 possidebatur
1498 526 1529 563 a
1562 508 1915 564 Nortmannis
1942 507 2021 561 cis

404 611 735 680 Sequanam,
764 601 1104 675 depopulatii
1132 608 1280 667 sunt,
1307 601 1450 655 villis
1476 601 1781 667 succensis,
1810 598 2023 671 pecori-

404 703 504 755 bus
533 697 807 762 abductis,
842 694 1123 749 nonnullis
1152 693 1317 748 etiam
1351 693 1817 747 Nortmannorum
1859 692 2023 746 inter-

405 792 581 847 fectis.
642 788 958 843 Heribertus
986 801 1172 841 comes
1205 784 1413 839 interea
1462 801 1585 839 cum
1620 783 1808 855 paucis
1856 784 2025 838 Fran-

405 896 618 945 corum,
674 878 802 950 quia
875 892 1064 947 parum
1134 874 1314 929 adhuc
1374 875 1559 929 herbae
1641 873 2026 929 inveniebatur

407 968 567 1041 equis
609 968 699 1032 "5,
733 965 1018 1020 transitum
1061 963 1411 1019 Nortmannis
1455 962 1787 1033 prohibendi
1828 961 2024 1036 gratia,

407 1074 573 1129 super
602 1059 803 1112 lsaram
858 1053 1156 1119 residebat,
1202 1052 1522 1107 Nortmanni
1564 1058 1724 1106 terrae
1776 1067 1888 1104 sure
1934 1065 2028 1103 co-

408 1149 559 1221 gnita
596 1144 917 1209 vastatione,
967 1143 1019 1197 in
1052 1158 1151 1197 sua
1183 1141 1444 1196 festinant
1472 1142 1541 1175 ²¹⁶
1572 1139 1773 1195 redire.
1812 1139 2028 1195 Heinri-

409 1257 507 1295 cus
546 1238 785 1308 denique
833 1236 1086 1291 Rhenum
1119 1234 1411 1297 transiens,
1445 1232 1710 1303 Oppidum
1751 1231 2030 1303 quoddam

411 1330 638 1386 nomine
658 1328 976 1399 Tulpiacum
1009 1326 1138 1397 (53),
1171 1325 1319 1397 quod
1352 1324 1643 1378 Gisleberti
1677 1322 1869 1377 ﬁdeles
1893 1328 2031 1377 tuta-

414 1423 637 1488 bantur,
668 1420 720 1475 vi
770 1420 959 1491 ccepit,
1006 1434 1107 1473 nec
1144 1418 1238 1472 diu
1286 1418 1605 1472 demoratus
1636 1415 1775 1469 infra
1803 1431 2032 1486 regnum

416 1516 680 1579 Lotharii,
727 1515 793 1570 ad
816 1530 927 1568 sua
979 1519 1129 1566 trans
1163 1512 1411 1566 Rhenum
1456 1509 1785 1583 regreditur,
1818 1509 2037 1563 obsidi-

414 1608 516 1661 bus
542 1622 573 1660 a
603 1603 914 1658 Gisleberto
945 1600 1204 1670 acceptis.
1242 1600 1538 1673 Hilgaudus
1570 1614 1757 1653 comes
1783 1606 1835 1652 et
1866 1599 2034 1651 ceteri

415 1696 673 1753 maritimi
705 1694 896 1750 Franci
944 1694 1062 1749 loca
1091 1692 1193 1746 sibi
1235 1692 1414 1747 vicina
1472 1707 1650 1761 nuper
1676 1706 1706 1743 a
1736 1690 2032 1745 Nortman-

417 1793 504 1847 nis
535 1808 788 1864 possessa
819 1789 1205 1861 pervadentes,
1237 1788 1541 1842 devastant.

492 1883 758 1940 Rodulfus
789 1883 1000 1937 interea
1031 1882 1099 1936 de
1132 1879 1450 1954 Burgundia
1480 1879 1773 1933 revertitur
1800 1878 1854 1933 in
1877 1878 2040 1932 Fran-

419 1977 583 2041 ciam,
612 1982 665 2029 et
694 1982 752 2030 ut
779 1990 838 2029 se
880 1973 947 2027 ad
980 1974 1183 2028 bellum
1212 1981 1404 2027 contra
1431 1970 1795 2025 Nortmannos
1828 1984 2037 2039 praepa-

422 2074 542 2124 rent
586 2067 651 2100 ²¹⁷
685 2064 908 2120 Francis
935 2064 1120 2117 banno
1162 2061 1473 2116 denuntiat.
1522 2058 1838 2115 Heribertus
1878 2058 2041 2130 igitur

422 2161 777 2235 expeditione
808 2168 987 2230 coepta
1017 2165 1206 2214 contra
1231 2157 1597 2212 Nortmannos
1624 2171 1748 2211 cum
1771 2154 2042 2209 militibus

423 2250 711 2307 Remensis
742 2248 1010 2307 ecclesiae.
1071 2244 1328 2300 Arnulfus
1378 2260 1600 2316 quoque
1640 2258 1827 2298 comes
1878 2244 1946 2276 ²¹⁸
1990 2251 2045 2298 et

425 2342 597 2399 ceteri
626 2339 887 2396 maritimi
908 2337 1096 2393 Franci
1122 2335 1438 2409 przesidium
1467 2335 1742 2407 quoddam
1763 2334 2045 2388 Nortman-

428 2451 619 2492 norum
638 2432 1055 2507 aggrediuntur,
1079 2445 1188 2501 quo
1216 2429 1381 2483 etiam
1405 2427 1560 2482 Rollo
1579 2426 1838 2498 princeps
1855 2441 2044 2480 eorum

427 2529 579 2585 mille
610 2529 974 2582 Nortmannos
996 2532 1195 2595 prmter
1225 2523 1396 2593 ipsius
1425 2521 1827 2576 inhabitatores
1854 2519 2046 2590 oppidi

430 2642 497 2678 ex
536 2622 782 2677 Rodomo
814 2619 1206 2674 transmiserat.
1250 2618 1401 2672 ldem
1455 2632 1586 2672 vero
1617 2623 1853 2671 castrum
1886 2631 2047 2669 secus

432 2730 581 2769 mare
603 2712 766 2767 situm
798 2710 1097 2766 vocabatur
1126 2710 1277 2784 Auga
1301 2709 1436 2777 (Ξῖ-ως
1469 2707 1616 2779 quod
1648 2706 2052 2761 circumdantes

428 2808 643 2873 Franci,
673 2806 896 2871 vallum,
928 2819 1039 2875 quo
1093 2819 1193 2874 pro
1223 2800 1548 2857 antemurali
1603 2800 1949 2875 cingebatur,
1982 2799 2054 2853 ir-

432 2905 715 2971 rumpunt,
749 2912 1080 2967 murumque
1115 2894 1484 2969 iufringentes
1523 2891 1903 2947 conscendunt
1932 2909 1947 2956 ;
1999 2897 2053 2946 et

433 2993 643 3067 oppido
676 2990 973 3066 pugnando
1006 2989 1182 3060 potiti,
1217 3003 1397 3043 mares
1436 2995 1664 3043 cunctos
1707 2986 2050 3051 interimunt,

433 3087 801 3145 munitionem
834 3084 1200 3140 succendunt.
1229 3081 1490 3139 Nonnulli
1520 3088 1702 3137 tamen
1725 3080 2044 3145 evadentes,
2078 3078 2129 3147 Ο

437 3179 725 3236 finitimam
757 3176 1033 3249 quandam
1062 3180 1333 3245 occupant
1368 3172 1629 3238 insulam,
1661 3187 1823 3243 quam
1865 3170 2058 3244 adgre-

437 3272 655 3327 dientes
683 3269 751 3303 ²¹⁹
781 3266 993 3332 Franci,
1024 3265 1234 3334 majore
1255 3264 1384 3319 licet
1414 3278 1567 3318 mora
1597 3278 1761 3334 quam
1791 3262 2055 3332 oppidum

438 3365 742 3431 C(Pperant,
801 3355 1048 3426 capiunt.
1088 3353 1242 3420 Quod
1285 3352 1537 3407 videntes
1568 3350 1910 3418 Nortmanni,
1964 3351 2058 3423 qui

440 3452 609 3509 armis
635 3452 802 3507 vitam
847 3465 945 3521 pro
995 3463 1158 3520 posse
1194 3445 1529 3510 tutabantur,
1585 3451 1872 3516 postquam
1902 3458 2057 3513 spem

442 3548 564 3603 vita:
595 3546 926 3612 amisissent,
957 3543 1203 3615 quidam,
1229 3549 1286 3596 ut
1305 3547 1617 3606 enatarunt,
1651 3538 1881 3613 jugulati
1911 3544 2056 3592 sunt.

441 3640 505 3694 Et
558 3636 648 3693 alii
681 3636 904 3709 quidem
940 3634 1269 3689 Francorum
1319 3630 1660 3686 necabantur
1713 3628 1935 3703 gladiis,
1967 3626 2059 3681 alii

443 3728 685 3803 propriis
699 3745 762 3784 se
789 3726 1131 3798 oppetebant
1158 3723 1227 3757 ²²⁰
1250 3722 1391 3778 telis.
1427 3722 1628 3793 Sicque
1645 3720 1902 3775 omnibus
1936 3733 2063 3790 pro-

442 3820 647 3886 stratis,
701 3829 756 3874 et
792 3818 978 3890 praeda
1031 3832 1140 3872 non
1183 3806 1399 3870 modica
1452 3813 1690 3883 direpta,
1724 3810 1913 3866 Franci
1970 3825 2062 3865 re-

442 3922 729 3973 vertuntur
759 3913 825 3968 ad
867 3928 987 3968 sua.
1026 3909 1297 3966 Rodulfus
1337 3916 1519 3963 autem
1551 3923 1643 3962 rex
1674 3923 1795 3961 cum
1829 3906 2057 3979 Hugone

446 4013 503 4063 et
530 4001 1019 4079 Burgundionibus
1048 4000 1102 4055 in
1144 4014 1285 4072 pago
1318 3995 1634 4052 Belvaccnsi
1663 3995 1911 4050 sedebat.

518 4096 622 4150 Per
664 4093 809 4148 idem
841 4098 1059 4162 tempus
1108 4086 1325 4144 Seulfus
1354 4086 1646 4141 Remorum
1688 4081 2065 4153 archiepisco-

449 4204 554 4260 pus
584 4189 614 4218 "
639 4185 799 4253 obiit,
830 4181 1063 4254 expletis
1089 4180 1146 4234 in
1179 4178 1500 4251 episcopatu
1529 4175 1690 4231 annis
1716 4175 1890 4229 tribus
1917 4180 1972 4229 et
1997 4174 2063 4208 ²²¹

524 4276 685 4347 [Ηίει.
718 4277 866 4347 Rem.
890 4271 1085 4347 iv,_19,
1238 4268 1430 4347 Fertur
1459 4274 1639 4347 autem
1662 4279 1883 4347 veneno
1912 4269 2064 4347 pota-

525 4333 611 4402 tus
641 4363 671 4401 a
700 4333 1020 4401 domesticis
1047 4333 1132 4398 vel
1158 4338 1520 4394 familiaribus
1552 4335 1819 4391 Heriberti
1853 4333 2068 4389 comitis

521 4419 688 4473 vitam
719 4416 925 4471 ﬁnisse.
959 4414 1067 4469 Nec
1097 4428 1270 4475 mora,
1304 4417 1429 4482 post
1456 4408 1662 4465 obitum
1686 4407 1869 4482 ipsius
1902 4404 2063 4482 Heri-

522 4492 712 4545 bertus
732 4503 918 4544 comes
939 4485 1124 4540 Remis
1146 4475 1320 4546 venit,
1346 4482 1622 4536 advocans
1642 4475 1927 4533 Abbonem
1949 4475 2067 4546 epi-

526 4577 754 4621 sconum
788 4557 1205 4621 Suessonicum,
1238 4562 1293 4609 et
1320 4554 1594 4608 Bovonem
1637 4549 2067 4605 Catalaunicum.

526 4579 619 4616 SCO
665 4579 754 4616 um
789 4579 1205 4621 Suessonicum,
1238 4579 1293 4609 ct
1320 4579 1594 4608 Duvuucm
1637 4579 2067 4605 uuuuauulbuul.

526 4579 732 4699 Quibus
758 4630 863 4685 sibi
880 4628 1115 4699 junctis,
1136 4632 1386 4699 tractans
1406 4639 1575 4695 super
1592 4622 1865 4699 electione
1896 4627 2075 4674 recto-

526 4692 603 4758 ris
650 4702 811 4771 hujus
864 4692 1152 4755 Remensis
1190 4692 1602 4771 ecclesise,_'tam
1632 4692 2073 4771 _clerieos_qu§m

528 4761 817 4830 laicos'ad
864 4772 1202 4827 voluntatem
1259 4782 1413 4821 suam
1460 4763 1745 4819 intendere
1794 4762 1940 4816 fecit.
1974 4761 2078 4814 Se-

527 4852 767 4919 quentes
806 4844 973 4919 igitur
998 4842 1120 4919 ejus
1149 4838 1567 4919 consilium-ne
1596 4834 1737 4890 forte
1776 4850 1876 4919 per
1902 4839 2080 4919 extra-

528 4903 662 4999 iieas
690 4903 960 4999 persanas
988 4903 1346 4999 episcopatus
1377 4908 1749 4999 divideretur,1
1767 4903 1980 4977 eligunt
2016 4903 2082 4956 ﬁ-

1527 190 1893 247 FLODOARDI
1936 188 2244 245 CANONlCl
2290 184 2617 241 REMENSIS

2063 1647 2111 1713 Β

3648 181 3763 238 436

2187 323 2326 388 lum,
2350 321 2443 391 qui
2471 334 2575 373 nec
2604 317 2785 391 adhuc
2803 314 3173 388 quinquennii
3198 320 3419 391 tempus
3439 311 3765 391 evplesset.

2194 384 2394 457 Quare
2428 395 2638 462 patrata
2662 388 2735 462 ad
2768 384 2975 462 regem
2985 384 3327 462 properant,
3350 385 3474 462 ejus
3508 384 3764 462 auctori-

2193 456 2319 519 tatis
2365 456 2725 533 impetrandae
2757 456 2955 533 gratia:
2985 456 3253 512 Rodulfus
3273 528 3284 533 _
3304 456 3473 530 igitur
3503 471 3621 518 rex,
3659 456 3768 511 hac

2193 528 2465 590 electione
2487 528 2794 602 comperta,
2818 529 3170 600 praefatorum
3197 528 3589 602 episcoporum
3620 542 3768 583 con-

2195 606 2320 660 silio
2354 596 2685 659 Remensem
2716 596 3101 672 episc0patum_
3140 596 3412 653 commitit
3441 596 3764 672 Heribe‘rto,

2195 676 2473 747 aequitatis
2514 668 2765 747 censura'
2792 668 3203 747 disponendum
3245 678 3408 747 atque
3442 668 3764 747 regendum

2192 740 2279 802 ab'
2308 748 2449 818 ipso.
2482 747 2580 811 Qui
2612 740 3020 818 etiamlegatos
3068 740 3472 818 ecclesire’cum
3500 740 3766 818 _’Abbon_e

2195 811 2426 890 praesule
2459 818 2684 872 Romam
2726 811 2946 890 mittere
2989 813 3205 887 satagit.
3262 812 3426 880 hujus
3462 811 3770 866 electionis

2196 885 2477 945 decretum
2500 904 2685 943 secum
2720 885 2983 950 ferentes,
3001 892 3056 940 et
3082 885 3370 939 aSsensum
3396 898 3556 954 papae
3585 898 3770 953 super

2198 978 2262 1016 ea
2296 967 2563 1031 petentes.
2591 957 3087 1031 Johannesitaque
3119 972 3263 1026 papa
3287 996 3300 1020 ,
3345 954 3769 1009 interveniente

2202 1027 2471 1087 Abbonne
2496 1029 2754 1101 prazsule,
2774 1027 3033 1101 petitioni
3058 1042 3248 1101 eorum
3271 1040 3607 1101 consensum
3628 1040 3772 1101 prie-

2202 1043 2471 1087 Abbonne
2496 1043 2754 1101 prazsute,
2819 1043 3033 1082 euuom
3058 1043 3248 1081 eorum
3271 1043 3607 1081 consensum
3671 1043 3772 1078 ne-

2202 1104 2362 1169 bens,
2391 1102 2736 1171 episcopium
2772 1047 3045 1153 Eemense
3074 1043 3777 1171 AbboniepiscOpodele-

2203 1184 2315 1248 gat,
2350 1167 2472 1248 qua).
2496 1167 2629 1248 sunt
2649 1170 2985 1248 episcopalis
3014 1168 3419 1248 ministerii‘ab‘
3439 1168 3563 1247 ipso
3588 1167 3647 1248 in
3671 1181 3777 1248 eo-

2204 1237 2329 1302 dem
2370 1237 2701 1314 'episcOpio'
2731 1237 3012 1314 tractanda
3047 1256 3111 1294 ac
3161 1242 3238 1307 (et
3285 1242 3329 1308 ο)
3389 1237 3642 1293 ﬁnienda
3668 1238 3775 1314 de-

2204 1309 2461 1378 cernens,
2495 1309 2808 1369 Heribertus
2847 1313 3258 1384 itaquecomes
3293 1316 3585 1384 potestate
3617 1309 3774 1380 poti-

2209 1398 2295 1445 tus
2326 1387 2615 1441 Remensis
2649 1381 2959 1455 episcopii,
2988 1382 3197 1455 injuste
3224 1381 3456 1455 privavit
3496 1389 3608 1435 tam
3651 1396 3773 1442 me,

2208 1461 2300 1532 qui
2332 1474 2443 1532 non
2467 1452 2821 1532 interfueram
2841 1452 3137 1532 praemissas
3151 1452 3411 1532 electioni
3430 1467 3573 1532 sua),
3602 1467 3774 1532 quam

2210 1522 2507 1587 nonnullos
2544 1529 2705 1594 alios,
2764 1534 2819 1580 et
2842 1522 3094 1581 clericos
3147 1531 3203 1578 et
3246 1522 3438 1589 laicos,
3471 1522 3773 1577 beneﬁciis

2210 1603 2623 1673 posscssionum
2655 1597 3182 1673 ecclesiasticarum,
3196 1665 3209 1673 _
3225 1595 3427 1673 quibus
3479 1610 3511 1649 a
3529 1666 3542 1673 _
3558 1608 3773 1665 praece-

2212 1665 2473 1728 dentibus
2500 1670 2776 1741 episcopis
2803 1665 3449 1741 munerati___v_idebamur
3490 1666 3781 1741 obsecun-

2210 1736 2708 1813 dationis‘gratiaf
2738 1740 2867 1813 Quae
2917 1754 3018 1813 pro
3068 1736 3225 1813 libitu
3260 1752 3419 1813 suae“
3439 1736 3778 1813 voluntatis,

2212 1816 2415 1888 quibus
2474 1806 2577 1869 sibi
2620 1811 2852 1938 placuit,
2892 1806 2947 1864 εἰ
3000 1806 3320 1879 impertivit.
3378 1807 3490 1862 Nec
3540 1808 3779 1881 longum

2213 1894 2424 1938 postea.
2461 1892 2611 1938 tumu
2642 1892 2696 1938 tu
2728 1881 2872 1937 infra
2900 1882 3201 1936 claustrum
3248 1878 3653 1933 canonicorum
3688 1878 3779 1931 in-

2213 1878 2424 1958 postea,
2461 1878 2696 1940 tumultu
2728 1881 2872 1937 infra
2900 1878 3201 1958 claustrum
3242 1878 3784 1958 canonicorum'_in-

2214 1948 2296 2013 ter
2343 1948 2573 2012 clericos
2607 1962 2817 2018 exorto,
2858 1948 3386 2023 supervenientibus
3435 1949 3784 2023 quibusdam

2212 2029 2478 2083 militibus
2510 2043 2630 2081 cum
2673 2024 2860 2089 armis,
2890 2019 2999 2077 duo
3040 2020 3364 2091 interempti
3405 2019 3538 2074 sunt
3568 2019 3784 2091 ibidem

2214 2100 2420 2163 clerici,
2476 2114 2710 2170 quorum
2749 2096 2889 2150 alter
2936 2094 3224 2160 diaconus,
3283 2090 3426 2146 alter
3463 2090 3786 2146 habebatur

2215 2169 2633 2239 subdiaconus]

2146 2301 2345 2357 diebus
2390 2300 2653 2372 quinque.
2698 2296 3018 2351 lleribertus
3050 2310 3239 2350 comes
3291 2293 3482 2348 Remis
3511 2290 3691 2356 venit,
3724 2298 3781 2346 et

2148 2398 2387 2452 vassalos
2416 2395 2589 2466 ipsius
2619 2392 2872 2448 ecclesiae
2900 2390 2999 2445 sed
3047 2398 3102 2444 et
3132 2388 3366 2444 clericos
3398 2388 3469 2442 de
3501 2387 3783 2442 electione

2148 2491 2376 2547 rectoris
2392 2491 2459 2544 ad
2482 2505 2638 2543 suum
2654 2486 2946 2543 consilium
2976 2484 3265 2538 intendere
3288 2480 3439 2537 fecit.
3458 2480 3619 2554 Hugo
3635 2478 3785 2533 ﬁlius

2148 2582 2393 2639 Rotberti
2425 2588 2640 2653 pactum
2671 2577 2984 2634 securitatis
3016 2574 3216 2646 accipit
3245 2574 3316 2607 ²²²
3348 2589 3378 2628 a
3400 2573 3784 2635 Nortmannis,

2152 2684 2296 2731 terra
2317 2672 2551 2728 ﬁliorum
2575 2669 2852 2735 Balduini,
2875 2665 3092 2722 Rodulﬁ
3112 2680 3336 2737 quoque
3350 2662 3420 2718 de
3446 2663 3790 2738 Gaugeioat—

2157 2786 2265 2843 que
2282 2769 2533 2843 llilgaudi
2553 2764 2621 2801 ²²³
2643 2772 2792 2821 extra
2811 2763 3162 2819 securitatem
3184 2760 3392 2815 relicta.
3421 2758 3793 2828 Episcopatus

2157 2857 2448 2913 Remensis
2482 2855 2768 2909 Heriberto
2799 2852 2868 2886 ’³⁵
2899 2849 3083 2906 comiti
3113 2849 3444 2905 commissus
3474 2854 3560 2901 est
3586 2846 3695 2901 sub
3725 2846 3794 2880 ³³³

2156 2951 2380 3008 obtentu
2410 2949 2505 3002 ﬁlii
2530 2947 2615 3002 sui
2642 2945 2905 3020 llugonis,
2937 2942 3233 2997 admodum
3259 2938 3493 3011 parvuli,
3522 2938 3786 3003 necdum,

2155 3056 2255 3096 ceu
2287 3037 2588 3103 ferebatur,
2620 3033 3016 3107 quinquennis.
3044 3030 3197 3086 Abbo
3226 3029 3528 3100 episcopus
3556 3027 3784 3082 Romam

2158 3132 2293 3204 petit
2322 3147 2444 3187 cum
2476 3127 2671 3203 legatis
2725 3124 2999 3181 Herihcrti
3033 3121 3271 3178 comitis.
3318 3119 3577 3176 Heinrico
3604 3117 3788 3174 cuncti

2156 3240 2217 3278 se
2248 3221 2637 3277 Lotharienses
2666 3216 3055 3279 committunt;
3088 3219 3144 3268 et
3189 3212 3311 3283 ipse
3345 3209 3650 3265 Bernuino.
3682 3208 3789 3262 Da-

2158 3311 2319 3367 donis
2371 3310 2440 3344 ²²⁶
2479 3306 2730 3380 episcOpi
2788 3304 2999 3376 nepoti,
3031 3300 3379 3373 episcOpium
3439 3298 3791 3352 Virdunense

2160 3402 2436 3467 concedit,
2491 3400 2584 3472 qui
2640 3406 2695 3453 et
2744 3396 2971 3467 expulso
3013 3395 3238 3467 Hugone
3295 3390 3646 3463 presbytero,
3702 3387 3787 3441 cui

2163 3490 2431 3548 Rodulfus
2482 3488 2618 3543 illud
2671 3485 2920 3552 dederat,
2979 3483 3188 3557 ibidem
3244 3479 3535 3537 ordinatur
3573 3476 3791 3549 episco-

2162 3601 2267 3656 pus
2298 3584 2436 3655 (55).
2470 3583 2657 3636 Annus

2773 3662 3162 3720 DCCCCXXVI.

2162 3785 2488 3857 incipiebat,
2516 3790 2571 3839 et
2602 3779 2871 3838 Rodulfus
2903 3796 3000 3834 rex
3037 3793 3163 3833 cum
3194 3774 3477 3829 Reriherlo
3508 3772 3712 3828 comite
3740 3777 3793 3826 et

2161 3878 2491 3953 quibusdam
2545 3873 2839 3930 maritimis
2869 3869 3092 3926 Francis
3144 3868 3513 3923 Nortmannos
3544 3864 3599 3918 in
3650 3878 3786 3937 pago

2161 3966 2503 4025 Atrabatensi
2548 3965 2789 4040 quodam
2820 3962 2962 4017 saltu
3013 3965 3287 4016 coartatas
3308 3956 3622 4022 obsidebat,
3667 3970 3785 4009 cum

2164 4070 2393 4136 repente
2426 4067 2549 4133 post
2587 4060 2798 4131 aliquot
2852 4057 2973 4112 dies
3014 4061 3181 4110 noctu
3239 4051 3531 4123 eruptione
3588 4056 3786 4119 coepta,

2168 4154 2488 4213 Nortmanni
2533 4158 2711 4207 castra
2751 4148 2897 4225 regis
2936 4146 3375 4221 aggrediuntur;
3430 4142 3622 4214 ibique
3654 4139 3785 4214 regi,

2168 4265 2237 4304 ne
2274 4264 2307 4302 a
2352 4244 2703 4301 Nortmannis
2742 4238 3327 4312 comprehenderetur,
3366 4249 3693 4289 succursum
3722 4230 3786 4286 ab

2169 4340 2475 4405 Heriberto,
2507 4334 2903 4404 succensisque
2924 4331 3066 4387 casis
3096 4329 3163 4364 ’³⁷
3187 4326 3543 4400 quibusdam,
3570 4340 3785 4399 pugna-

2088 4458 2145 4526 ι)
2170 4437 2285 4485 tum
2316 4428 2384 4482 ad
2414 4433 2591 4482 castra
2659 4420 2979 4478 Nortmanni
3010 4418 3230 4474 tandem
3271 4433 3302 4470 a
3332 4422 3641 4470 castrorum
3671 4428 3790 4484 per-

2272 4521 2282 4526 -
2567 4517 2577 4526 .
2619 4516 2630 4526 ο
2836 4513 2850 4526 ι
2940 4519 2949 4526 .
3145 4510 3176 4526 οι
3205 4509 3216 4519 ο
3290 4507 3569 4526 ηιμ-..Αι---
3605 4513 3651 4526 ,Α
3686 4503 3757 4526 "2|

2171 4521 2395 4578 vasione
2426 4516 2655 4590 repulsi,
2692 4513 2992 4577 recedunt;
3022 4527 3116 4565 rex
3144 4509 3221 4565 ibi
3252 4507 3575 4563 vulneratus
3600 4513 3657 4560 et
3684 4503 3790 4558 llil-

2173 4612 2386 4686 gaudus
2434 4624 2621 4665 comes
2649 4607 3015 4675 interemptus
3041 4607 3156 4665 est;
3206 4597 3533 4669 Nortmanni
3564 4596 3716 4652 mille
3742 4602 3791 4650 et

2176 4683 2395 4758 centum
2449 4699 2712 4755 dicuntur
2764 4694 2973 4750 ibidem
3026 4690 3219 4747 occisi.
3278 4688 3483 4759 Sicque
3532 4683 3791 4741 Rodulfus

2179 4790 2501 4846 Laudunum
2533 4785 2844 4850 revertitur,
2868 4788 2923 4837 et
2952 4776 3272 4836 Nortmanni
3302 4789 3482 4847 usque
3514 4774 3572 4828 in
3602 4788 3791 4846 pagum

2181 4880 2509 4935 Porcensem
2545 4875 2659 4946 (ὅθ)
2683 4869 2953 4928 silvestria
2974 4869 3042 4902 ²⁹⁸
3064 4868 3182 4923 loca
3207 4863 3624 4936 depraedantur.
3659 4862 3796 4916 [lun-

691 4954 897 5060 ipsius,
932 4954 1159 5041 nomine
1184 4954 1510 5057 IIllugonem,
1551 4954 2083 5047 admodnmnparvu-
2182 4971 2299 5047 gari
2330 4984 2551 5042 quoque
2583 4966 2775 5021 Rheno
2804 4964 2873 4997 ’πθ
2906 4964 3237 5015 transmeato
3268 4970 3447 5027 usque
3502 4954 3558 5008 in
3601 4968 3792 5029 pagum

1795 5104 2016 5160 VARIIE
2061 5099 2450 5159 LECTIONES.

530 5219 599 5253 ²¹³
630 5214 905 5290 quendam
958 5215 1013 5269 2.
1099 5210 1167 5245 ²¹⁴
1198 5209 1509 5280 rothomag.
1570 5206 1603 5261 3
1719 5203 1990 5290 sm‘aaquis
2047 5203 2100 5258 2.
2200 5201 2270 5236 ²¹⁶
2304 5198 2635 5290 festinanter
2678 5196 2775 5290 2.‘3
2794 5191 3143 5290 festli’rti'anterI
3178 5184 3397 5290 Lediege
3436 5183 3513 5288 13;!
3567 5182 3798 5290 1’”

1305 5281 1335 5290 -
1792 5288 1798 5290 _
1998 5274 2066 5290 ...ρ
2120 5275 2136 5290 .
2205 5277 2238 5290 ν.
2301 5271 2318 5290 .
2436 5271 2474 5290 ..
2533 5284 2664 5290 ,μη
2981 5275 3183 5290 ...ωηο
3231 5274 3255 5290 ..
3547 5269 3666 5290 ...οε

458 5254 905 5395 Ρειτεωῗυὶἓῖτῗίῃ
933 5254 2241 5365 ρῖξῐει)ρῐ’θιῖἶ.“ἷξωξ)”τξερξιγειτρι]ι“ΞῘ’”²¹ῖ’ἀερετ
2296 5271 2348 5326 1.
2402 5254 2503 5305 ν²¹⁹
2529 5284 2683 5342 aggr.
2741 5265 2797 5320 2.
2890 5262 2957 5297 ²²⁰
2979 5257 3283 5342 oppetebat
3324 5257 3376 5311 2.
3448 5254 3513 5288 ²²¹
3547 5254 3690 5308 deest
3736 5255 3792 5332 _t.

485 5364 529 5397 is
560 5360 775 5405 apponit
826 5360 880 5405 9-
948 5357 1018 5391 ’2³
1045 5354 1270 5405 hilgaldi
1320 5353 1376 5405 3.
1458 5352 1528 5385 ²²¹ο
1559 5350 1816 5405 herberto
1861 5348 1913 5404 1.
1978 5347 2048 5381 ²²⁵
2078 5345 2179 5401 sed
2235 5359 2374 5400 corr.
2420 5340 2523 5396 sub
2576 5342 2629 5394 1.
2716 5337 2785 5372 ³³⁵
2811 5334 3044 5390 dadanis
3075 5330 3127 5386 2.
3188 5328 3256 5363 ²³⁷
3284 5328 3429 5383 deest
3478 5325 3536 5383 2.
3626 5322 3794 5378 ³³⁸8ιί-

1598 5325 1816 5405 Eriiér'ib
1861 5325 1914 5404 1
1978 5347 2048 5381 ²²⁵
2078 5325 2374 5401 sed—"corr.
2420 5340 2523 5396 sub
2563 5325 2634 5394 '1':
2716 5337 2785 5372 ³³⁵
2811 5325 3127 5390 dadanis'2.
3188 5328 3256 5363 ²³⁷
3284 5328 3429 5383 deest
3478 5325 3536 5383 2.
3626 5325 3732 5378 ms

508 5364 529 5397 ³
559 5360 881 5434 accepitu2.
934 5352 1270 5434 "’{hilgaldi
1320 5353 1376 5412 3.

458 5442 644 5490 vestra
671 5428 727 5490 Ξ.
758 5431 828 5466 ²²⁹
848 5433 992 5485 deest
1014 5428 1069 5483 2.

2012 5485 2225 5546 ΝΟΤίἘ.

533 5576 641 5644 (ἒς3)
681 5571 924 5644 Zulpich.
1048 5588 1077 5644 _‘

533 5576 618 5641 (53
681 5576 924 5644 Zulpich.
1072 5588 1077 5592 '

531 5576 641 5715 (51g
680 5648 782 5706 Eu,
817 5644 963 5715 inter
982 5641 1274 5715 pieppeet
1325 5634 1626 5715 Appenino.

531 5703 644 5783 (55)
686 5703 839 5785 nugo
890 5703 1324 5766 additfﬁbbt’nc
1373 5706 1679 5764 Virdunum
1717 5709 1766 5759 ct
1803 5704 1922 5759 alia:
1952 5703 2084 5756 civi-

2120 5560 2125 5565 ”
2179 5562 2315 5613 tates
2346 5573 2382 5611 a
2410 5569 2574 5624 regno
2599 5554 2933 5624 Francorum
2961 5546 3290 5624 defecerunt.

2255 5610 2373 5698 (—56)’
2406 5610 2805 5698 lnvCampania,
2829 5610 3036 5698 inquo,
3063 5613 3303 5697 exempli
3325 5610 3521 5688 gratia,
3548 5610 3793 5668 Chateau-

2179 5687 2402 5757 Poi'cien
2432 5699 2489 5752 in
2517 5687 2842 5769 praefectura
2870 5687 3238 5746 Ardennensi.
