3972 6206
203 289 309 345 437

1717 281 2011 336 ANNALES

3440 291 3550 348 138

202 417 533 473 Vonzinsem
563 415 631 450 ²³ο
661 411 866 486 praedis
908 411 1292 484 incendiisque
1323 412 1644 468 desaeviunt.
1676 413 1827 468 Luna
1851 421 1902 486 Α
1928 427 2038 482 qne
2070 419 2270 486 gentes
2301 413 2542 485 irrepsit.
2576 413 2852 470 Widricus
2908 414 3193 471 Mettensis
3223 417 3286 452 ²δ¹
3321 419 3553 477 antistes

203 509 620 582 quartadecima
659 506 890 561 sabbato
925 514 1114 560 sancto
1149 505 1365 576 paschae
1405 507 1493 568 ’3‘,
1517 506 1605 560 die
1631 506 1824 560 Kalen-

201 604 399 658 darum
430 600 717 673 Aprilium,
751 613 911 668 passa
949 597 1017 630 ²³²
1048 596 1324 652 defectum
1385 607 1440 652 et
1471 598 1524 652 in
1559 598 1822 668 pallorem

203 710 469 752 conversa
527 700 612 748 est
645 733 659 759 ,
705 691 943 763 quadam
1000 688 1228 743 luminis
1286 689 1473 744 relicta
1533 689 1821 760 particula,

201 788 354 842 velut
375 786 443 820 ’33
466 794 611 840 esset
649 782 893 839 secunda
936 781 1164 852 ;sicque
1193 781 1514 848 aurorajam
1545 781 1824 853 incipien-

201 887 277 944 te,
347 879 402 932 in
463 876 792 948 sanguinem
845 881 956 929 tota
993 872 1300 926 mutatam
1358 880 1443 926 est
1468 871 1707 927 colorem
1732 873 1822 929 ’35.

200 965 414 1036 Corpus
441 964 616 1020 sancti
663 963 897 1038 Remigii
931 968 984 1017 et
1047 962 1280 1016 aliorum
1306 961 1652 1033 quorundam
1695 978 1827 1016 san-

201 1065 417 1110 ctorum
447 1054 678 1127 pignora
699 1053 1082 1126 Hungarorum
1136 1056 1284 1104 metu
1317 1050 1502 1104 Remis
1523 1066 1553 1104 a
1583 1051 1696 1104 suis
1711 1065 1830 1103 mo-

196 1146 458 1202 nasteriis
495 1151 622 1200 sunt
680 1144 898 1207 delata;
958 1144 1110 1197 inter
1165 1159 1288 1213 qua:
1342 1148 1544 1196 sancta:
1602 1157 1827 1212 quoque

198 1237 518 1309 Walburgis
539 1236 606 1271 ²³⁶
629 1235 897 1306 reliquiae,
931 1234 999 1288 ad
1030 1249 1167 1304 quas
1195 1232 1463 1309 nonnulla
1487 1232 1826 1287 exerceban-

198 1344 292 1391 tur
312 1335 378 1369 ³³⁷
407 1333 686 1389 miracula.
730 1331 950 1387 Exactio
989 1330 1239 1402 pecuniae
1288 1330 1607 1394 collaticia),
1668 1331 1825 1385 Nort-

198 1423 424 1478 mannis
451 1431 609 1493 pacto
643 1421 794 1492 pacis
824 1420 1043 1485 dandae,
1077 1419 1302 1490 publice
1333 1419 1392 1472 ﬁt
1423 1435 1520 1490 per
1545 1419 1826 1473 Franciam

198 1520 370 1585 atque
403 1511 795 1585 Burgundiam.
824 1511 956 1564 Data
1014 1509 1177 1581 igitur
1204 1508 1463 1579 pecunia,
1497 1525 1598 1578 pax
1630 1509 1828 1563 utrim-

199 1623 316 1679 que
341 1607 507 1662 est238
561 1621 684 1660 cum
731 1604 1046 1672 juramento
1087 1603 1152 1635 ‘33"
1177 1600 1407 1656 ﬁrmata.
1451 1601 1589 1656 llinc
1619 1601 1829 1656 exerci-

198 1706 378 1754 tusex
409 1696 637 1752 Francia
686 1694 1113 1771 Bnrgundiaque
1162 1709 1290 1747 eum
1334 1692 1571 1748 Rodulfo
1616 1709 1743 1764 rege
1773 1701 1828 1748 et

206 1792 499 1846 lleriberto
531 1789 730 1844 comite
763 1787 1134 1860 proﬁciscitur
1172 1802 1338 1856 super
1371 1786 1626 1859 Ligerim,
1661 1795 1715 1841 et
1743 1803 1829 1842 ac-

199 1882 383 1953 ceptis
423 1880 712 1936 obsidibus
771 1879 839 1934 ab
888 1880 1024 1933 urbe
1070 1878 1418 1944 Nivernensi,
1471 1895 1632 1949 quam
1664 1878 1830 1932 frater

201 1973 468 2028 Willelmi
501 1980 694 2026 contra
728 1987 911 2043 regem
938 1969 1242 2035 tutabatur,
1273 1969 1326 2022 in
1365 1969 1712 2040 Aquitaniam
1759 1969 1825 2023 ad

202 2061 660 2135 persequendum
703 2060 1061 2124 Willelmum,
1117 2059 1210 2130 qui
1243 2075 1272 2112 a
1303 2073 1431 2130 rege
1477 2056 1614 2112 forte
1645 2057 1825 2112 desci-

193 2165 372 2220 verat,
399 2159 680 2207 transeunt
714 2151 1144 2222 insecunturquc
1179 2149 1499 2222 fugitantem
1529 2149 1621 2216 "‘0,
1645 2149 1824 2204 donec

195 2265 388 2304 rumor
419 2247 790 2303 infestationis
837 2247 1242 2318 Hungarorum,
1294 2246 1443 2317 quod
1487 2245 1681 2299 iterum
1709 2245 1822 2313 jam

196 2340 453 2394 Rhenum
489 2337 834 2402 transissent,
893 2334 1196 2389 exercitum
1254 2334 1307 2388 in
1347 2334 1629 2388 Franciam
1663 2348 1824 2403 repe-

200 2435 338 2488 dare
353 2432 553 2505 coegit.

267 2528 422 2600 Hugo
449 2525 596 2580 ﬁlius
628 2527 822 2592 Bertze,
883 2542 974 2578 rex
1035 2525 1219 2579 Romze
1249 2539 1417 2594 super
1446 2523 1650 2578 ltaliam
1684 2537 1820 2578 con-

188 2618 458 2682 stituitur,
492 2617 721 2688 expulso
754 2615 990 2671 Rodulfo
1019 2614 1305 2685 Cisalpinae
1335 2614 1520 2669 Gallia:
1544 2629 1691 2686 rege,
1727 2611 1819 2684 qui

196 2725 432 2782 regnum
485 2708 619 2762 illud
651 2716 983 2779 pervaserat,
1043 2716 1097 2761 et
1148 2705 1304 2760 alteri
1359 2705 1576 2760 feminze
1602 2705 1820 2758 vivente

196 2816 370 2855 uxore
402 2815 500 2853 sua
546 2815 606 2853 se
669 2799 1055 2869 copulaverat;
1113 2797 1296 2851 occiso
1349 2812 1573 2867 quoque
1617 2812 1647 2849 a
1690 2794 1820 2848 ﬁliis

191 2896 371 2948 Bertze
406 2891 679 2947 Burcardo
731 2893 796 2926 ω
858 2892 1282 2944 Alamannorum
1340 2889 1821 2960 principe,ipsms

192 2985 416 3041 Rodulﬁ
448 3001 660 3048 socero,
692 2985 786 3056 qui
815 2985 978 3055 Alpes
1004 3000 1125 3037 cum
1154 2983 1274 3053 ipso
1309 2989 1686 3047 transmearat,
1718 2982 1820 3036 lla-

193 3083 284 3136 lize
315 3082 384 3114 9”
413 3081 756 3155 regnigratia
785 3078 1391 3151 recuperandigencro.
1419 3077 1572 3150 liugo
1607 3077 1821 3148 presbi-

195 3181 280 3226 ter
330 3171 592 3241 expulsus
639 3169 900 3235 Virduno,
961 3168 1302 3240 defungitur.
1359 3168 1632 3222 Ebrardus
1691 3167 1818 3238 qui-

193 3264 326 3316 dam
359 3263 428 3294 "3
447 3260 916 3315 Transrhenensis
948 3259 1003 3312 in
1039 3275 1270 3333 regnum
1322 3257 1563 3313 Lotliarii
1586 3257 1820 3311 mittitur

197 3357 274 3410 ab
309 3354 584 3420 Heinrico,
614 3353 881 3422 justitiam
927 3353 1163 3408 faciendi
1195 3369 1378 3414 causa,
1412 3359 1466 3405 et
1494 3350 1821 3406 Lotharien-

190 3464 290 3502 ses
322 3446 463 3500 inter
501 3461 558 3500 se
602 3461 734 3516 pace
789 3445 1088 3500 consociat.
1151 3444 1419 3498 Rodulfus
1444 3459 1652 3508 comes,
1679 3442 1825 3495 ﬁlius

195 3539 472 3594 Heiluidis
517 3539 605 3602 ω,
661 3537 822 3592 obiit.
892 3538 1006 3592 Non
1070 3537 1242 3591 multo
1287 3535 1594 3606 postetiam
1620 3535 1826 3609 Rotga-

189 3632 313 3687 rius
344 3631 412 3664 “5
439 3629 663 3684 vitricus
692 3630 762 3664 ²⁵⁶
792 3629 934 3698 ejus,
994 3645 1183 3683 comes
1242 3627 1625 3682 Lauduncnsis
1676 3626 1824 3701 pagi,

189 3723 456 3780 decessit.
489 3722 642 3795 Hugo
675 3721 821 3777 ﬁlius
853 3721 1098 3776 Rotberti
1130 3719 1296 3774 ﬁliam
1322 3719 1606 3774 Eadwardi
1640 3719 1705 3753 ’57
1738 3735 1826 3773 re-

187 3812 281 3887 gis
313 3810 609 3883 Anglorum
657 3825 902 3865 sororem
937 3808 1188 3883 conjugis
1234 3806 1434 3873 Karoli,
1477 3806 1632 3862 duxit
1685 3822 1819 3862 uxo-

191 3923 335 3962 rem.
369 3906 524 3961 Anno

806 3995 1210 4051 DCCCCXXVII.

199 4089 354 4142 inter
381 4085 676 4141 Rodulfum
709 4099 894 4158 regem
953 4092 1012 4140 et
1038 4085 1382 4140 Heribertum
1425 4083 1679 4138 comitem
1722 4097 1820 4152 pro

200 4174 559 4230 Laudunensi
587 4176 869 4242 comitatu,
911 4181 1075 4246 quem
1126 4175 1446 4230 lleribertus
1493 4174 1665 4229 Odoni
1709 4173 1821 4228 ﬁlio

202 4281 311 4321 suo
340 4265 455 4319 dari
486 4266 726 4336 petebat,
753 4267 1094 4322 concedente
1113 4266 1262 4320 illum
1295 4282 1423 4338 rege
1450 4264 1825 4320 cuidamﬁlio-

199 4375 328 4414 rum
360 4358 604 4431 Rotgarii
665 4360 886 4414 nomine
928 4359 1186 4434 Rotgario
1219 4359 1307 4426 ³⁵⁸,
1354 4359 1604 4413 simultas
1634 4364 1822 4413 exorta

199 4454 400 4509 est”.
433 4454 590 4508 Acies
649 4454 825 4524 igneae
858 4455 1040 4509 Remis
1095 4454 1149 4508 in
1200 4455 1339 4510 coelo
1391 4470 1576 4508 mense
1632 4453 1821 4508 Martio

201 4560 369 4597 mane
387 4544 622 4614 quadam
679 4544 768 4597 die
813 4543 1090 4598 dominica
1143 4543 1275 4598 visre
1308 4543 1435 4609 ;eui
1463 4544 1620 4616 signo
1652 4542 1823 4615 pestis

201 4653 232 4689 e
257 4635 493 4710 vestigio
515 4635 805 4702 successit,
837 4635 990 4706 quasi
1040 4635 1206 4690 febris
1226 4644 1280 4690 et
1304 4636 1487 4701 tussis,
1510 4653 1634 4706 quae
1656 4635 1822 4690 mixta

197 4740 429 4795 quoque
455 4724 524 4758 35°
552 4724 884 4780 mortalitate
917 4723 970 4777 in
1022 4731 1248 4779 cunctas
1273 4724 1578 4779 Germaniae
1611 4723 1823 4777 Gallire-

1853 1749 1906 1816 B

1851 4504 1904 4572 D

1927 505 2267 580 defungitur.
2322 509 2642 564 lleribertus
2693 526 2880 565 eomes
2937 510 3147 584 legatos
3203 529 3334 568 suos
3400 522 3551 571 trans

1927 598 2180 653 Rhenum
2210 600 2395 672 dirigit
2446 602 2515 655 ad
2545 602 2880 667 lleinricum,
2905 603 3108 674 quibus
3125 606 3382 672 reversis,
3416 623 3550 664 evo-

1925 696 2081 744 catur
2129 691 2196 746 ad
2250 692 2586 764 colloquium
2645 694 2884 750 lleinrici
2935 711 3035 766 per
3085 697 3312 752 eosdem
3359 700 3447 764 ’5’,
3477 700 3546 754 ad

1926 787 2072 856 quod
2103 788 2171 822 ’53
2202 803 2526 859 properans,
2574 805 2697 843 cum
2731 790 2958 862 llugone
2987 790 3233 848 Rotberti
3266 791 3377 847 ﬁlio
3410 809 3546 864 pace

1929 876 2160 944 ﬁrmata,
2194 880 2519 935 muneribus
2553 881 2864 936 Heinrieum
2895 882 3128 938 honorat
3148 891 3203 938 et
3245 884 3548 940 honoratur

1929 969 1997 1023 ab
2023 969 2136 1024 illo.
2170 970 2248 1024 lbi
2281 971 2446 1026 etiam
2499 971 2786 1026 lleinricus
2827 973 3171 1045 episcopium
3221 975 3288 1008 ’5‘
3319 976 3549 1030 Metten-

1931 1061 2098 1126 sium,
2122 1069 2438 1133 contempta
2454 1064 2729 1118 electione
2759 1065 3029 1135 ipsorum,
3053 1066 3293 1131 cuidam,
3325 1076 3382 1122 ut
3410 1068 3549 1123 fere-

1929 1155 2109 1221 batur,
2144 1157 2238 1210 Dei
2269 1172 2426 1211 servo
2459 1157 2634 1222 dedit,
2675 1167 3044 1233 cegnomento
3067 1161 3339 1216 Bennoni.

2002 1249 2156 1323 Hugo
2188 1249 2333 1304 ﬁlius
2365 1249 2611 1305 Rotberti
2656 1258 2711 1305 et
2769 1252 3088 1307 lleribertus
3135 1269 3321 1308 comes
3356 1264 3546 1312 contra

1926 1338 2292 1392 Nortmannos
2317 1346 2575 1413 pergunt,
2611 1340 2890 1411 quisuper
2912 1341 3138 1395 ﬂuvium
3169 1341 3402 1416 Ligerim
3433 1361 3548 1400 mo-

1929 1428 2208 1483 rabantur.
2239 1429 2559 1499 Tempestas
2603 1430 2838 1485 maxima
2884 1447 3084 1506 pagum
3120 1433 3544 1490 Laudunensem

1928 1522 2206 1575 concussit
2235 1527 2290 1575 et
2321 1522 2731 1585 Suessonicum,
2791 1540 2898 1594 qua
2925 1525 3122 1580 domus
3151 1542 3353 1581 eversae
3383 1528 3546 1584 arbo-

1931 1624 2127 1679 resque
2169 1609 2350 1664 multze
2407 1610 2630 1666 fuerunt
2669 1612 2898 1677 evulsaa,
2947 1615 3198 1668 homines
3251 1617 3546 1672 exanimati

1929 1713 2030 1768 per
2059 1697 2179 1752 loca
2210 1699 2427 1752 diversa
2459 1700 2818 1770 quamplures
2849 1702 2935 1755 ³⁵⁵.
2999 1702 3304 1758 Willelmus
3321 1704 3550 1776 Aquita-

1932 1805 2124 1844 norum
2159 1791 2421 1861 princeps
2439 1790 2597 1846 obiit.
2621 1793 2942 1848 Nortmanni
2965 1794 3034 1849 de
3057 1795 3234 1866 Ligeri
3257 1804 3542 1868 postquam

1929 1879 2140 1934 obsessi
2172 1887 2301 1934 sunt
2327 1879 2978 1954 ebdomatibusquinque
2995 1883 3062 1937 ab
3093 1885 3376 1940 Heriberto
3407 1887 3546 1940 et‘"56

1932 1974 2185 2048 Hugone,
2245 1975 2390 2029 datis
2439 1977 2790 2048 receptisque
2848 1977 3142 2033 obsidibus
3181 1986 3234 2033 et
3279 1996 3544 2037 concesso

1927 2063 2032 2116 sibi
2057 2079 2198 2136 pago
2227 2063 2568 2131 Namnetico,
2590 2082 2779 2136 pacem
2813 2068 3076 2139 pepigere
3096 2069 3337 2124 Francis.
3373 2070 3545 2140 Syno-

1927 2153 2031 2207 dus
2054 2169 2150 2208 sex
2180 2154 2567 2225 episcoporum
2623 2157 2766 2226 apud
2825 2158 3128 2213 Trosleium
3182 2160 3387 2228 habita,
3419 2179 3547 2217 con-

1928 2241 2233 2296 tradicente
2258 2259 2386 2316 rege
2422 2243 2679 2310 Rodulfo,
2731 2262 2829 2316 per
2859 2246 3054 2301 missos
3088 2248 3542 2305 Heriberticomi-

1924 2335 2016 2402 tis,
2045 2341 2098 2389 et
2119 2336 2417 2390 mandante
2476 2337 2551 2390 illi
2606 2346 2666 2393 ut
2717 2339 2986 2409 synodum
3023 2339 3286 2407 differret,
3319 2342 3540 2414 sibique

1924 2428 2150 2482 obvium
2192 2428 2260 2482 ad
2282 2428 2681 2498 Compendium
2712 2430 2777 2464 ³⁵⁷
2808 2431 3040 2489 veniret.
3077 2432 3228 2496 Quod
3262 2434 3353 2487 ille
3376 2452 3541 2508 agere

1924 2521 2104 2575 renuit
2146 2522 2213 2555 ²⁵⁸
2244 2521 2494 2592 ;synodo
2527 2537 2658 2576 vero
2708 2522 2972 2577 interfuit.
3003 2524 3101 2578 Ubi
3131 2525 3426 2580 llerluinus
3447 2543 3540 2582 eo-

1924 2630 2041 2667 mes
2067 2617 2133 2667 ad
2169 2613 2551 2685 paenitentiam
2582 2614 2733 2669 venit
2764 2631 2864 2685 pro
2890 2631 3080 2681 uxore,
3115 2633 3279 2686 quam
3309 2619 3539 2673 duxerat

1921 2707 2028 2761 alia
2080 2705 2322 2761 vivente.
2371 2707 2504 2762 Post
2546 2707 2954 2763 absolutionem
2995 2709 3191 2780 synodi
3224 2709 3540 2764 lleribertus

1923 2814 2110 2854 comes
2141 2799 2462 2854 Laudunum
2497 2799 2715 2873 ingredi
2765 2801 2980 2865 voluit;
3036 2801 3302 2872 praevenit
3357 2810 3542 2856 autem

1920 2904 2043 2944 eum
2075 2889 2342 2944 Rodulfus
2373 2905 2486 2954 rex,
2519 2891 2810 2946 missisillo
2839 2891 3106 2945 militibus
3135 2891 3203 2944 ad
3235 2891 3538 2945 custodiam

1922 2978 2027 3034 loci
2064 2997 2078 3044 ;
2113 2979 2230 3049 ipse
2288 2980 2472 3037 denuo
2524 2983 2592 3016 ’59
2645 2981 2996 3049 subsecutus,
3056 2983 3202 3037 idem
3257 2982 3541 3036 castellum

1923 3070 2208 3144 ingressus
2237 3077 2340 3124 est.
2373 3072 2438 3126 At
2497 3072 2816 3127 lleribertus
2859 3072 3109 3127 Karolum
3179 3073 3246 3126 de
3294 3072 3544 3127 custodia

1923 3159 2112 3229 ejecit,
2155 3177 2458 3230 secumque
2484 3161 2537 3214 in
2568 3178 2768 3235 pagum
2799 3161 3288 3216 Veromandinsem
3317 3162 3404 3228 36°,
3427 3161 3541 3215 sci-

1924 3251 2051 3305 licet
2084 3252 2150 3305 ad
2202 3249 2460 3305 Sanctum
2507 3252 2829 3315 Quintinum
2879 3251 3108 3306 deduxit
3155 3252 3245 3318 ’5‘,
3274 3251 3543 3306 Rodulfus

1926 3356 2056 3395 vero
2090 3341 2141 3393 in
2164 3339 2535 3411 Burgundiam
2566 3341 2876 3408 revertitur,
2902 3340 3144 3415 Rotgarii
3164 3341 3230 3374 ²⁶²
3253 3340 3385 3395 ﬁliis
3415 3357 3541 3396 cum

1925 3451 2092 3489 uxore
2121 3452 2217 3490 sua
2244 3436 2309 3488 ad
2343 3435 2648 3489 custodiam
2704 3435 2950 3490 Lauduni
2996 3437 3201 3492 relictis
3235 3436 3362 3508 ;qui
3387 3453 3544 3509 egre-

1927 3525 2164 3590 dientes,
2201 3524 2317 3579 loca
2361 3539 2596 3594 queeque
2651 3523 2937 3580 devastant
3001 3528 3069 3560 ²⁶³
3113 3527 3259 3582 circa
3290 3525 3543 3581 Codicia-

1927 3633 2050 3673 cum
2080 3616 2212 3687 (57),
2247 3615 2514 3687 episc0pii
2547 3615 2836 3669 Remensis
2874 3623 3133 3671 castrum.
3167 3618 3395 3673 Karolus
3440 3618 3545 3688 igi-

1929 3719 2016 3766 tur
2036 3726 2158 3765 cum
2184 3708 2466 3762 lleribcrlo
2517 3707 2852 3780 colloquium
2897 3709 3033 3779 petit
3079 3709 3541 3766 Nortmannorum

1921 3807 1988 3862 ad
2014 3804 2383 3860 ’“castellum
2439 3803 2588 3876 quod
2640 3803 2791 3878 Auga
2850 3804 2918 3836 ²⁶⁵
2974 3813 3220 3871 vocatur,
3262 3805 3449 3877 ibique
3479 3822 3540 3862 se

1923 3894 2072 3949 ﬁlius
2102 3893 2348 3950 Rollonis
2405 3894 2599 3949 Karolo
2654 3893 2947 3949 committit
3009 3894 3098 3961 ³⁵6,
3143 3902 3196 3948 et
3239 3895 3539 3950 amicitiam

1925 3992 2101 4047 ﬁrmat
2129 4009 2252 4046 cum
2301 3991 2613 4045 lleriberto.
2675 3991 2848 4046 Metus
2902 3989 3114 4043 interea
3157 3988 3276 4043 falsi
3307 3990 3544 4045 rumoris

1925 4089 2302 4162 Hungarorum
2336 4097 2390 4142 et
2422 4086 2562 4159 fugae
2615 4103 2714 4158 per
2772 4101 2998 4158 regnum
3047 4083 3403 4139 Lotharicnse
3424 4084 3545 4159 agi-

1924 4187 2108 4236 tantur
2133 4187 2187 4234 et
2213 4179 2518 4234 Franciam.
2551 4181 2705 4235 Anno

2530 4268 2940 4323 DCCCCXXVIII

1927 4361 2241 4425 inchoante,
2293 4361 2346 4414 in
2403 4359 2536 4432 ipsis
2579 4361 2864 4416 solemniis
2917 4361 2984 4394 ²⁶⁷
3024 4366 3176 4415 ortus
3228 4357 3534 4424 mCliristi,

1929 4451 2196 4508 Rodulfus
2219 4453 2283 4507 dc
2316 4453 2632 4527 Burgundia
2682 4469 2805 4508 cum
2849 4453 3035 4508 hostili
3085 4450 3536 4523 Burgundionum

1930 4561 2092 4598 manu
2127 4544 2361 4600 venitin
2411 4545 2690 4600 Franciam
2751 4545 3070 4615 praedando,
3127 4554 3180 4599 et
3236 4543 3398 4597 etiam
3425 4541 3541 4597 loca

1924 4634 2171 4704 quiedam
2224 4634 2592 4690 incendendo.
2641 4634 2735 4688 Cui
2777 4635 2928 4708 Hugo
2979 4633 3125 4688 ﬁlius
3167 4631 3408 4687 Rotberti
3441 4633 3542 4687 ob-

1924 4723 2066 4777 viam
2125 4732 2383 4795 properat
2449 4723 2845 4794 venientesque
2892 4740 3060 4794 super
3119 4723 3341 4791 lsaram,
3401 4720 3544 4776 inter

1560 4881 1780 4938 VARI/‘8
1808 4882 2190 4937 LECTIONES.

280 5012 352 5046 ’30
428 5012 702 5067 uotinscm
762 5013 817 5079 2,
880 5013 1162 5068 vozinsem
1226 5015 1278 5068 3.

209 5085 281 5118 33‘
314 5083 600 5138 immutata
640 5085 695 5150 2,
726 5085 794 5119 εδδ
826 5085 969 5139 deest
1025 5086 1078 5138 2.
1138 5085 1206 5119 ²³⁶
1261 5083 1617 5150 \valleburgis

211 5102 281 5118 ""
314 5102 600 5138 immutata
640 5102 695 5150 2,
728 5102 794 5119 “"’
826 5102 969 5139 αρρδῑ
1025 5102 1078 5138 Ζ.
1139 5102 1206 5119 ⁴⁰⁰
1261 5102 1530 5138 \ValleDUl‘

209 5157 357 5208 deest
400 5155 452 5206 1.
499 5155 565 5188 ’39
597 5157 711 5224 c.j.
747 5158 937 5210 desunt
977 5157 999 5209 1
1042 5156 1110 5189 ²⁴⁰
1172 5155 1472 5261 fugientem
1527 5102 1567 5211 ξ

209 5227 278 5259 255
311 5225 570 5261 ιιοίιηῖδῖα
600 5228 633 5261 θ)
692 5227 926 5261 ιιοιηῖιιῖρ
986 5228 1017 5261 στὶ
1069 5227 1098 5261 Q
1127 5228 1162 5261 1's
1205 5230 1225 5261 2
1253 5229 1273 5261 5
1326 5228 1567 5261 rnlnnrrlr

208 5227 278 5259 ³⁵⁵
311 5225 572 5280 heiloidis
600 5228 654 5280 2.
692 5227 929 5281 hcloidis
986 5228 1037 5281 3.
1069 5227 1098 5281 3
1127 5228 1180 5281 b.
1205 5225 1273 5262 κδ

1361 5013 1423 5046 ²³¹
1486 5014 1631 5068 deest
1687 5014 1740 5080 1,
1799 5013 1852 5078 3,
1907 5013 1973 5046 ²³²
2029 5015 2088 5065 in
2140 5013 2253 5066 cod.
2330 5014 2351 5067 1
2439 5020 2524 5066 est
2604 5015 3057 5083 superscriptum.
3124 5009 3192 5042 ³³³
3257 5006 3426 5061 veluti
3487 5007 3520 5060 3

1361 5083 1617 5146 .leburgis
1674 5085 1726 5145 ‘3,
1783 5086 1836 5146 3,
1893 5083 2195 5146 galbusgis.
2250 5087 2404 5146 Hugo
2468 5085 2546 5137 F1.
2597 5085 2661 5118 ³³⁷
2727 5099 2876 5146 sche
2929 5082 3085 5135 ﬁunt.
3145 5082 3300 5146 Hugo
3356 5079 3432 5132 F1.
3477 5077 3543 5110 ⁵⁵³³

1573 5101 1617 5138 IS
1674 5097 1726 5145 1',
1783 5097 1836 5149 δ,
1893 5097 2195 5158 gamusgis.
2250 5097 2404 5151 uago
2468 5097 2546 5137 Fl.
2597 5097 2658 5118 τοι
2727 5099 2876 5154 εερρθ
2929 5097 3085 5135 num.
3145 5097 3300 5146 nugo
3356 5097 3432 5132 rt.
3477 5097 3506 5110 ··

1566 5198 1580 5218 ,
1619 5157 1671 5212 3.
1705 5157 1768 5188 3“
1839 5154 2117 5208 buehardo
2151 5154 2205 5212 3.
2273 5156 2339 5188 θη
2391 5154 2538 5207 italia
2574 5157 2626 5208 2.
2691 5155 2892 5208 italiam
2957 5155 3008 5206 3.
3058 5153 3124 5184 “3
3153 5165 3374 5218 quoque
3400 5148 3506 5202 2.2

2273 5148 2359 5188 ω’
2391 5154 2538 5207 italia
2574 5157 2626 5208 2.
2691 5148 2892 5208 italiam
2957 5155 3008 5206 3.
3058 5153 3124 5184 “3
3153 5148 3455 5222 quoque

1326 5228 1612 5299 rotgardus
1651 5227 1790 5280 1.2“
1846 5226 2106 5299 victricus
2147 5227 2200 5279 2.
2237 5226 2302 5299 ’ξτ
2351 5225 2615 5299 eaduardi
2664 5226 2717 5278 2.
2755 5219 3185 5299 2M3_rotg_c_:rio1_,'
3231 5219 3456 5294 ro’tgarii

207 5297 280 5330 "9
298 5296 554 5351 exoritur
583 5297 636 5350 2.
668 5299 720 5353 3.
754 5298 824 5331 ²⁵⁰
850 5299 994 5351 deest
1020 5299 1069 5351 1.
1133 5299 1196 5332 ’5'
1234 5296 1496 5352 metenEsis
1524 5299 1573 5351 3.
1633 5302 1681 5351 et
1711 5301 1882 5364 infra.
1918 5297 1985 5330 ²δ²
2019 5311 2114 5366 pro
2175 5297 2368 5351 eodem
2429 5296 2480 5349 3.
2517 5297 2586 5329 ⁵⁵³
2640 5313 2778 5366 quos
2829 5297 2878 5349 1.
2932 5296 2992 5328 ’5‘

208 5368 280 5401 ²⁵⁵
315 5368 508 5438 plures
550 5367 604 5420 1.
663 5370 733 5403 ²⁵⁶
791 5369 931 5422 deest
957 5369 1010 5420 2.
1057 5369 1123 5402 ’57
1175 5368 1567 5438 compendium
1625 5369 1680 5422 2.
1734 5369 1800 5402 ²⁵³
1835 5367 2053 5422 rennuit
2102 5368 2155 5421 2.
2208 5370 2275 5401 959
2324 5366 2563 5437 denique
2615 5366 2672 5420 2.
2744 5368 2794 5421 3.

2640 5313 2778 5367 quos
2829 5297 2878 5349 1.
2932 5291 3000 5328 ξείί
3058 5291 3540 5367 episcopium

2857 5368 2924 5401 εδο
2981 5360 3456 5419 ueromandissem
3486 5360 3540 5414 2.

207 5439 274 5510 Ψ
315 5433 551 5510 deducit
579 5439 634 5491 2.
669 5439 822 5510 3.3?!
880 5439 1105 5510 rotgerii
1154 5440 1206 5493 1.
1241 5433 1319 5510 ²ῗ³³ί
1359 5439 1644 5493 devastent
1699 5439 1754 5502 2,
1788 5439 1856 5472 ³⁵⁵
1913 5441 1979 5492 ad
2039 5455 2088 5492 c.
2146 5457 2200 5510 q.
2252 5439 2311 5494 A.
2354 5455 2407 5493 v.
2475 5433 2531 5492 in
2594 5441 2843 5507 margine
2894 5438 2946 5492 ‘2.
2983 5436 3048 5470 εδδ
3106 5435 3237 5510 Alga
3267 5437 3421 5502 Ilugo
3459 5433 3541 5487 Ft.

205 5508 280 5542 ³⁸⁸
309 5509 610 5565 committit
638 5509 694 5576 2,
728 5509 794 5543 ’67
834 5508 1101 5563 solenniis
1131 5510 1182 5563 1.
1217 5509 1284 5543 ’⁸⁸
1315 5515 1495 5563 ortum
1529 5511 1576 5564 1.

1781 5606 1990 5661 ΝΟΤᾹΞ.

283 5708 399 5779 (57)
431 5708 628 5774 Coucy.
