3972 6206
430 287 536 344 439

436 421 728 482 Rodulfum
762 426 817 473 et
856 413 1200 470 Heribcrtum
1221 407 1476 463 comitem
1508 407 1798 474 sequester
1836 407 1889 453 et
1921 412 2044 451 me-
2069 397 2120 465 (ζ
2147 391 2349 455 reddit,
2382 389 2507 443 data
2536 383 2645 438 sibi
2668 471 2679 482 .
2699 380 2807 435 alia
2859 392 2949 433 rec

2153 488 2488 553 pacaturque
2518 482 2625 528 tam
2668 471 2783 541 ipse
2809 483 2974 540 quam
3030 461 3380 539 Ragenarius
3436 475 3571 515 cum
3610 457 3786 512 Gisle-

2153 550 2310 628 berto
2340 580 2396 625 et
2423 565 2620 623 ceteris
2649 557 3120 618 Lothariensibus.
3178 555 3333 629 Hugo
3365 560 3423 607 et
3456 550 3787 605 Heribertus

2154 665 2220 718 ad
2248 660 2560 716 Heinricum
2593 655 2661 689 ²⁸δ
2693 649 2955 722 colloquii
3012 662 3177 703 causa
3207 644 3671 715 proficiscuntur,
3708 641 3789 693 in-

435 522 560 576 dius
598 516 720 579 fuit,
762 517 815 566 et
872 508 939 563 ab
988 504 1273 561 Heriberto
1313 498 1541 554 obsides
1587 494 1823 564 accepit,
1873 491 2051 544 donec

436 613 633 666 iterum
665 605 731 661 ad
773 597 1190 658 denominatum
1224 590 1485 662 placitum
1519 584 1898 641 convenirent.
1935 580 2051 642 Quo

436 698 605 759 facto,
632 688 964 750 Rodulfusin
990 680 1356 754 Burgundiam
1382 675 1698 737 revertitur,
1733 684 1842 724 non
1865 667 2054 720 valens

436 753 669 843 suadere
691 776 1051 852 conjugisuas
1098 753 1366 825 Lauduno
1420 762 1729 817 discedere.
1792 758 1856 810 At
1888 753 2049 808 lleri-

441 880 630 934 bertus
654 845 843 929 comes
864 845 1057 922 Remis
1079 878 1201 918 cum
1229 857 1422 913 Karolo
1444 854 1613 917 venit,
1648 850 1890 920 indeque
1918 845 2060 899 litte-

442 986 529 1033 ras
556 965 723 1022 mittit
768 964 995 1017 Romam
1054 954 1293 1012 Johanni
1346 966 1523 1023 papze,
1555 944 1877 1021 significans
1910 938 1960 992 ei
1992 937 2060 971 ²⁶⁰

441 1027 511 1115 de
542 1052 890 1112 restitutione
921 1055 977 1103 et
1007 1047 1218 1100 honore
1277 1039 1475 1100 Karoli,
1510 1045 1570 1091 ut
1626 1034 1717 1088 ille
1749 1030 1855 1085 sibi
1887 1027 2052 1082 etiam

442 1149 547 1206 sub
573 1136 1159 1202 excommunicationis
1190 1128 1638 1188 interminatione
1700 1121 2057 1177 mandaverat

443 1260 503 1300 se
536 1256 635 1314 pro
664 1237 873 1294 viribus
897 1232 1200 1287 decertare.
1234 1223 1503 1282 Rodulfus
1529 1237 1620 1276 rex
1644 1227 1697 1273 et
1736 1214 2060 1271 Heribertus

445 1350 634 1394 comes
659 1334 857 1388 iterum
888 1327 955 1382 ad
989 1323 1247 1396 placitum
1270 1321 1382 1389 jam
1411 1318 1551 1372 infra
1582 1308 2058 1386 quadragesimum

445 1426 680 1483 veniunt
715 1465 728 1478 .
768 1420 977 1492 Regina
1032 1431 1168 1470 uxor
1216 1408 1431 1466 Rodulfi

449 1519 567 1592 quit
592 1516 681 1581 ’7“,
712 1520 769 1569 et
797 1514 852 1567 in
895 1506 1265 1582 Burgundiam
1317 1502 1479 1558 redit.
1534 1495 1849 1552 Heribertus
1877 1504 2063 1547 comes

450 1581 714 1663 [laudum
745 1600 974 1672 potitur,
1007 1581 1280 1650 etexinde
1314 1590 1573 1663 placitum
1606 1600 1731 1640 cum
1776 1581 2066 1636 Nortman—

454 1701 540 1757 nis
569 1696 781 1761 habuit,
841 1694 1070 1763 ipseque
1116 1688 1182 1724 ⁸η
1231 1694 1285 1741 et
1318 1686 1469 1758 ilugo
1527 1681 1595 1715 ³⁷³
1649 1675 1953 1732 amiciciam
1996 1672 2065 1706 ³⁷³

452 1805 577 1847 cum
608 1788 689 1842 eis
733 1782 1083 1857 pepigerunt.
1134 1777 1303 1832 Filius
1369 1782 1552 1828 tamen
1617 1767 1882 1824 lleribcrti
1932 1765 2046 1819 Odo

455 1896 620 1954 quem
668 1876 824 1932 Rollo
883 1871 1121 1927 habebat
1170 1867 1442 1929 obsidem,
1502 1878 1611 1917 non
1682 1859 1929 1914 redditur
1959 1857 2065 1922 illi,

456 1948 635 2028 donec
663 1984 721 2023 se
751 1963 1041 2022 committit
1068 1959 1264 2015 Karolo
1297 1964 1453 2029 pater
1480 1970 1603 2010 cum
1657 1951 1780 2007 aliis
1827 1948 2062 2021 quibus~

456 2064 581 2120 dam
622 2059 863 2117 Francia:
919 2054 1213 2111 comitibus
1266 2057 1322 2104 et
1376 2043 2073 2118 episc0pis.'l‘empestates

457 2155 620 2211 variae
649 2150 883 2207 diversis
925 2146 1063 2202 locis
1099 2142 1285 2199 effusae
1338 2141 1426 2193 '7‘.
1449 2138 1706 2213 Olgorius
1736 2133 2072 2189 .tmbianen-

457 2249 598 2303 sium
627 2242 848 2317 priesul,
881 2241 962 2296 vir
1016 2244 1241 2293 sanctus
1266 2241 1322 2289 et
1375 2232 1572 2303 plenus
1608 2230 1848 2291 dierum,
1878 2226 2020 2281 obiit
2056 2241 2071 2290 ;

459 2339 619 2407 cujus
646 2336 758 2393 vita
784 2348 960 2405 usque
992 2330 1060 2385 ad
1117 2342 1294 2383 annos
1324 2330 1544 2379 centum
1594 2328 1649 2375 et
1680 2318 1915 2389 amplius
1947 2332 2074 2387 pro-

461 2431 629 2486 telata
656 2428 726 2463 ³³⁸
756 2426 1010 2482 refertur.
1074 2420 1391 2475 Heribertus
1435 2429 1625 2469 comes
1658 2410 1933 2483 quandam
1961 2423 2076 2461 mu-

466 2518 732 2573 nitionem
758 2514 995 2569 ﬁliorum
1051 2506 1291 2579 Rotgarii
1324 2506 1414 2570 ³⁷⁸,
1438 2519 1603 2575 quam
1635 2501 1823 2555 dicunt
1852 2497 2075 2552 Morita-

466 2613 611 2667 niam
634 2611 698 2645 ’π
721 2609 853 2679 (581,
884 2622 1052 2677 super
1107 2601 1362 2658 Scaldum
1416 2597 1643 2652 fluvium
1672 2594 1740 2628 ³⁷⁸
1766 2593 1823 2648 vi
1846 2590 1993 2662 cepit
2024 2597 2080 2646 et

466 2699 653 2755 diruit.
689 2698 904 2752 interea
926 2694 1129 2749 missus
1159 2687 1428 2745 Heriberti
1459 2684 1675 2743 comitis
1699 2682 1867 2736 Roma
1899 2695 2078 2733 rever-

465 2789 619 2854 titur,
652 2783 1242 2841 nuntiansJohannem
1275 2791 1470 2849 papam
1522 2790 1553 2827 a
1614 2770 1871 2831 Widone,
1912 2766 2078 2821 fratre

467 2874 711 2950 llugonis
745 2873 815 2908 ’79
854 2870 1019 2944 regis,
1050 2873 1277 2940 prepter
1302 2861 1632 2918 simultatem
1649 2856 2081 2930 quandaminter

469 2966 592 3021 illos
619 2971 860 3021 exortam
889 2970 1163 3017 retrusum
1194 2959 1263 2993 ²⁸⁰
1302 2957 1357 3011 in
1389 2969 1688 3011 carcerem.

539 3058 823 3115 Odalricus
880 3057 945 3092 ²⁸¹
999 3052 1272 3126 Aqucnsis
1333 3049 1419 3121 (59
1468 3046 1691 3119 quidam
1715 3044 2013 3116 episcopus
2049 3042 2081 3075 *

1560 259 1929 319 FLODOARDI
1971 254 2276 311 CANONICI
2318 246 2643 306 REMENSIS

3683 230 3781 284 uo

2951 371 3394 447 ompensationis
3439 369 3519 405 ’³⁸
3567 368 3782 442 gratia;

2158 757 2339 827 deque
2391 752 2747 806 revertentes.
2795 742 3015 798 obviam
3072 743 3310 811 pergunt
3367 734 3489 807 regi
3526 730 3788 787 Rodulfo.

2160 825 2818 913 Rursusquelleribertus
2874 848 2932 887 se
2974 831 3052 885 illi
3085 826 3417 892 committit,
3453 825 3669 878 iterum
3699 836 3789 875 re-

2163 937 2322 991 dacto
2362 912 2466 987 sub
2525 927 2776 984 custodia
2833 922 3032 978 Karolo
3066 938 3080 986 ;
3114 919 3319 974 deinde
3387 932 3523 971 cum
3552 912 3792 968 Rodulfo

2165 1023 2530 1100 proficiscitur
2583 1020 2638 1075 in
2699 1015 3071 1089 Burgundiam
3112 1009 3331 1067 obviam
3365 1006 3595 1081 Hugoni
3632 1004 3793 1060 Italia

2158 1096 2294 1187 regi,
2325 1109 2626 1167 Vindemiae
2654 1121 2798 1179 pene
2830 1108 3172 1177 peraguntur
3193 1099 3337 1153 intra
3375 1110 3644 1152 mensem
3692 1096 3799 1148 Au-

2158 1184 2398 1281 gustum.
2435 1201 2589 1272 Hugo
2614 1213 2705 1252 rex
2756 1196 2967 1250 habens
2995 1191 3334 1263 colloquium
3365 1204 3497 1244 cum
3530 1184 3795 1248 Rodulfo,

2160 1275 2313 1348 dedit
2341 1289 2630 1345 Heriberto
2687 1284 2875 1341 comiti
2933 1281 3269 1354 provinciam
3302 1279 3692 1333 Viennensem
3731 1275 3800 1310 ³⁸⁸

1498 1365 1825 1462 ﬁgam“?
1878 1397 2053 1452 τοιίη-
2155 1384 2275 1439 vice
2307 1380 2401 1434 filii
2431 1378 2514 1433 sui
2543 1376 2770 1432 Odonis.
2806 1375 2994 1428 Benno
3042 1368 3325 1425 Mettensis
3360 1368 3432 1403 3”
3466 1365 3798 1437 episcopus,

2164 1470 2385 1527 insidiis
2414 1467 2718 1538 appetitus,
2776 1463 3022 1518 eviratus
3075 1458 3492 1526 luminibusque
3548 1453 3804 1525 privatus

2165 1569 2268 1616 est.
2315 1556 2534 1613 Rodulﬁ
2628 1570 2722 1609 rex
2776 1551 2960 1607 Remis
2997 1548 3248 1613 veniens,
3281 1560 3476 1618 pacem
3514 1543 3797 1598 fecitcum

2165 1645 2416 1711 Karolo',
2446 1643 2536 1698 red
2585 1644 2702 1696 lens
2736 1640 2814 1694 illi
2865 1639 2933 1673 ²⁹⁰
2982 1636 3314 1702 Atiniacum,
3345 1630 3803 1701 muneribusque

2054 1806 2067 1830 ’
2086 1763 2141 1834 D
2167 1735 2448 1790 honorans
2470 1731 2530 1786 ill
2574 1748 2650 1784 m.
2682 1730 2839 1784 Anno

2242 1829 2291 1900 [‘
2320 1828 2461 1884 Ibid.
2494 1825 2710 1900 Karolo,
2745 1822 3041 1900 humilians
3068 1835 3127 1876 se
3158 1825 3300 1889 .ante
3331 1817 3507 1889 ipsius
3540 1829 3797 1888 presen-

2240 1894 2373 1955 iiam
2400 1906 2455 1954 et
2477 1898 2739 1963 reddens,
2777 1894 2906 1965 etc.)

2803 1986 3168 2044 DCCCCXXIX

2175 2084 2496 2140 Hcribcrtus
2538 2087 2595 2136 et
2651 2079 2804 2153 Ηυςο
2861 2076 3094 2134 comites
3121 2080 3311 2129 contra
3352 2071 3661 2137 Bosonem,
3690 2068 3804 2124 Ro-

2175 2175 2308 2231 dulfi
2343 2174 2490 2247 regis
2527 2172 2772 2237 fratrem,
2797 2167 3241 2242 proficiscuntur,
3266 2172 3498 2236 propter
3525 2160 3802 2234 quosdam

2177 2268 2451 2326 Rothildis
2478 2265 2670 2321 alodes
2695 2280 2872 2334 nuper
2899 2261 3353 2330 defunctae,quos
3385 2272 3416 2310 a
3450 2256 3670 2311 Bosone
3685 2271 3803 2326 per-

2175 2380 2333 2419 vasos
2372 2361 2661 2434 repetebat
2718 2359 2894 2432 Hugo,
2951 2372 3125 2431 gener
3177 2353 3354 2425 ipsius
3407 2350 3710 2407 Rotbildis.
3742 2351 3809 2405 Αι

2179 2450 2490 2505 Heribertus
2532 2464 2718 2504 comes
2768 2445 3134 2500 Victoriacum
3180 2442 3313 2513 (61),
3344 2440 3575 2496 Bosonis
3609 2440 3807 2493 castel-

2176 2538 2288 2595 lum
2319 2538 2483 2609 cepit,
2509 2544 2562 2593 et
2591 2537 2817 2610 posthac
2867 2536 2931 2569 ²⁰¹
3000 2531 3253 2588 inducias
3292 2531 3425 2585 dant
3478 2529 3682 2584 Bosoni
3708 2544 3801 2581 us-

2179 2651 2285 2707 que
2304 2635 2373 2690 ad
2403 2632 2569 2688 finem
2618 2632 2739 2687 Maii
2769 2630 2996 2686 mensis.
3030 2629 3170 2684 Boso
3223 2626 3292 2681 ad
3323 2624 3642 2679 lleinricum
3661 2638 3798 2693 pro-

2180 2729 2375 2795 tectus,
2415 2740 2606 2797 pacem
2636 2723 2855 2795 publice
2887 2723 2955 2755 ³³³
2974 2720 3165 2790 jurare
3195 2715 3568 2787 compellitur.
3604 2712 3798 2768 Derol-

2181 2824 2285 2877 dus
2317 2819 2566 2876 medicus
2597 2819 2974 2890 episcopatum
3001 2814 3429 2869 Ambianensem
3452 2810 3523 2844 ³⁵³³
3541 2807 3810 2880 adipisci-

2182 2920 2287 2975 tur,
2314 2908 2514 2963 Albero
2573 2907 2893 2962 Mettensem
2938 2922 2951 2971 ;
3004 2902 3257 2959 Bennoni
3320 2899 3557 2972 quadam
3585 2895 3811 2952 abbatis

2181 3012 2443 3054 concessa
2505 2993 2925 3050 sustentatienis
2979 3000 3170 3047 tenore
3224 2990 3312 3043 ’9‘.
3384 2987 3709 3041 Heribertus
3756 2993 3814 3039 et

2182 3090 2334 3163 [iugo
2365 3085 2810 3144 Monasteriolum
2845 3085 2974 3163 (62),
3029 3080 3316 3139 castellum
3347 3078 3561 3134 Erluini
3583 3078 3675 3144 ³⁵⁵,
3707 3075 3809 3131 filii

552 3173 603 3245 [*
631 3177 770 3255 Hist.
792 3175 933 3229 Rem.
965 3187 1039 3235 ιν,
1071 3167 1157 3226 ‘22.
1178 3162 1612 3255 EpiscOpus,qni
1640 3161 1711 3215 ob
1739 3157 2071 3255 persecutio-

2180 3157 2430 3255 liiléandi
2466 3177 2710 3244 comitis,
2743 3160 3375 3244 obsident,tandemque
3394 3169 3642 3240 acceptis
3658 3168 3809 3223 obsi-

539 3232 665 3309 nem
697 3232 1120 3301 Sarracenorum
1150 3257 1180 3295 a
1208 3232 1343 3295 sede
1374 3232 1473 3291 sua
1494 3232 1793 3289 recesserat
1820 3232 1834 3302 ]

469 3383 525 3439 in
554 3377 800 3437 :ecclesia
832 3372 1088 3430 Remensi
1151 3371 1221 3405 ²⁸²
1276 3366 1537 3438 recipitur
1564 3363 1632 3419 ab
1666 3362 1952 3417 Hcriberto
1982 3376 2080 3415 co-

468 3473 598 3529 mite
636 3470 705 3525 ad
752 3463 1146 3523 celebrandum
1187 3459 1503 3532 episcopale
1540 3457 1803 3512 duntaxat
1832 3453 2081 3509 ministe-

470 3566 610 3621 rium
637 3561 755 3617 vice
777 3553 1231 3631 Hugonis,ipsius
1250 3551 1467 3607 comitis
1499 3548 1595 3603 filii
1628 3547 1809 3602 adhuc
1839 3543 2076 3617 parvuli,

469 3650 902 3719 concediturque
932 3644 1038 3716 ipsi
1075 3642 1327 3697 Odalrieo
1375 3639 1596 3693 abhatia
1650 3644 1859 3691 tantum
1902 3632 2075 3689 sancti

465 3737 738 3796 Timothei
775 3751 898 3791 cum
929 3731 1226 3805 praebenda
1275 3726 1559 3784 canonica.
1615 3722 1916 3788 Heinricus,
1948 3721 2077 3773 Ger-

468 3833 666 3890 mania:
695 3831 765 3865 ’⁸³
790 3828 1068 3900 princeps,
1097 3840 1221 3881 cum
1280 3820 1629 3876 multitudine
1687 3818 2077 3871 Germanorum

471 3930 724 3985 Rhenum
764 3923 995 3985 transiit,
1020 3928 1075 3976 et
1106 3934 1273 3989 supra
1338 3914 1541 3970 Mosam
1584 3912 1837 3975 veniens,
1865 3909 2083 3965 obsidet

468 4016 747 4089 quoddam
785 4019 1021 4068 castrum
1063 4006 1294 4062 Bosonis
1333 4003 1549 4059 comitis
1587 4003 1809 4058 nomine
1851 3997 2085 4054 Durofo-

467 4118 609 4165 stum
643 4108 773 4176 (60),
805 4120 903 4175 pro
926 4117 992 4158 eo
1022 4101 1171 4173 quod
1224 4099 1362 4154 Boso
1394 4097 1461 4152 ad
1512 4097 1689 4167 legem
1717 4094 1905 4149 venire
1929 4093 2086 4148 nole-

470 4202 561 4255 bat
598 4199 668 4253 de
695 4194 1026 4268 quibusdam
1068 4190 1304 4245 abbatiis
1362 4195 1418 4244 et
1472 4194 1615 4242 terra
1676 4186 1744 4219 ’⁸⁵
1792 4187 2081 4259 ορίεεορτι-

471 4299 622 4343 tuum
681 4287 770 4351 ηδ,
829 4299 990 4356 quam
1050 4279 1336 4353 potestatis
1389 4276 1714 4332 auctoritate
1753 4282 1993 4346 ceperat,
2027 4285 2084 4330 et

471 4376 821 4448 pertinaciter
852 4371 1088 4427 Heinrici
1138 4375 1410 4441 praecepta
1441 4380 1711 4436 spernens
1743 4364 2027 4419 detinebat
2065 4385 2089 4431 ο,

470 4467 802 4537 mittensque
833 4463 900 4518 ad
944 4464 1233 4520 Dosonem.
1281 4473 1473 4530 pacem
1508 4456 1761 4528 Spondet,
1806 4454 1852 4508 si
1892 4455 1960 4509 ad
2013 4469 2075 4508 se

469 4556 673 4611 veniat.
703 4555 801 4620 Qui
845 4552 1084 4624 acceptis
1136 4549 1425 4606 obsidibus
1478 4554 1636 4618 pacto
1674 4545 1986 4600 securitatis
2016 4544 2084 4598 ab

472 4646 745 4714 Hcinrico,
775 4645 929 4701 venit
957 4643 1024 4698 ad
1055 4657 1204 4707 eum,
1235 4641 1397 4712 eique
1456 4637 1776 4692 ﬁdelitatem
1808 4643 1864 4691 et
1892 4651 2080 4707 pacem

471 4752 642 4813 regno
661 4737 977 4807 juramento
1008 4732 1296 4807 promittit,
1355 4738 1553 4786 terram
1586 4743 1750 4800 quam
1783 4727 1835 4782 vi
1863 4735 2085 4797 ceperat

2181 3276 2342 3331 dibus
2374 3281 2744 3330 revertuntur.
2804 3272 3083 3327 Johannes
3125 3284 3290 3342 papa,
3341 3267 3475 3322 dum
3516 3264 3809 3336 aquadam

2182 3366 2391 3439 potenti
2415 3364 2623 3421 femina
2650 3363 2981 3438 cognomine
3010 3361 3245 3417 Marocia
3272 3357 3590 3431 principatu
3624 3356 3812 3426 priva-

2180 3473 2267 3519 tus
2297 3461 2401 3517 sub
2432 3461 2681 3517 custodia
2709 3459 3072 3523 detineretur,
3104 3464 3165 3512 ut
3204 3454 3429 3528 quidam
3455 3453 3606 3519 vi,ut
3622 3453 3814 3523 plures

2179 3559 2454 3619 astruunt,
2483 3558 2637 3607 actus
2671 3563 2899 3623 angore,
2927 3546 3270 3619 defungitur.
3318 3543 3549 3599 Karolus
3578 3555 3811 3613 quoque

2180 3664 2272 3704 rex
2303 3648 2373 3682 ²⁹⁶
2403 3646 2548 3717 apud
2581 3646 2872 3700 Perronam
2905 3643 2972 3677 ’97
3031 3641 3188 3697 obiit.
3224 3640 3487 3696 Simultas
3517 3638 3666 3693 inter
3698 3636 3813 3690 Hu-

2178 3756 2377 3815 gonem
2431 3746 2485 3794 et
2550 3737 2896 3792 Heribertum
2965 3734 3197 3790 comites
3255 3732 3519 3798 exoritur,
3581 3736 3809 3800 recepto

2184 3828 2444 3883 Herluino
2471 3826 2540 3882 ab
2575 3826 2798 3898 llugone
2830 3840 2953 3879 cum
2987 3832 3131 3878 terra
3159 3838 3279 3890 sua,
3304 3828 3361 3877 et
3409 3818 3733 3886 Hilduino",

2258 3921 2307 3992 Γ*
2332 3922 2401 3975 Η.
2424 3922 2490 3975 R.
2524 3935 2597 3984 ιν,
2631 3916 2720 3972 23.
2757 3917 2979 3972 Necnon
3000 3922 3055 3971 et
3085 3913 3342 3985 Arnaldo]
3398 3946 3402 3950 -

2184 4013 2276 4085 qui
2300 4018 2416 4067 erat
2440 4008 2706 4085 llugonis,
2740 4008 2809 4063 ab
2844 4006 3152 4062 Heriberto.
3194 4005 3301 4061 Vite
3353 4003 3574 4075 Alpium
3605 4020 3638 4057 a
3665 4004 3801 4056 Sar-

2184 4104 2400 4160 racenis
2429 4101 2694 4163 obsessae,
2723 4117 2755 4154 a
2811 4096 3018 4171 quibus
3067 4098 3221 4153 multi
3263 4098 3491 4153 Romam
3526 4094 3801 4168 proficisci

2185 4195 2450 4256 volentes,
2486 4188 2738 4263 impediti
2780 4194 3143 4244 revertuntur.
3173 4185 3330 4240 Auno

2822 4274 3160 4331 DCCCCXXX

2187 4353 2460 4409 Rodulfus
2491 4366 2582 4405 rex
2614 4349 2980 4404 Nortmannos
3002 4347 3070 4401 de
3104 4343 3301 4416 Ligeri,
3332 4343 3427 4415 qui
3452 4342 3800 4415 Aquitaniam

2194 4439 2705 4514 depraedationibus
2760 4440 2827 4473 επ
2884 4436 3239 4499 infestabant,
3296 4433 3349 4487 in
3410 4449 3553 4507 pago
3602 4433 3803 4487 Lemo-

2193 4534 2375 4591 vicino
2404 4532 2507 4567 “9*
2563 4546 2674 4585 uno
2729 4528 2921 4601 proelio
2975 4543 3117 4600 pene
3149 4527 3372 4592 delevit,
3401 4530 3457 4579 et
3500 4524 3804 4596 Aquitanos

2260 4630 2310 4702 [*
2331 4631 2399 4685 H.
2436 4631 2498 4685 Β.
2531 4643 2584 4681 ιν
2606 4625 2695 4680 23.
2731 4624 2787 4680 C.
2820 4624 2996 4679 sancti
3027 4622 3259 4698 Remigii
3291 4620 3661 4692 municipium
3688 4619 3705 4692 ]

2152 4725 2293 4781 sibi
2348 4722 2599 4779 subditos
2656 4719 2803 4775 fecit.
2845 4717 3166 4773 Reribertus
3213 4715 3514 4772 Arnoldum
3569 4715 3663 4781 δυο,
3710 4715 3796 4787 qui

1811 4828 2033 4883 VARIIE
2078 4824 2452 4883 LECTIONES.

541 4939 610 4975 ²⁶⁰
640 4938 784 4994 deest
814 4937 867 4991 1.
897 4935 967 4969 ’⁷ο
1014 4932 1241 5006 reliquit
1295 4932 1348 5006 ἒξ.
1403 4946 1574 5006 ςοντς.Δ
1602 4928 1931 5006 relinquit?
2004 4928 2241 5006 {"Jipse
2407 4924 2476 4958 επ
2528 4922 2594 5006 11.Δ
2644 4919 2790 4975 ﬁlius
2837 4916 3084 5006 Rolbcrti
3212 4917 3281 4950 ’73
3305 4915 3723 5006 amicitiamque

470 5009 816 5065 ’“eﬂulsere
835 5008 889 5062 2.
925 5007 994 5042 ²⁷⁸
1040 5000 1251 5112 prolata
1303 5003 1356 5058 2.
1405 5001 1439 5058 3
1505 5001 1577 5036 ³⁷⁸
1631 5000 1743 5072 lotg

470 5080 839 5112 ,Ἀκμηηηηςα
886 5079 921 5112 ω
993 5078 1038 5112 28
1123 5075 1394 5112 rnnlnunm
1448 5073 1481 5112 2
1556 5072 1620 5106 28!
1684 5070 1743 5112 nl

470 5084 538 5156 *τέ’
563 5079 941 5156 ιὶῒιυεορίεηὲο
993 5078 1038 5156 ’ἵ

1748 4997 1846 5054 arii
1900 5000 1953 5054 2.
2016 4997 2232 5054 letharii
2288 4997 2321 5051 3
2371 5010 2548 5049 errore
2576 4999 2671 5063 typ

2676 5007 2846 5047 orum.
2907 4988 2974 5022 ’⁷⁷
3008 4988 3350 5043 moritamam
3377 4988 3427 5041 1.
3464 4986 3535 5021 ³⁷³
3583 4988 3724 5041 deest
3748 4986 3797 5040 2.

1123 5075 1394 5131 reclusum
1447 5073 1481 5127 3
1556 5072 1620 5106 ²⁸¹
1684 5057 1975 5126 όὶΙοΙι-ἰουε
2025 5087 2163 5125 corr.
2227 5068 2506 5124 odalricus
2558 5057 2751 5117 17'”
2809 5058 3171 5134 remensi‘sfz.
3230 5058 3300 5092 ³⁸³
3344 5057 3701 5134 germanicus
3746 5057 3793 5110 3.

468 5155 539 5188 ’⁸⁸⁸
568 5130 765 5209 dces.“
834 5151 902 5185 ³⁸⁵
954 5130 1287 5219 episcopii3
1336 5146 1405 5219 ξεξρ
1461 5158 1690 5219 γβοοῐιρ.
1717 5140 1874 5219 23⁷
1933 5142 2183 5197 heinrico
2232 5142 2286 5195 2.
2339 5139 2409 5174 ³⁸⁸
2441 5137 2684 5190 vicnscm
2744 5134 2798 5187 ‘2.
2850 5132 2883 5186 3
2931 5147 2960 5184 a
3042 5130 3110 5219 ἐξ
3158 5130 3426 5219 πιοςξῃέἱδ
3453 5130 3529 5219 .ἔὶ
3560 5131 3793 5219 ξωρίυςς.

1991 5213 2041 5219 --
2237 5211 2248 5219 -
2340 5211 2352 5219 .
2432 5208 2493 5219 ..η
2610 5214 2619 5219 -
2761 5204 2793 5219 ,ι
2856 5203 2922 5219 ...ι
3368 5201 3401 5219 η
3600 5204 3693 5219 η,
3741 5199 3771 5219 .,

470 5225 538 5259 ²⁰⁰
557 5224 608 5279 ei
635 5225 687 5279 2.
724 5225 789 5259 ²⁹¹
824 5229 949 5293 post

468 5296 535 5367 Ψ
555 5311 847 5367 parronam
873 5294 924 5347 i.

470 5361 793 5424 harnoldum
820 5365 855 5421 2
881 5361 1158 5419 arnulfum
1190 5363 1242 5417 3.
1266 5361 1320 5417 b.

1027 5199 1221 5276 553‘s.
1251 5199 1305 5274 3.
1339 5217 1409 5252 ²⁹²
1466 5216 1610 5269 deest
1635 5199 1721 5268 ’1.
1774 5214 1844 5248 ²⁰³
1898 5211 2281 5267 ambiancnsis
2330 5211 2384 5266 1.
2432 5208 2499 5243 ²⁹⁴
2528 5222 2573 5261 s.
2607 5214 2644 5261 t.
2678 5220 2726 5276 c.
2761 5204 2814 5260 3.
2856 5203 2924 5239 ’⁸⁵
2965 5200 3228 5276 _l_1erluini
3257 5199 3309 5255 2.
3366 5200 3524 5276 3.?“
3549 5199 3693 5276 deest

984 5268 1305 5363 553065";
1358 5268 1519 5356 Hugo
1550 5268 1611 5343 ν.
1672 5285 1741 5321 ⁸9³
1796 5284 2228 5355 depraedationis
2289 5283 2344 5337 2.
2386 5280 2455 5315 ²⁹⁹
2517 5275 2793 5333 lemocino
2856 5275 2891 5329 2
2951 5272 3093 5328 idem
3158 5273 3532 5342 superscripto
3563 5270 3621 5326 ui
3654 5274 3699 5325 ί.
3730 5268 3793 5303 ’σθ

2019 5424 2227 5480 NOT/E.

536 5542 644 5608 {58)
680 5542 1011 5607 Mortaignc.

534 5611 641 5682 (F39)
674 5613 732 5682 In
758 5610 1066 5682 Wasconia.
1093 5610 1365 5682 flendum.

536 5676 648 5752 (60)
665 5677 936 5754 Reginoni
968 5680 1165 5747 Durfos
1195 5695 1294 5746 ;an
1320 5676 1509 5744 Delft?

2251 5529 2364 5599 (61)
2391 5529 2550 5595 Vitry
2578 5541 2643 5580 en
2666 5524 2893 5599 Pertois.

2252 5588 2359 5667 ξ62)
2390 5588 2697 5664 Μοηῖνειιίι,
2720 5612 2751 5650 a
2778 5592 3011 5650 meridie
3042 5590 3305 5650 Bononiae
3319 5590 3388 5646 ad
3420 5588 3583 5645 Marc.
