  <div class='ocr_page' id='page_1' title='image "/cluster/home/n/w/nwhite01/storage/ocr_20150623/134-135/uva.x000829784/804.png"; bbox 0 0 3972 6206; ppageno 0'>
   <div class='ocr_carea' id='block_1_1' title="bbox 182 222 289 276">
    <p class='ocr_par' dir='ltr' id='par_1_1' title="bbox 182 222 289 276">
     <span class='ocr_line' id='line_1_1' title="bbox 182 222 289 276; baseline 0.009 -1"><span class='ocrx_word' id='word_1_1' title='bbox 182 222 289 276; x_wconf 63' lang='grc'><strong>445</strong></span> 
     </span>
    </p>
   </div>
   <div class='ocr_carea' id='block_1_2' title="bbox 1691 218 2009 274">
    <p class='ocr_par' dir='ltr' id='par_1_2' title="bbox 1691 218 2009 274">
     <span class='ocr_line' id='line_1_2' title="bbox 1691 218 2009 274; baseline 0.006 -2"><span class='ocrx_word' id='word_1_2' title='bbox 1691 218 2009 274; x_wconf 73' lang='lat' dir='ltr'><strong>ANNALES.</strong></span> 
     </span>
    </p>
   </div>
   <div class='ocr_carea' id='block_1_3' title="bbox 3409 218 3514 271">
    <p class='ocr_par' dir='ltr' id='par_1_3' title="bbox 3409 218 3514 271">
     <span class='ocr_line' id='line_1_3' title="bbox 3409 218 3514 271; baseline 0 0"><span class='ocrx_word' id='word_1_3' title='bbox 3409 218 3514 271; x_wconf 64' lang='lat'><strong>416</strong></span> 
     </span>
    </p>
   </div>
   <div class='ocr_carea' id='block_1_4' title="bbox 182 328 3523 423">
    <p class='ocr_par' dir='ltr' id='par_1_4' title="bbox 182 328 3523 423">
     <span class='ocr_line' id='line_1_4' title="bbox 182 328 3523 423; baseline -0.001 -17"><span class='ocrx_word' id='word_1_4' title='bbox 182 351 359 406; x_wconf 84' lang='lat' dir='ltr'><strong>fectus</strong></span> <span class='ocrx_word' id='word_1_5' title='bbox 419 347 710 404; x_wconf 85' lang='lat' dir='ltr'><strong>Heinricus</strong></span> <span class='ocrx_word' id='word_1_6' title='bbox 740 364 862 403; x_wconf 77' lang='lat' dir='ltr'><strong>cum</strong></span> <span class='ocrx_word' id='word_1_7' title='bbox 919 348 1181 417; x_wconf 84' lang='lat' dir='ltr'><strong>Bajoariis</strong></span> <span class='ocrx_word' id='word_1_8' title='bbox 1212 356 1267 403; x_wconf 91' lang='lat' dir='ltr'><strong>et</strong></span> <span class='ocrx_word' id='word_1_9' title='bbox 1310 348 1619 405; x_wconf 80' lang='lat' dir='ltr'><strong>Saxonibus</strong></span> <span class='ocrx_word' id='word_1_10' title='bbox 1649 358 1801 405; x_wconf 88' lang='lat' dir='ltr'><strong>cete—</strong></span> <span class='ocrx_word' id='word_1_11' title='bbox 1832 350 2046 421; x_wconf 80' lang='lat' dir='ltr'><strong>Adiam</strong></span> <span class='ocrx_word' id='word_1_12' title='bbox 2078 350 2231 407; x_wconf 87' lang='lat' dir='ltr'><strong>Walo</strong></span> <span class='ocrx_word' id='word_1_13' title='bbox 2266 350 2586 423; x_wconf 71' lang='lat' dir='ltr'><strong>reliquerat,</strong></span> <span class='ocrx_word' id='word_1_14' title='bbox 2630 350 2846 421; x_wconf 79' lang='lat' dir='ltr'><strong>recipit,</strong></span> <span class='ocrx_word' id='word_1_15' title='bbox 2887 348 3280 420; x_wconf 79' lang='lat' dir='ltr'><strong>dispositisque</strong></span> <span class='ocrx_word' id='word_1_16' title='bbox 3310 328 3523 402; x_wconf 72' lang='lat' dir='ltr'><strong>recedit</strong></span> 
     </span>
    </p>
   </div>
   <div class='ocr_carea' id='block_1_5' title="bbox 184 441 1797 515">
    <p class='ocr_par' dir='ltr' id='par_1_5' title="bbox 184 441 1797 515">
     <span class='ocr_line' id='line_1_5' title="bbox 184 441 1797 515; baseline -0.001 -16"><span class='ocrx_word' id='word_1_17' title='bbox 184 446 367 515; x_wconf 89' lang='lat' dir='ltr'><strong>risque</strong></span> <span class='ocrx_word' id='word_1_18' title='bbox 398 442 726 514; x_wconf 89' lang='lat' dir='ltr'><strong>quibusdam</strong></span> <span class='ocrx_word' id='word_1_19' title='bbox 762 441 871 495; x_wconf 84' lang='lat' dir='ltr'><strong>sibi</strong></span> <span class='ocrx_word' id='word_1_20' title='bbox 902 442 1168 510; x_wconf 85' lang='lat' dir='ltr'><strong>subjectis</strong></span> <span class='ocrx_word' id='word_1_21' title='bbox 1196 443 1455 515; x_wconf 82' lang='lat' dir='ltr'><strong>gentibus</strong></span> <span class='ocrx_word' id='word_1_22' title='bbox 1483 443 1573 509; x_wconf 70' lang='lat'><strong>379,</strong></span> <span class='ocrx_word' id='word_1_23' title='bbox 1604 458 1797 497; x_wconf 92' lang='lat' dir='ltr'><strong>omnes</strong></span> 
     </span>
    </p>
   </div>
   <div class='ocr_carea' id='block_1_6' title="bbox 185 531 1800 606">
    <p class='ocr_par' dir='ltr' id='par_1_6' title="bbox 185 531 1800 606">
     <span class='ocr_line' id='line_1_6' title="bbox 185 531 1800 606; baseline -0.001 -19"><span class='ocrx_word' id='word_1_24' title='bbox 185 548 360 605; x_wconf 90' lang='lat' dir='ltr'><strong>usque</strong></span> <span class='ocrx_word' id='word_1_25' title='bbox 392 531 460 585; x_wconf 90' lang='lat' dir='ltr'><strong>ad</strong></span> <span class='ocrx_word' id='word_1_26' title='bbox 488 531 916 586; x_wconf 87' lang='lat' dir='ltr'><strong>internetionem</strong></span> <span class='ocrx_word' id='word_1_27' title='bbox 945 531 1015 564; x_wconf 79' lang='grc'><strong>³⁸0</strong></span> <span class='ocrx_word' id='word_1_28' title='bbox 1043 531 1276 597; x_wconf 88' lang='lat' dir='ltr'><strong>sternit;</strong></span> <span class='ocrx_word' id='word_1_29' title='bbox 1308 547 1543 602; x_wconf 89' lang='lat' dir='ltr'><strong>quorum</strong></span> <span class='ocrx_word' id='word_1_30' title='bbox 1576 531 1800 606; x_wconf 78' lang='lat' dir='ltr'><strong>triginta</strong></span> 
     </span>
    </p>
   </div>
   <div class='ocr_carea' id='block_1_7' title="bbox 182 623 1799 695">
    <p class='ocr_par' dir='ltr' id='par_1_7' title="bbox 182 623 1799 695">
     <span class='ocr_line' id='line_1_7' title="bbox 182 623 1799 695; baseline -0.002 -14"><span class='ocrx_word' id='word_1_31' title='bbox 182 643 278 681; x_wconf 90' lang='lat' dir='ltr'><strong>sex</strong></span> <span class='ocrx_word' id='word_1_32' title='bbox 332 625 484 680; x_wconf 91' lang='lat' dir='ltr'><strong>milia</strong></span> <span class='ocrx_word' id='word_1_33' title='bbox 514 626 579 658; x_wconf 80' lang='grc'><strong>³⁸¹</strong></span> <span class='ocrx_word' id='word_1_34' title='bbox 628 641 766 680; x_wconf 78' lang='lat' dir='ltr'><strong>caesa</strong></span> <span class='ocrx_word' id='word_1_35' title='bbox 798 623 1129 690; x_wconf 85' lang='lat' dir='ltr'><strong>referuntur,</strong></span> <span class='ocrx_word' id='word_1_36' title='bbox 1162 631 1358 694; x_wconf 65' lang='lat' dir='ltr'><strong>praeter</strong></span> <span class='ocrx_word' id='word_1_37' title='bbox 1388 640 1483 679; x_wconf 92' lang='lat' dir='ltr'><strong>eos</strong></span> <span class='ocrx_word' id='word_1_38' title='bbox 1531 640 1671 695; x_wconf 92' lang='lat' dir='ltr'><strong>quos</strong></span> <span class='ocrx_word' id='word_1_39' title='bbox 1702 624 1799 678; x_wconf 87' lang='lat' dir='ltr'><strong>ab-</strong></span> 
     </span>
    </p>
   </div>
   <div class='ocr_carea' id='block_1_8' title="bbox 183 712 1800 785">
    <p class='ocr_par' dir='ltr' id='par_1_8' title="bbox 183 712 1800 785">
     <span class='ocr_line' id='line_1_8' title="bbox 183 712 1800 785; baseline -0.001 -16"><span class='ocrx_word' id='word_1_40' title='bbox 183 716 396 771; x_wconf 82' lang='lat' dir='ltr'><strong>sorbuit</strong></span> <span class='ocrx_word' id='word_1_41' title='bbox 423 714 622 769; x_wconf 86' lang='lat' dir='ltr'><strong>fluvius</strong></span> <span class='ocrx_word' id='word_1_42' title='bbox 678 721 731 768; x_wconf 90' lang='lat' dir='ltr'><strong>et</strong></span> <span class='ocrx_word' id='word_1_43' title='bbox 759 714 852 785; x_wconf 91' lang='lat' dir='ltr'><strong>qui</strong></span> <span class='ocrx_word' id='word_1_44' title='bbox 884 713 991 767; x_wconf 84' lang='lat' dir='ltr'><strong>vivi</strong></span> <span class='ocrx_word' id='word_1_45' title='bbox 1023 712 1165 783; x_wconf 87' lang='lat' dir='ltr'><strong>capti</strong></span> <span class='ocrx_word' id='word_1_46' title='bbox 1211 721 1355 767; x_wconf 91' lang='lat' dir='ltr'><strong>sunt.</strong></span> <span class='ocrx_word' id='word_1_47' title='bbox 1400 713 1686 767; x_wconf 88' lang='lat' dir='ltr'><strong>Richarius</strong></span> <span class='ocrx_word' id='word_1_48' title='bbox 1710 713 1800 779; x_wconf 70' lang='lat'><strong>’3’,</strong></span> 
     </span>
    </p>
   </div>
   <div class='ocr_carea' id='block_1_9' title="bbox 184 805 1802 879">
    <p class='ocr_par' dir='ltr' id='par_1_9' title="bbox 184 805 1802 879">
     <span class='ocr_line' id='line_1_9' title="bbox 184 805 1802 879; baseline -0.001 -18"><span class='ocrx_word' id='word_1_49' title='bbox 184 808 481 879; x_wconf 87' lang='lat' dir='ltr'><strong>cpiscopus</strong></span> <span class='ocrx_word' id='word_1_50' title='bbox 506 806 863 879; x_wconf 86' lang='lat' dir='ltr'><strong>Tungrcnsis,</strong></span> <span class='ocrx_word' id='word_1_51' title='bbox 896 805 1171 877; x_wconf 87' lang='lat' dir='ltr'><strong>quoddam</strong></span> <span class='ocrx_word' id='word_1_52' title='bbox 1202 806 1485 860; x_wconf 83' lang='lat' dir='ltr'><strong>castellum</strong></span> <span class='ocrx_word' id='word_1_53' title='bbox 1543 805 1802 859; x_wconf 87' lang='lat' dir='ltr'><strong>Bernardi</strong></span> 
     </span>
    </p>
   </div>
   <div class='ocr_carea' id='block_1_10' title="bbox 181 897 1805 969">
    <p class='ocr_par' dir='ltr' id='par_1_10' title="bbox 181 897 1805 969">
     <span class='ocr_line' id='line_1_10' title="bbox 181 897 1805 969; baseline -0.001 -15"><span class='ocrx_word' id='word_1_54' title='bbox 181 898 421 964; x_wconf 82' lang='lat' dir='ltr'><strong>comitis,</strong></span> <span class='ocrx_word' id='word_1_55' title='bbox 454 899 602 969; x_wconf 91' lang='lat' dir='ltr'><strong>quod</strong></span> <span class='ocrx_word' id='word_1_56' title='bbox 637 897 755 968; x_wconf 88' lang='lat' dir='ltr'><strong>ipse</strong></span> <span class='ocrx_word' id='word_1_57' title='bbox 788 898 1097 952; x_wconf 89' lang='lat' dir='ltr'><strong>Bernardus</strong></span> <span class='ocrx_word' id='word_1_58' title='bbox 1127 898 1271 967; x_wconf 89' lang='lat' dir='ltr'><strong>apud</strong></span> <span class='ocrx_word' id='word_1_59' title='bbox 1308 898 1563 953; x_wconf 85' lang='lat' dir='ltr'><strong>Harceias</strong></span> <span class='ocrx_word' id='word_1_60' title='bbox 1593 897 1661 931; x_wconf 80' lang='grc'><strong>³⁸³</strong></span> <span class='ocrx_word' id='word_1_61' title='bbox 1699 898 1805 969; x_wconf 92' lang='lat'>(68)</span> 
     </span>
    </p>
   </div>
   <div class='ocr_carea' id='block_1_11' title="bbox 184 986 1805 1062">
    <p class='ocr_par' dir='ltr' id='par_1_11' title="bbox 184 986 1805 1062">
     <span class='ocr_line' id='line_1_11' title="bbox 184 986 1805 1062; baseline -0.002 -21"><span class='ocrx_word' id='word_1_62' title='bbox 184 988 241 1041; x_wconf 91' lang='lat' dir='ltr'><strong>in</strong></span> <span class='ocrx_word' id='word_1_63' title='bbox 274 1003 413 1062; x_wconf 83' lang='lat' dir='ltr'><strong>pago</strong></span> <span class='ocrx_word' id='word_1_64' title='bbox 436 987 698 1041; x_wconf 89' lang='lat' dir='ltr'><strong>Porcinse</strong></span> <span class='ocrx_word' id='word_1_65' title='bbox 732 993 1131 1049; x_wconf 85' lang='lat' dir='ltr'><strong>construxerat,</strong></span> <span class='ocrx_word' id='word_1_66' title='bbox 1156 986 1372 1053; x_wconf 89' lang='lat' dir='ltr'><strong>evertit,</strong></span> <span class='ocrx_word' id='word_1_67' title='bbox 1398 1002 1464 1041; x_wconf 91' lang='lat' dir='ltr'><strong>eo</strong></span> <span class='ocrx_word' id='word_1_68' title='bbox 1496 986 1643 1058; x_wconf 92' lang='lat' dir='ltr'><strong>quod</strong></span> <span class='ocrx_word' id='word_1_69' title='bbox 1662 987 1714 1039; x_wconf 91' lang='lat' dir='ltr'><strong>in</strong></span> <span class='ocrx_word' id='word_1_70' title='bbox 1738 986 1805 1019; x_wconf 57' lang='grc'><strong>³⁸⁵</strong></span> 
     </span>
    </p>
   </div>
   <div class='ocr_carea' id='block_1_12' title="bbox 179 1073 1804 1132">
    <p class='ocr_par' dir='ltr' id='par_1_12' title="bbox 179 1073 1804 1132">
     <span class='ocr_line' id='line_1_12' title="bbox 179 1073 1804 1132; baseline -0.002 0"><span class='ocrx_word' id='word_1_71' title='bbox 179 1095 292 1132; x_wconf 66' lang='lat' dir='ltr'><strong>sua:</strong></span> <span class='ocrx_word' id='word_1_72' title='bbox 356 1075 604 1131; x_wconf 65' lang='lat' dir='ltr'><strong>ecclesia:</strong></span> <span class='ocrx_word' id='word_1_73' title='bbox 662 1083 806 1129; x_wconf 89' lang='lat' dir='ltr'><strong>terra</strong></span> <span class='ocrx_word' id='word_1_74' title='bbox 853 1075 1019 1129; x_wconf 90' lang='lat' dir='ltr'><strong>situm</strong></span> <span class='ocrx_word' id='word_1_75' title='bbox 1075 1082 1243 1129; x_wconf 89' lang='lat' dir='ltr'><strong>esset.</strong></span> <span class='ocrx_word' id='word_1_76' title='bbox 1302 1075 1510 1129; x_wconf 78' lang='lat' dir='ltr'><strong>Vienna</strong></span> <span class='ocrx_word' id='word_1_77' title='bbox 1569 1073 1804 1129; x_wconf 86' lang='lat' dir='ltr'><strong>Rodulfo</strong></span> 
     </span>
    </p>
   </div>
   <div class='ocr_carea' id='block_1_13' title="bbox 183 1167 1801 1245">
    <p class='ocr_par' dir='ltr' id='par_1_13' title="bbox 183 1167 1801 1245">
     <span class='ocr_line' id='line_1_13' title="bbox 183 1167 1801 1245; baseline -0.002 -20"><span class='ocrx_word' id='word_1_78' title='bbox 183 1172 320 1245; x_wconf 89' lang='lat' dir='ltr'><strong>regi,</strong></span> <span class='ocrx_word' id='word_1_79' title='bbox 353 1170 696 1224; x_wconf 85' lang='lat' dir='ltr'><strong>tradentibus</strong></span> <span class='ocrx_word' id='word_1_80' title='bbox 727 1186 847 1224; x_wconf 89' lang='lat' dir='ltr'><strong>eam</strong></span> <span class='ocrx_word' id='word_1_81' title='bbox 879 1169 964 1222; x_wconf 89' lang='lat' dir='ltr'><strong>his</strong></span> <span class='ocrx_word' id='word_1_82' title='bbox 986 1168 1081 1240; x_wconf 89' lang='lat' dir='ltr'><strong>qui</strong></span> <span class='ocrx_word' id='word_1_83' title='bbox 1110 1185 1229 1223; x_wconf 91' lang='lat' dir='ltr'><strong>eam</strong></span> <span class='ocrx_word' id='word_1_84' title='bbox 1252 1169 1531 1232; x_wconf 84' lang='lat' dir='ltr'><strong>tenebant,</strong></span> <span class='ocrx_word' id='word_1_85' title='bbox 1558 1167 1801 1223; x_wconf 88' lang='lat' dir='ltr'><strong>deditur.</strong></span> 
     </span>
    </p>
   </div>
   <div class='ocr_carea' id='block_1_14' title="bbox 179 1257 1803 1330">
    <p class='ocr_par' dir='ltr' id='par_1_14' title="bbox 179 1257 1803 1330">
     <span class='ocr_line' id='line_1_14' title="bbox 179 1257 1803 1330; baseline 0.002 -21"><span class='ocrx_word' id='word_1_86' title='bbox 179 1259 509 1327; x_wconf 79' lang='lat' dir='ltr'><strong>Willelmus,</strong></span> <span class='ocrx_word' id='word_1_87' title='bbox 558 1259 817 1329; x_wconf 77' lang='lat' dir='ltr'><strong>princeps</strong></span> <span class='ocrx_word' id='word_1_88' title='bbox 866 1258 1351 1325; x_wconf 87' lang='lat' dir='ltr'><strong>Nortmannorum,</strong></span> <span class='ocrx_word' id='word_1_89' title='bbox 1384 1258 1563 1313; x_wconf 88' lang='lat' dir='ltr'><strong>eidem</strong></span> <span class='ocrx_word' id='word_1_90' title='bbox 1597 1257 1713 1330; x_wconf 86' lang='lat' dir='ltr'><strong>regi</strong></span> <span class='ocrx_word' id='word_1_91' title='bbox 1745 1273 1803 1312; x_wconf 92' lang='lat' dir='ltr'><strong>sc</strong></span> 
     </span>
    </p>
   </div>
   <div class='ocr_carea' id='block_1_15' title="bbox 181 1352 1807 1424">
    <p class='ocr_par' dir='ltr' id='par_1_15' title="bbox 181 1352 1807 1424">
     <span class='ocr_line' id='line_1_15' title="bbox 181 1352 1807 1424; baseline -0.002 -15"><span class='ocrx_word' id='word_1_92' title='bbox 181 1353 482 1418; x_wconf 88' lang='lat' dir='ltr'><strong>commitit;</strong></span> <span class='ocrx_word' id='word_1_93' title='bbox 535 1352 821 1424; x_wconf 86' lang='lat' dir='ltr'><strong>quietiam</strong></span> <span class='ocrx_word' id='word_1_94' title='bbox 880 1369 972 1407; x_wconf 86' lang='lat' dir='ltr'><strong>rex</strong></span> <span class='ocrx_word' id='word_1_95' title='bbox 1006 1352 1098 1406; x_wconf 89' lang='lat' dir='ltr'><strong>dat</strong></span> <span class='ocrx_word' id='word_1_96' title='bbox 1157 1359 1354 1407; x_wconf 89' lang='lat' dir='ltr'><strong>terram</strong></span> <span class='ocrx_word' id='word_1_97' title='bbox 1388 1353 1689 1407; x_wconf 88' lang='lat' dir='ltr'><strong>Brittonum</strong></span> <span class='ocrx_word' id='word_1_98' title='bbox 1753 1353 1807 1406; x_wconf 91' lang='lat' dir='ltr'><strong>in</strong></span> 
     </span>
    </p>
   </div>
   <div class='ocr_carea' id='block_1_16' title="bbox 180 1442 1808 1499">
    <p class='ocr_par' dir='ltr' id='par_1_16' title="bbox 180 1442 1808 1499">
     <span class='ocr_line' id='line_1_16' title="bbox 180 1442 1808 1499; baseline -0.001 -1"><span class='ocrx_word' id='word_1_99' title='bbox 180 1461 279 1499; x_wconf 91' lang='lat' dir='ltr'><strong>ora</strong></span> <span class='ocrx_word' id='word_1_100' title='bbox 330 1442 603 1496; x_wconf 88' lang='lat' dir='ltr'><strong>maritima</strong></span> <span class='ocrx_word' id='word_1_101' title='bbox 632 1443 814 1497; x_wconf 91' lang='lat' dir='ltr'><strong>sitam.</strong></span> <span class='ocrx_word' id='word_1_102' title='bbox 851 1442 1118 1497; x_wconf 79' lang='lat' dir='ltr'><strong>llodulfus</strong></span> <span class='ocrx_word' id='word_1_103' title='bbox 1180 1459 1271 1497; x_wconf 84' lang='lat' dir='ltr'><strong>rex</strong></span> <span class='ocrx_word' id='word_1_104' title='bbox 1309 1443 1670 1497; x_wconf 88' lang='lat' dir='ltr'><strong>munitionem</strong></span> <span class='ocrx_word' id='word_1_105' title='bbox 1706 1443 1808 1497; x_wconf 88' lang='lat' dir='ltr'><strong>lle-</strong></span> 
     </span>
    </p>
   </div>
   <div class='ocr_carea' id='block_1_17' title="bbox 183 1537 1809 1608">
    <p class='ocr_par' dir='ltr' id='par_1_17' title="bbox 183 1537 1809 1608">
     <span class='ocr_line' id='line_1_17' title="bbox 183 1537 1809 1608; baseline 0 -17"><span class='ocrx_word' id='word_1_106' title='bbox 183 1538 394 1602; x_wconf 90' lang='lat' dir='ltr'><strong>riberti,</strong></span> <span class='ocrx_word' id='word_1_107' title='bbox 425 1553 547 1608; x_wconf 61' lang='lat' dir='ltr'><strong>quaa</strong></span> <span class='ocrx_word' id='word_1_108' title='bbox 570 1537 771 1591; x_wconf 90' lang='lat' dir='ltr'><strong>dicitur</strong></span> <span class='ocrx_word' id='word_1_109' title='bbox 800 1537 1447 1593; x_wconf 87' lang='lat' dir='ltr'><strong>Castellum-Theoderici</strong></span> <span class='ocrx_word' id='word_1_110' title='bbox 1491 1538 1559 1572; x_wconf 65' lang='grc'><strong>³⁸³</strong></span> <span class='ocrx_word' id='word_1_111' title='bbox 1589 1538 1809 1593; x_wconf 83' lang='lat' dir='ltr'><strong>obsidet</strong></span> 
     </span>
    </p>
   </div>
   <div class='ocr_carea' id='block_1_18' title="bbox 181 1630 1807 1702">
    <p class='ocr_par' dir='ltr' id='par_1_18' title="bbox 181 1630 1807 1702">
     <span class='ocr_line' id='line_1_18' title="bbox 181 1630 1807 1702; baseline -0.001 -17"><span class='ocrx_word' id='word_1_112' title='bbox 181 1631 523 1685; x_wconf 88' lang='lat' dir='ltr'><strong>ebdomadas</strong></span> <span class='ocrx_word' id='word_1_113' title='bbox 556 1648 668 1685; x_wconf 86' lang='lat' dir='ltr'><strong>sex.</strong></span> <span class='ocrx_word' id='word_1_114' title='bbox 706 1631 897 1685; x_wconf 87' lang='lat' dir='ltr'><strong>Postea</strong></span> <span class='ocrx_word' id='word_1_115' title='bbox 931 1631 1084 1685; x_wconf 86' lang='lat' dir='ltr'><strong>Walo</strong></span> <span class='ocrx_word' id='word_1_116' title='bbox 1129 1632 1199 1665; x_wconf 71' lang='grc'><strong>³⁸⁸</strong></span> <span class='ocrx_word' id='word_1_117' title='bbox 1229 1632 1321 1702; x_wconf 85' lang='lat' dir='ltr'><strong>qui</strong></span> <span class='ocrx_word' id='word_1_118' title='bbox 1357 1630 1708 1685; x_wconf 84' lang='lat' dir='ltr'><strong>custodiebat</strong></span> <span class='ocrx_word' id='word_1_119' title='bbox 1741 1630 1807 1684; x_wconf 93' lang='lat' dir='ltr'><strong>il-</strong></span> 
     </span>
    </p>
   </div>
   <div class='ocr_carea' id='block_1_19' title="bbox 1900 441 3524 516">
    <p class='ocr_par' dir='ltr' id='par_1_19' title="bbox 1900 441 3524 516">
     <span class='ocr_line' id='line_1_19' title="bbox 1900 441 3524 516; baseline -0.002 -21"><span class='ocrx_word' id='word_1_120' title='bbox 1900 441 2239 496; x_wconf 89' lang='lat' dir='ltr'><strong>custodibus.</strong></span> <span class='ocrx_word' id='word_1_121' title='bbox 2260 443 2411 507; x_wconf 85' lang='lat' dir='ltr'><strong>Quod</strong></span> <span class='ocrx_word' id='word_1_122' title='bbox 2448 443 2681 497; x_wconf 87' lang='lat' dir='ltr'><strong>audiens</strong></span> <span class='ocrx_word' id='word_1_123' title='bbox 2712 443 2887 516; x_wconf 82' lang='lat' dir='ltr'><strong>Hugo,</strong></span> <span class='ocrx_word' id='word_1_124' title='bbox 2920 441 3065 496; x_wconf 91' lang='lat' dir='ltr'><strong>idem</strong></span> <span class='ocrx_word' id='word_1_125' title='bbox 3100 447 3336 495; x_wconf 88' lang='lat' dir='ltr'><strong>castrum</strong></span> <span class='ocrx_word' id='word_1_126' title='bbox 3354 454 3524 512; x_wconf 88' lang='lat' dir='ltr'><strong>quan-</strong></span> 
     </span>
    </p>
   </div>
   <div class='ocr_carea' id='block_1_20' title="bbox 1899 535 2837 607">
    <p class='ocr_par' dir='ltr' id='par_1_20' title="bbox 1899 535 2837 607">
     <span class='ocr_line' id='line_1_20' title="bbox 1899 535 2837 607; baseline 0.002 -19"><span class='ocrx_word' id='word_1_127' title='bbox 1899 535 2067 590; x_wconf 90' lang='lat' dir='ltr'><strong>totius</strong></span> <span class='ocrx_word' id='word_1_128' title='bbox 2095 535 2353 599; x_wconf 82' lang='lat' dir='ltr'><strong>obsidere</strong></span> <span class='ocrx_word' id='word_1_129' title='bbox 2380 545 2653 607; x_wconf 86' lang='lat' dir='ltr'><strong>procurat.</strong></span> <span class='ocrx_word' id='word_1_130' title='bbox 2682 537 2837 590; x_wconf 84' lang='lat' dir='ltr'><strong>Anno</strong></span> 
     </span>
    </p>
   </div>
   <div class='ocr_carea' id='block_1_21' title="bbox 2500 645 2933 701">
    <p class='ocr_par' dir='ltr' id='par_1_21' title="bbox 2500 645 2933 701">
     <span class='ocr_line' id='line_1_21' title="bbox 2500 645 2933 701; baseline 0.005 -2"><span class='ocrx_word' id='word_1_131' title='bbox 2500 645 2933 701; x_wconf 77' lang='lat' dir='ltr'><strong>DCCCCXXXIV.</strong></span> 
     </span>
    </p>
   </div>
   <div class='ocr_carea' id='block_1_22' title="bbox 1904 730 3523 806">
    <p class='ocr_par' dir='ltr' id='par_1_22' title="bbox 1904 730 3523 806">
     <span class='ocr_line' id='line_1_22' title="bbox 1904 730 3523 806; baseline 0.001 -21"><span class='ocrx_word' id='word_1_132' title='bbox 1904 730 2292 787; x_wconf 89' lang='lat' dir='ltr'><strong>obsidentibus</strong></span> <span class='ocrx_word' id='word_1_133' title='bbox 2366 732 2463 766; x_wconf 58' lang='lat'><strong>393&#39;</strong></span> <span class='ocrx_word' id='word_1_134' title='bbox 2508 740 2862 803; x_wconf 66' lang='lat' dir='ltr'><strong>przenotatam</strong></span> <span class='ocrx_word' id='word_1_135' title='bbox 2949 732 3312 788; x_wconf 90' lang='lat' dir='ltr'><strong>munitionem</strong></span> <span class='ocrx_word' id='word_1_136' title='bbox 3396 749 3523 806; x_wconf 85' lang='lat' dir='ltr'><strong>rege</strong></span> 
     </span>
    </p>
   </div>
   <div class='ocr_carea' id='block_1_23' title="bbox 1911 822 3522 896">
    <p class='ocr_par' dir='ltr' id='par_1_23' title="bbox 1911 822 3522 896">
     <span class='ocr_line' id='line_1_23' title="bbox 1911 822 3522 896; baseline 0.002 -22"><span class='ocrx_word' id='word_1_137' title='bbox 1911 822 2143 878; x_wconf 87' lang='lat' dir='ltr'><strong>Rodulfo</strong></span> <span class='ocrx_word' id='word_1_138' title='bbox 2177 830 2229 878; x_wconf 89' lang='lat' dir='ltr'><strong>et</strong></span> <span class='ocrx_word' id='word_1_139' title='bbox 2282 824 2508 896; x_wconf 88' lang='lat' dir='ltr'><strong>Hugone</strong></span> <span class='ocrx_word' id='word_1_140' title='bbox 2540 825 2762 891; x_wconf 87' lang='lat' dir='ltr'><strong>comite,</strong></span> <span class='ocrx_word' id='word_1_141' title='bbox 2806 834 3002 895; x_wconf 87' lang='lat' dir='ltr'><strong>quarto</strong></span> <span class='ocrx_word' id='word_1_142' title='bbox 3035 825 3255 879; x_wconf 89' lang='lat' dir='ltr'><strong>tandem</strong></span> <span class='ocrx_word' id='word_1_143' title='bbox 3311 840 3522 890; x_wconf 87' lang='lat' dir='ltr'><strong>mense,</strong></span> 
     </span>
    </p>
   </div>
   <div class='ocr_carea' id='block_1_24' title="bbox 1906 911 3519 979">
    <p class='ocr_par' dir='ltr' id='par_1_24' title="bbox 1906 911 3519 979">
     <span class='ocr_line' id='line_1_24' title="bbox 1906 911 3519 979; baseline 0.001 -15"><span class='ocrx_word' id='word_1_144' title='bbox 1906 911 2239 966; x_wconf 85' lang='lat' dir='ltr'><strong>ascendente</strong></span> <span class='ocrx_word' id='word_1_145' title='bbox 2280 919 2442 966; x_wconf 91' lang='lat' dir='ltr'><strong>noctu</strong></span> <span class='ocrx_word' id='word_1_146' title='bbox 2484 927 2691 978; x_wconf 91' lang='lat' dir='ltr'><strong>muros,</strong></span> <span class='ocrx_word' id='word_1_147' title='bbox 2725 912 3052 967; x_wconf 86' lang='lat' dir='ltr'><strong>custodibus</strong></span> <span class='ocrx_word' id='word_1_148' title='bbox 3091 912 3519 979; x_wconf 87' lang='lat' dir='ltr'><strong>dormientibus,</strong></span> 
     </span>
    </p>
   </div>
   <div class='ocr_carea' id='block_1_25' title="bbox 1908 998 3526 1073">
    <p class='ocr_par' dir='ltr' id='par_1_25' title="bbox 1908 998 3526 1073">
     <span class='ocr_line' id='line_1_25' title="bbox 1908 998 3526 1073; baseline 0.002 -22"><span class='ocrx_word' id='word_1_149' title='bbox 1908 998 2133 1053; x_wconf 80' lang='lat' dir='ltr'><strong>Walone</strong></span> <span class='ocrx_word' id='word_1_150' title='bbox 2163 1016 2285 1054; x_wconf 92' lang='lat' dir='ltr'><strong>cum</strong></span> <span class='ocrx_word' id='word_1_151' title='bbox 2337 1000 2471 1062; x_wconf 91' lang='lat' dir='ltr'><strong>suis,</strong></span> <span class='ocrx_word' id='word_1_152' title='bbox 2528 1017 2653 1070; x_wconf 88' lang='lat' dir='ltr'><strong>pars</strong></span> <span class='ocrx_word' id='word_1_153' title='bbox 2680 1001 2869 1070; x_wconf 87' lang='lat' dir='ltr'><strong>Oppidi</strong></span> <span class='ocrx_word' id='word_1_154' title='bbox 2902 1003 3137 1073; x_wconf 89' lang='lat' dir='ltr'><strong>capitur,</strong></span> <span class='ocrx_word' id='word_1_155' title='bbox 3198 1018 3290 1055; x_wconf 87' lang='lat' dir='ltr'><strong>arx</strong></span> <span class='ocrx_word' id='word_1_156' title='bbox 3329 1009 3526 1070; x_wconf 72' lang='lat' dir='ltr'><strong>tamen</strong></span> 
     </span>
    </p>
   </div>
   <div class='ocr_carea' id='block_1_26' title="bbox 1908 1090 3525 1167">
    <p class='ocr_par' dir='ltr' id='par_1_26' title="bbox 1908 1090 3525 1167">
     <span class='ocr_line' id='line_1_26' title="bbox 1908 1090 3525 1167; baseline 0.001 -23"><span class='ocrx_word' id='word_1_157' title='bbox 1908 1090 2075 1145; x_wconf 87' lang='lat' dir='ltr'><strong>tutior</strong></span> <span class='ocrx_word' id='word_1_158' title='bbox 2132 1090 2198 1144; x_wconf 90' lang='lat' dir='ltr'><strong>ab</strong></span> <span class='ocrx_word' id='word_1_159' title='bbox 2234 1091 2502 1144; x_wconf 80' lang='lat' dir='ltr'><strong>lleriberti</strong></span> <span class='ocrx_word' id='word_1_160' title='bbox 2536 1090 2798 1145; x_wconf 77' lang='lat' dir='ltr'><strong>fidelibus</strong></span> <span class='ocrx_word' id='word_1_161' title='bbox 2836 1093 3123 1146; x_wconf 89' lang='lat' dir='ltr'><strong>retinetur.</strong></span> <span class='ocrx_word' id='word_1_162' title='bbox 3168 1095 3231 1147; x_wconf 84' lang='lat' dir='ltr'><strong>At</strong></span> <span class='ocrx_word' id='word_1_163' title='bbox 3262 1093 3429 1167; x_wconf 89' lang='lat' dir='ltr'><strong>regiis</strong></span> <span class='ocrx_word' id='word_1_164' title='bbox 3458 1093 3525 1127; x_wconf 72' lang='lat'><strong>39“</strong></span> 
     </span>
    </p>
   </div>
   <div class='ocr_carea' id='block_1_27' title="bbox 1906 1180 3527 1251">
    <p class='ocr_par' dir='ltr' id='par_1_27' title="bbox 1906 1180 3527 1251">
     <span class='ocr_line' id='line_1_27' title="bbox 1906 1180 3527 1251; baseline 0.002 -18"><span class='ocrx_word' id='word_1_165' title='bbox 1906 1180 2175 1235; x_wconf 90' lang='lat' dir='ltr'><strong>militibus</strong></span> <span class='ocrx_word' id='word_1_166' title='bbox 2199 1180 2606 1248; x_wconf 85' lang='lat' dir='ltr'><strong>insistentibus,</strong></span> <span class='ocrx_word' id='word_1_167' title='bbox 2627 1195 2736 1235; x_wconf 91' lang='lat' dir='ltr'><strong>non</strong></span> <span class='ocrx_word' id='word_1_168' title='bbox 2751 1182 2923 1235; x_wconf 88' lang='lat' dir='ltr'><strong>multo</strong></span> <span class='ocrx_word' id='word_1_169' title='bbox 2939 1188 3061 1251; x_wconf 90' lang='lat' dir='ltr'><strong>post</strong></span> <span class='ocrx_word' id='word_1_170' title='bbox 3076 1182 3299 1235; x_wconf 89' lang='lat' dir='ltr'><strong>obsides</strong></span> <span class='ocrx_word' id='word_1_171' title='bbox 3319 1182 3527 1237; x_wconf 91' lang='lat' dir='ltr'><strong>dedunt</strong></span> 
     </span>
    </p>
   </div>
   <div class='ocr_carea' id='block_1_28' title="bbox 1909 1275 3528 1346">
    <p class='ocr_par' dir='ltr' id='par_1_28' title="bbox 1909 1275 3528 1346">
     <span class='ocr_line' id='line_1_28' title="bbox 1909 1275 3528 1346; baseline -0.001 -16"><span class='ocrx_word' id='word_1_172' title='bbox 1909 1283 1962 1330; x_wconf 91' lang='lat' dir='ltr'><strong>et</strong></span> <span class='ocrx_word' id='word_1_173' title='bbox 1988 1275 2055 1328; x_wconf 88' lang='lat' dir='ltr'><strong>ab</strong></span> <span class='ocrx_word' id='word_1_174' title='bbox 2078 1275 2370 1330; x_wconf 89' lang='lat' dir='ltr'><strong>obsidione</strong></span> <span class='ocrx_word' id='word_1_175' title='bbox 2402 1276 2720 1330; x_wconf 89' lang='lat' dir='ltr'><strong>disceditur.</strong></span> <span class='ocrx_word' id='word_1_176' title='bbox 2758 1276 2941 1329; x_wconf 84' lang='lat' dir='ltr'><strong>Remis</strong></span> <span class='ocrx_word' id='word_1_177' title='bbox 2968 1275 3022 1329; x_wconf 89' lang='lat' dir='ltr'><strong>in</strong></span> <span class='ocrx_word' id='word_1_178' title='bbox 3053 1275 3316 1346; x_wconf 61' lang='lat' dir='ltr'><strong>jecclesize</strong></span> <span class='ocrx_word' id='word_1_179' title='bbox 3356 1277 3528 1330; x_wconf 61' lang='lat' dir='ltr'><strong>beatae</strong></span> 
     </span>
    </p>
   </div>
   <div class='ocr_carea' id='block_1_29' title="bbox 1908 1368 3525 1440">
    <p class='ocr_par' dir='ltr' id='par_1_29' title="bbox 1908 1368 3525 1440">
     <span class='ocr_line' id='line_1_29' title="bbox 1908 1368 3525 1440; baseline 0.001 -19"><span class='ocrx_word' id='word_1_180' title='bbox 1908 1368 2003 1421; x_wconf 91' lang='lat' dir='ltr'><strong>Dei</strong></span> <span class='ocrx_word' id='word_1_181' title='bbox 2036 1368 2104 1401; x_wconf 77' lang='lat'><strong>‘0&quot;</strong></span> <span class='ocrx_word' id='word_1_182' title='bbox 2126 1368 2415 1440; x_wconf 80' lang='lat' dir='ltr'><strong>genitricis</strong></span> <span class='ocrx_word' id='word_1_183' title='bbox 2435 1368 2613 1422; x_wconf 70' lang='lat' dir='ltr'><strong>Maria)</strong></span> <span class='ocrx_word' id='word_1_184' title='bbox 2632 1369 2983 1423; x_wconf 89' lang='lat' dir='ltr'><strong>solemnitate</strong></span> <span class='ocrx_word' id='word_1_185' title='bbox 3005 1368 3443 1423; x_wconf 89' lang='lat' dir='ltr'><strong>annuntiationis</strong></span> <span class='ocrx_word' id='word_1_186' title='bbox 3464 1369 3525 1402; x_wconf 69' lang='lat'><strong>‘0‘</strong></span> 
     </span>
    </p>
   </div>
   <div class='ocr_carea' id='block_1_30' title="bbox 1910 1462 3530 1532">
    <p class='ocr_par' dir='ltr' id='par_1_30' title="bbox 1910 1462 3530 1532">
     <span class='ocr_line' id='line_1_30' title="bbox 1910 1462 3530 1532; baseline 0.001 -17"><span class='ocrx_word' id='word_1_187' title='bbox 1910 1462 2146 1527; x_wconf 91' lang='lat' dir='ltr'><strong>Domini,</strong></span> <span class='ocrx_word' id='word_1_188' title='bbox 2203 1463 2331 1516; x_wconf 91' lang='lat' dir='ltr'><strong>dum</strong></span> <span class='ocrx_word' id='word_1_189' title='bbox 2365 1479 2517 1517; x_wconf 90' lang='lat' dir='ltr'><strong>sacra</strong></span> <span class='ocrx_word' id='word_1_190' title='bbox 2570 1464 2637 1496; x_wconf 63' lang='lat'><strong>‘0’</strong></span> <span class='ocrx_word' id='word_1_191' title='bbox 2684 1462 2973 1516; x_wconf 90' lang='lat' dir='ltr'><strong>missarum</strong></span> <span class='ocrx_word' id='word_1_192' title='bbox 3008 1463 3075 1515; x_wconf 89' lang='lat' dir='ltr'><strong>ab</strong></span> <span class='ocrx_word' id='word_1_193' title='bbox 3120 1462 3342 1517; x_wconf 81' lang='lat' dir='ltr'><strong>Artoldo</strong></span> <span class='ocrx_word' id='word_1_194' title='bbox 3391 1477 3530 1532; x_wconf 75' lang='lat' dir='ltr'><strong>pra:-</strong></span> 
     </span>
    </p>
   </div>
   <div class='ocr_carea' id='block_1_31' title="bbox 1909 1552 3533 1625">
    <p class='ocr_par' dir='ltr' id='par_1_31' title="bbox 1909 1552 3533 1625">
     <span class='ocr_line' id='line_1_31' title="bbox 1909 1552 3533 1625; baseline -0.001 -18"><span class='ocrx_word' id='word_1_195' title='bbox 1909 1554 2029 1608; x_wconf 90' lang='lat' dir='ltr'><strong>sule</strong></span> <span class='ocrx_word' id='word_1_196' title='bbox 2057 1554 2192 1607; x_wconf 91' lang='lat' dir='ltr'><strong>inibi</strong></span> <span class='ocrx_word' id='word_1_197' title='bbox 2224 1555 2661 1621; x_wconf 80' lang='lat' dir='ltr'><strong>celebrarentur,</strong></span> <span class='ocrx_word' id='word_1_198' title='bbox 2697 1555 2920 1625; x_wconf 91' lang='lat' dir='ltr'><strong>quidam</strong></span> <span class='ocrx_word' id='word_1_199' title='bbox 2958 1553 3201 1621; x_wconf 81' lang='lat' dir='ltr'><strong>juvenis,</strong></span> <span class='ocrx_word' id='word_1_200' title='bbox 3236 1552 3533 1607; x_wconf 86' lang='lat' dir='ltr'><strong>contractis</strong></span> 
     </span>
    </p>
   </div>
   <div class='ocr_carea' id='block_1_32' title="bbox 1912 1645 3533 1719">
    <p class='ocr_par' dir='ltr' id='par_1_32' title="bbox 1912 1645 3533 1719">
     <span class='ocr_line' id='line_1_32' title="bbox 1912 1645 3533 1719; baseline -0.001 -21"><span class='ocrx_word' id='word_1_201' title='bbox 1912 1646 2183 1715; x_wconf 89' lang='lat' dir='ltr'><strong>poplitum</strong></span> <span class='ocrx_word' id='word_1_202' title='bbox 2227 1646 2431 1711; x_wconf 89' lang='lat' dir='ltr'><strong>nervis,</strong></span> <span class='ocrx_word' id='word_1_203' title='bbox 2466 1661 2661 1716; x_wconf 89' lang='lat' dir='ltr'><strong>repere</strong></span> <span class='ocrx_word' id='word_1_204' title='bbox 2721 1646 2936 1709; x_wconf 83' lang='lat' dir='ltr'><strong>solitus,</strong></span> <span class='ocrx_word' id='word_1_205' title='bbox 2971 1654 3216 1719; x_wconf 86' lang='lat' dir='ltr'><strong>repente</strong></span> <span class='ocrx_word' id='word_1_206' title='bbox 3275 1645 3533 1699; x_wconf 89' lang='lat' dir='ltr'><strong>resolutis</strong></span> 
     </span>
    </p>
   </div>
   <div class='ocr_carea' id='block_1_33' title="bbox 182 1718 1810 1813">
    <p class='ocr_par' dir='ltr' id='par_1_33' title="bbox 182 1718 1808 1795">
     <span class='ocr_line' id='line_1_33' title="bbox 182 1718 1808 1795; baseline 0 -22"><span class='ocrx_word' id='word_1_207' title='bbox 182 1721 297 1785; x_wconf 89' lang='lat' dir='ltr'><strong>lud,</strong></span> <span class='ocrx_word' id='word_1_208' title='bbox 356 1720 561 1795; x_wconf 66' lang='lat' dir='ltr'><strong>regina:</strong></span> <span class='ocrx_word' id='word_1_209' title='bbox 597 1719 797 1773; x_wconf 61' lang='lat' dir='ltr'><strong>Emma‘</strong></span> <span class='ocrx_word' id='word_1_210' title='bbox 826 1736 885 1773; x_wconf 90' lang='lat' dir='ltr'><strong>se</strong></span> <span class='ocrx_word' id='word_1_211' title='bbox 934 1719 1224 1784; x_wconf 91' lang='lat' dir='ltr'><strong>commitit,</strong></span> <span class='ocrx_word' id='word_1_212' title='bbox 1281 1719 1643 1789; x_wconf 89' lang='lat' dir='ltr'><strong>ejusdemque</strong></span> <span class='ocrx_word' id='word_1_213' title='bbox 1678 1718 1808 1773; x_wconf 81' lang='lat' dir='ltr'><strong>fidei</strong></span> 
     </span>
    </p>
   </div>
   <div class='ocr_carea' id='block_1_34' title="bbox 1917 1718 3529 1813">
    <p class='ocr_par' dir='ltr' id='par_1_34' title="bbox 1917 1739 3529 1813">
     <span class='ocr_line' id='line_1_34' title="bbox 1917 1739 3529 1813; baseline 0.001 -21"><span class='ocrx_word' id='word_1_214' title='bbox 1917 1740 2447 1811; x_wconf 78' lang='lat' dir='ltr'><strong>extendentibusque</strong></span> <span class='ocrx_word' id='word_1_215' title='bbox 2460 1756 2518 1795; x_wconf 88' lang='lat' dir='ltr'><strong>se</strong></span> <span class='ocrx_word' id='word_1_216' title='bbox 2530 1757 2772 1813; x_wconf 89' lang='lat' dir='ltr'><strong>genuum</strong></span> <span class='ocrx_word' id='word_1_217' title='bbox 2800 1755 2890 1793; x_wconf 90' lang='lat' dir='ltr'><strong>cru</strong></span> <span class='ocrx_word' id='word_1_218' title='bbox 2902 1756 3131 1810; x_wconf 88' lang='lat' dir='ltr'><strong>rumque</strong></span> <span class='ocrx_word' id='word_1_219' title='bbox 3146 1739 3529 1811; x_wconf 81' lang='lat' dir='ltr'><strong>compagibus,</strong></span> 
     </span>
    </p>
   </div>
   <div class='ocr_carea' id='block_1_35' title="bbox 180 1808 1800 1880">
    <p class='ocr_par' dir='ltr' id='par_1_35' title="bbox 180 1808 1800 1880">
     <span class='ocr_line' id='line_1_35' title="bbox 180 1808 1800 1880; baseline -0.003 -13"><span class='ocrx_word' id='word_1_220' title='bbox 180 1810 266 1867; x_wconf 80' lang='lat' dir='ltr'><strong>vel</strong></span> <span class='ocrx_word' id='word_1_221' title='bbox 298 1808 599 1880; x_wconf 86' lang='lat' dir='ltr'><strong>provisioni</strong></span> <span class='ocrx_word' id='word_1_222' title='bbox 635 1816 870 1862; x_wconf 89' lang='lat' dir='ltr'><strong>castrum</strong></span> <span class='ocrx_word' id='word_1_223' title='bbox 904 1808 1213 1862; x_wconf 90' lang='lat' dir='ltr'><strong>dimittitur.</strong></span> <span class='ocrx_word' id='word_1_224' title='bbox 1246 1808 1553 1862; x_wconf 83' lang='lat' dir='ltr'><strong>Waldricus</strong></span> <span class='ocrx_word' id='word_1_225' title='bbox 1578 1808 1800 1878; x_wconf 89' lang='lat' dir='ltr'><strong>episco-</strong></span> 
     </span>
    </p>
   </div>
   <div class='ocr_carea' id='block_1_36' title="bbox 185 1894 1807 1973">
    <p class='ocr_par' dir='ltr' id='par_1_36' title="bbox 185 1894 1807 1973">
     <span class='ocr_line' id='line_1_36' title="bbox 185 1894 1807 1973; baseline -0.004 -18"><span class='ocrx_word' id='word_1_226' title='bbox 185 1916 291 1973; x_wconf 86' lang='lat' dir='ltr'><strong>pus</strong></span> <span class='ocrx_word' id='word_1_227' title='bbox 315 1896 788 1952; x_wconf 86' lang='lat' dir='ltr'><strong>Antisioderensis</strong></span> <span class='ocrx_word' id='word_1_228' title='bbox 817 1896 907 1962; x_wconf 75' lang='grc'><strong>³⁸⁷,</strong></span> <span class='ocrx_word' id='word_1_229' title='bbox 945 1894 1104 1959; x_wconf 91' lang='lat' dir='ltr'><strong>obiit,</strong></span> <span class='ocrx_word' id='word_1_230' title='bbox 1153 1902 1207 1949; x_wconf 90' lang='lat' dir='ltr'><strong>et</strong></span> <span class='ocrx_word' id='word_1_231' title='bbox 1237 1896 1418 1958; x_wconf 87' lang='lat' dir='ltr'><strong>Wido,</strong></span> <span class='ocrx_word' id='word_1_232' title='bbox 1452 1896 1700 1963; x_wconf 90' lang='lat' dir='ltr'><strong>ejusdem</strong></span> <span class='ocrx_word' id='word_1_233' title='bbox 1738 1895 1807 1929; x_wconf 78' lang='grc'><strong>³⁸⁸</strong></span> 
     </span>
    </p>
   </div>
   <div class='ocr_carea' id='block_1_37' title="bbox 188 1983 1809 2055">
    <p class='ocr_par' dir='ltr' id='par_1_37' title="bbox 188 1983 1809 2055">
     <span class='ocr_line' id='line_1_37' title="bbox 188 1983 1809 2055; baseline -0.004 -12"><span class='ocrx_word' id='word_1_234' title='bbox 188 1988 296 2044; x_wconf 85' lang='lat' dir='ltr'><strong>loci</strong></span> <span class='ocrx_word' id='word_1_235' title='bbox 330 1984 772 2050; x_wconf 87' lang='lat' dir='ltr'><strong>archidiaconus,</strong></span> <span class='ocrx_word' id='word_1_236' title='bbox 805 1984 1149 2055; x_wconf 86' lang='lat' dir='ltr'><strong>episcopium</strong></span> <span class='ocrx_word' id='word_1_237' title='bbox 1173 1984 1518 2054; x_wconf 86' lang='lat' dir='ltr'><strong>adipiscitur.</strong></span> <span class='ocrx_word' id='word_1_238' title='bbox 1550 1983 1809 2053; x_wconf 88' lang='lat' dir='ltr'><strong>Synodus</strong></span> 
     </span>
    </p>
   </div>
   <div class='ocr_carea' id='block_1_38' title="bbox 188 2076 1808 2147">
    <p class='ocr_par' dir='ltr' id='par_1_38' title="bbox 188 2076 1808 2147">
     <span class='ocr_line' id='line_1_38' title="bbox 188 2076 1808 2147; baseline -0.004 -12"><span class='ocrx_word' id='word_1_239' title='bbox 188 2082 333 2135; x_wconf 87' lang='lat' dir='ltr'><strong>inter</strong></span> <span class='ocrx_word' id='word_1_240' title='bbox 370 2076 740 2133; x_wconf 90' lang='lat' dir='ltr'><strong>obsidendum</strong></span> <span class='ocrx_word' id='word_1_241' title='bbox 774 2076 1093 2146; x_wconf 68' lang='lat' dir='ltr'><strong>praedictum</strong></span> <span class='ocrx_word' id='word_1_242' title='bbox 1131 2076 1449 2147; x_wconf 55' lang='lat' dir='ltr'><strong>praesidium</strong></span> <span class='ocrx_word' id='word_1_243' title='bbox 1478 2076 1808 2142; x_wconf 87' lang='lat' dir='ltr'><strong>celebratur,</strong></span> 
     </span>
    </p>
   </div>
   <div class='ocr_carea' id='block_1_39' title="bbox 189 2168 1814 2247">
    <p class='ocr_par' dir='ltr' id='par_1_39' title="bbox 189 2168 1814 2247">
     <span class='ocr_line' id='line_1_39' title="bbox 189 2168 1814 2247; baseline -0.004 -19"><span class='ocrx_word' id='word_1_244' title='bbox 189 2172 540 2247; x_wconf 82' lang='lat' dir='ltr'><strong>congregatis</strong></span> <span class='ocrx_word' id='word_1_245' title='bbox 567 2168 850 2227; x_wconf 90' lang='lat' dir='ltr'><strong>nonnullis</strong></span> <span class='ocrx_word' id='word_1_246' title='bbox 874 2168 1110 2222; x_wconf 69' lang='lat' dir='ltr'><strong>Francia:</strong></span> <span class='ocrx_word' id='word_1_247' title='bbox 1140 2168 1225 2222; x_wconf 90' lang='lat' dir='ltr'><strong>vel</strong></span> <span class='ocrx_word' id='word_1_248' title='bbox 1252 2169 1585 2243; x_wconf 66' lang='lat' dir='ltr'><strong>Burgundiae</strong></span> <span class='ocrx_word' id='word_1_249' title='bbox 1616 2184 1814 2239; x_wconf 60' lang='lat' dir='ltr'><strong>prtesu-</strong></span> 
     </span>
    </p>
   </div>
   <div class='ocr_carea' id='block_1_40' title="bbox 186 2261 1815 2335">
    <p class='ocr_par' dir='ltr' id='par_1_40' title="bbox 186 2261 1815 2335">
     <span class='ocr_line' id='line_1_40' title="bbox 186 2261 1815 2335; baseline -0.004 -15"><span class='ocrx_word' id='word_1_250' title='bbox 186 2267 356 2334; x_wconf 90' lang='lat' dir='ltr'><strong>libus,</strong></span> <span class='ocrx_word' id='word_1_251' title='bbox 410 2264 497 2319; x_wconf 90' lang='lat' dir='ltr'><strong>cui</strong></span> <span class='ocrx_word' id='word_1_252' title='bbox 549 2262 930 2335; x_wconf 70' lang='lat' dir='ltr'><strong>praesederunt</strong></span> <span class='ocrx_word' id='word_1_253' title='bbox 978 2261 1217 2316; x_wconf 91' lang='lat' dir='ltr'><strong>domnus</strong></span> <span class='ocrx_word' id='word_1_254' title='bbox 1273 2261 1528 2316; x_wconf 82' lang='lat' dir='ltr'><strong>Artoldus</strong></span> <span class='ocrx_word' id='word_1_255' title='bbox 1588 2261 1815 2315; x_wconf 90' lang='lat' dir='ltr'><strong>antistes</strong></span> 
     </span>
    </p>
   </div>
   <div class='ocr_carea' id='block_1_41' title="bbox 189 2356 1811 2427">
    <p class='ocr_par' dir='ltr' id='par_1_41' title="bbox 189 2356 1811 2427">
     <span class='ocr_line' id='line_1_41' title="bbox 189 2356 1811 2427; baseline -0.002 -14"><span class='ocrx_word' id='word_1_256' title='bbox 189 2360 507 2426; x_wconf 85' lang='lat' dir='ltr'><strong>Remorum,</strong></span> <span class='ocrx_word' id='word_1_257' title='bbox 540 2367 595 2415; x_wconf 92' lang='lat' dir='ltr'><strong>et</strong></span> <span class='ocrx_word' id='word_1_258' title='bbox 623 2360 859 2413; x_wconf 92' lang='lat' dir='ltr'><strong>domnus</strong></span> <span class='ocrx_word' id='word_1_259' title='bbox 909 2358 1170 2412; x_wconf 89' lang='lat' dir='ltr'><strong>Teutolus</strong></span> <span class='ocrx_word' id='word_1_260' title='bbox 1198 2358 1267 2392; x_wconf 70' lang='lat'><strong>3”</strong></span> <span class='ocrx_word' id='word_1_261' title='bbox 1310 2356 1647 2412; x_wconf 88' lang='lat' dir='ltr'><strong>Turonensis</strong></span> <span class='ocrx_word' id='word_1_262' title='bbox 1695 2356 1811 2427; x_wconf 88' lang='lat' dir='ltr'><strong>epi-</strong></span> 
     </span>
    </p>
   </div>
   <div class='ocr_carea' id='block_1_42' title="bbox 186 2450 1807 2524">
    <p class='ocr_par' dir='ltr' id='par_1_42' title="bbox 186 2450 1807 2524">
     <span class='ocr_line' id='line_1_42' title="bbox 186 2450 1807 2524; baseline -0.003 -14"><span class='ocrx_word' id='word_1_263' title='bbox 186 2470 407 2523; x_wconf 84' lang='lat' dir='ltr'><strong>scopus.</strong></span> <span class='ocrx_word' id='word_1_264' title='bbox 436 2453 585 2507; x_wconf 89' lang='lat' dir='ltr'><strong>Tunc</strong></span> <span class='ocrx_word' id='word_1_265' title='bbox 624 2467 844 2523; x_wconf 90' lang='lat' dir='ltr'><strong>quoque</strong></span> <span class='ocrx_word' id='word_1_266' title='bbox 876 2451 1114 2506; x_wconf 89' lang='lat' dir='ltr'><strong>domnus</strong></span> <span class='ocrx_word' id='word_1_267' title='bbox 1144 2450 1402 2505; x_wconf 86' lang='lat' dir='ltr'><strong>Artoldus</strong></span> <span class='ocrx_word' id='word_1_268' title='bbox 1434 2450 1807 2524; x_wconf 84' lang='lat' dir='ltr'><strong>Hildegarium</strong></span> 
     </span>
    </p>
   </div>
   <div class='ocr_carea' id='block_1_43' title="bbox 188 2548 1425 2620">
    <p class='ocr_par' dir='ltr' id='par_1_43' title="bbox 188 2548 1425 2620">
     <span class='ocr_line' id='line_1_43' title="bbox 188 2548 1425 2620; baseline -0.005 -13"><span class='ocrx_word' id='word_1_269' title='bbox 188 2552 409 2608; x_wconf 89' lang='lat' dir='ltr'><strong>ordinat</strong></span> <span class='ocrx_word' id='word_1_270' title='bbox 439 2551 507 2584; x_wconf 75' lang='lat'><strong>39°</strong></span> <span class='ocrx_word' id='word_1_271' title='bbox 534 2550 852 2620; x_wconf 89' lang='lat' dir='ltr'><strong>episc0pum</strong></span> <span class='ocrx_word' id='word_1_272' title='bbox 881 2549 1035 2602; x_wconf 86' lang='lat' dir='ltr'><strong>urbis</strong></span> <span class='ocrx_word' id='word_1_273' title='bbox 1059 2548 1425 2603; x_wconf 85' lang='lat' dir='ltr'><strong>Delvacensis.</strong></span> 
     </span>
    </p>
   </div>
   <div class='ocr_carea' id='block_1_44' title="bbox 261 2640 1804 2711">
    <p class='ocr_par' dir='ltr' id='par_1_44' title="bbox 261 2640 1804 2711">
     <span class='ocr_line' id='line_1_44' title="bbox 261 2640 1804 2711; baseline -0.001 -13"><span class='ocrx_word' id='word_1_274' title='bbox 261 2643 375 2698; x_wconf 93' lang='lat' dir='ltr'><strong>Odo</strong></span> <span class='ocrx_word' id='word_1_275' title='bbox 412 2640 558 2696; x_wconf 85' lang='lat' dir='ltr'><strong>filius</strong></span> <span class='ocrx_word' id='word_1_276' title='bbox 611 2641 875 2696; x_wconf 85' lang='lat' dir='ltr'><strong>Heriberti</strong></span> <span class='ocrx_word' id='word_1_277' title='bbox 913 2640 1196 2695; x_wconf 85' lang='lat' dir='ltr'><strong>Hammum</strong></span> <span class='ocrx_word' id='word_1_278' title='bbox 1230 2641 1545 2711; x_wconf 64' lang='lat' dir='ltr'><strong>przesidium</strong></span> <span class='ocrx_word' id='word_1_279' title='bbox 1586 2649 1804 2708; x_wconf 85' lang='lat' dir='ltr'><strong>tenens,</strong></span> 
     </span>
    </p>
   </div>
   <div class='ocr_carea' id='block_1_45' title="bbox 191 2734 1804 2811">
    <p class='ocr_par' dir='ltr' id='par_1_45' title="bbox 191 2734 1804 2811">
     <span class='ocr_line' id='line_1_45' title="bbox 191 2734 1804 2811; baseline -0.001 -22"><span class='ocrx_word' id='word_1_280' title='bbox 191 2753 391 2811; x_wconf 82' lang='lat' dir='ltr'><strong>pagum</strong></span> <span class='ocrx_word' id='word_1_281' title='bbox 419 2735 805 2789; x_wconf 80' lang='lat' dir='ltr'><strong>Suessonicum</strong></span> <span class='ocrx_word' id='word_1_282' title='bbox 836 2741 999 2804; x_wconf 90' lang='lat' dir='ltr'><strong>atque</strong></span> <span class='ocrx_word' id='word_1_283' title='bbox 1028 2734 1448 2788; x_wconf 86' lang='lat' dir='ltr'><strong>Noviomensem</strong></span> <span class='ocrx_word' id='word_1_284' title='bbox 1481 2735 1679 2803; x_wconf 70' lang='lat' dir='ltr'><strong>przcdis</strong></span> <span class='ocrx_word' id='word_1_285' title='bbox 1712 2734 1804 2787; x_wconf 90' lang='lat' dir='ltr'><strong>in-</strong></span> 
     </span>
    </p>
   </div>
   <div class='ocr_carea' id='block_1_46' title="bbox 188 2824 1819 2896">
    <p class='ocr_par' dir='ltr' id='par_1_46' title="bbox 188 2824 1819 2896">
     <span class='ocr_line' id='line_1_46' title="bbox 188 2824 1819 2896; baseline -0.003 -12"><span class='ocrx_word' id='word_1_286' title='bbox 188 2828 515 2895; x_wconf 89' lang='lat' dir='ltr'><strong>cendiisque</strong></span> <span class='ocrx_word' id='word_1_287' title='bbox 548 2824 791 2896; x_wconf 88' lang='lat' dir='ltr'><strong>proterit.</strong></span> <span class='ocrx_word' id='word_1_288' title='bbox 837 2824 1173 2890; x_wconf 83' lang='lat' dir='ltr'><strong>lleribertus,</strong></span> <span class='ocrx_word' id='word_1_289' title='bbox 1209 2832 1364 2895; x_wconf 91' lang='lat' dir='ltr'><strong>pater</strong></span> <span class='ocrx_word' id='word_1_290' title='bbox 1406 2825 1549 2893; x_wconf 84' lang='lat' dir='ltr'><strong>ejus,</strong></span> <span class='ocrx_word' id='word_1_291' title='bbox 1592 2826 1658 2879; x_wconf 90' lang='lat' dir='ltr'><strong>ad</strong></span> <span class='ocrx_word' id='word_1_292' title='bbox 1691 2842 1819 2879; x_wconf 81' lang='lat' dir='ltr'><strong>san-</strong></span> 
     </span>
    </p>
   </div>
   <div class='ocr_carea' id='block_1_47' title="bbox 188 2915 1812 2987">
    <p class='ocr_par' dir='ltr' id='par_1_47' title="bbox 188 2915 1812 2987">
     <span class='ocr_line' id='line_1_47' title="bbox 188 2915 1812 2987; baseline -0.003 -12"><span class='ocrx_word' id='word_1_293' title='bbox 188 2928 339 2975; x_wconf 91' lang='lat' dir='ltr'><strong>ctum</strong></span> <span class='ocrx_word' id='word_1_294' title='bbox 389 2917 703 2981; x_wconf 89' lang='lat' dir='ltr'><strong>Quintinum</strong></span> <span class='ocrx_word' id='word_1_295' title='bbox 737 2916 876 2971; x_wconf 90' lang='lat' dir='ltr'><strong>clam</strong></span> <span class='ocrx_word' id='word_1_296' title='bbox 916 2915 1170 2982; x_wconf 90' lang='lat' dir='ltr'><strong>veniens,</strong></span> <span class='ocrx_word' id='word_1_297' title='bbox 1212 2915 1374 2969; x_wconf 89' lang='lat' dir='ltr'><strong>tertia</strong></span> <span class='ocrx_word' id='word_1_298' title='bbox 1406 2917 1495 2970; x_wconf 91' lang='lat' dir='ltr'><strong>die</strong></span> <span class='ocrx_word' id='word_1_299' title='bbox 1525 2927 1812 2987; x_wconf 88' lang='lat' dir='ltr'><strong>postquam</strong></span> 
     </span>
    </p>
   </div>
   <div class='ocr_carea' id='block_1_48' title="bbox 187 3006 1813 3078">
    <p class='ocr_par' dir='ltr' id='par_1_48' title="bbox 187 3006 1813 3078">
     <span class='ocr_line' id='line_1_48' title="bbox 187 3006 1813 3078; baseline -0.002 -14"><span class='ocrx_word' id='word_1_300' title='bbox 187 3010 361 3074; x_wconf 81' lang='lat' dir='ltr'><strong>venit,</strong></span> <span class='ocrx_word' id='word_1_301' title='bbox 392 3014 625 3063; x_wconf 90' lang='lat' dir='ltr'><strong>castrum</strong></span> <span class='ocrx_word' id='word_1_302' title='bbox 656 3006 953 3078; x_wconf 81' lang='lat' dir='ltr'><strong>pugnando</strong></span> <span class='ocrx_word' id='word_1_303' title='bbox 985 3006 1150 3076; x_wconf 88' lang='lat' dir='ltr'><strong>cepit,</strong></span> <span class='ocrx_word' id='word_1_304' title='bbox 1182 3006 1475 3076; x_wconf 86' lang='lat' dir='ltr'><strong>oppidanis</strong></span> <span class='ocrx_word' id='word_1_305' title='bbox 1504 3023 1612 3061; x_wconf 91' lang='lat' dir='ltr'><strong>non</strong></span> <span class='ocrx_word' id='word_1_306' title='bbox 1647 3024 1813 3077; x_wconf 90' lang='lat' dir='ltr'><strong>repu-</strong></span> 
     </span>
    </p>
   </div>
   <div class='ocr_carea' id='block_1_49' title="bbox 188 3102 1808 3179">
    <p class='ocr_par' dir='ltr' id='par_1_49' title="bbox 188 3102 1808 3179">
     <span class='ocr_line' id='line_1_49' title="bbox 188 3102 1808 3179; baseline -0.002 -19"><span class='ocrx_word' id='word_1_307' title='bbox 188 3104 657 3179; x_wconf 84' lang='lat' dir='ltr'><strong>gnantibus,solis</strong></span> <span class='ocrx_word' id='word_1_308' title='bbox 686 3111 894 3158; x_wconf 89' lang='lat' dir='ltr'><strong>tantum</strong></span> <span class='ocrx_word' id='word_1_309' title='bbox 923 3102 1245 3159; x_wconf 89' lang='lat' dir='ltr'><strong>custodibus</strong></span> <span class='ocrx_word' id='word_1_310' title='bbox 1276 3104 1519 3177; x_wconf 86' lang='lat' dir='ltr'><strong>llugonis</strong></span> <span class='ocrx_word' id='word_1_311' title='bbox 1546 3104 1808 3159; x_wconf 74' lang='lat' dir='ltr'><strong>obniten-</strong></span> 
     </span>
    </p>
   </div>
   <div class='ocr_carea' id='block_1_50' title="bbox 190 3195 1824 3267">
    <p class='ocr_par' dir='ltr' id='par_1_50' title="bbox 190 3195 1824 3267">
     <span class='ocr_line' id='line_1_50' title="bbox 190 3195 1824 3267; baseline -0.003 -13"><span class='ocrx_word' id='word_1_312' title='bbox 190 3201 373 3263; x_wconf 89' lang='lat' dir='ltr'><strong>tibus;</strong></span> <span class='ocrx_word' id='word_1_313' title='bbox 424 3213 563 3267; x_wconf 91' lang='lat' dir='ltr'><strong>quos</strong></span> <span class='ocrx_word' id='word_1_314' title='bbox 592 3195 819 3266; x_wconf 90' lang='lat' dir='ltr'><strong>capiens</strong></span> <span class='ocrx_word' id='word_1_315' title='bbox 874 3197 1210 3264; x_wconf 86' lang='lat' dir='ltr'><strong>Heribertus,</strong></span> <span class='ocrx_word' id='word_1_316' title='bbox 1260 3203 1485 3267; x_wconf 88' lang='lat' dir='ltr'><strong>accepto</strong></span> <span class='ocrx_word' id='word_1_317' title='bbox 1529 3196 1593 3229; x_wconf 71' lang='lat'><strong>39‘</strong></span> <span class='ocrx_word' id='word_1_318' title='bbox 1646 3196 1714 3249; x_wconf 89' lang='lat' dir='ltr'><strong>ab</strong></span> <span class='ocrx_word' id='word_1_319' title='bbox 1745 3195 1824 3249; x_wconf 69' lang='lat' dir='ltr'><strong>eis</strong></span> 
     </span>
    </p>
   </div>
   <div class='ocr_carea' id='block_1_51' title="bbox 190 3286 1823 3355">
    <p class='ocr_par' dir='ltr' id='par_1_51' title="bbox 190 3286 1823 3355">
     <span class='ocr_line' id='line_1_51' title="bbox 190 3286 1823 3355; baseline -0.004 -9"><span class='ocrx_word' id='word_1_320' title='bbox 190 3296 561 3351; x_wconf 86' lang='lat' dir='ltr'><strong>sacramento,</strong></span> <span class='ocrx_word' id='word_1_321' title='bbox 591 3286 800 3341; x_wconf 90' lang='lat' dir='ltr'><strong>dimisit</strong></span> <span class='ocrx_word' id='word_1_322' title='bbox 829 3286 927 3352; x_wconf 92' lang='lat' dir='ltr'><strong>ibi,</strong></span> <span class='ocrx_word' id='word_1_323' title='bbox 959 3287 1164 3341; x_wconf 88' lang='lat' dir='ltr'><strong>relictis</strong></span> <span class='ocrx_word' id='word_1_324' title='bbox 1195 3288 1360 3343; x_wconf 89' lang='lat' dir='ltr'><strong>etiam</strong></span> <span class='ocrx_word' id='word_1_325' title='bbox 1389 3304 1452 3342; x_wconf 91' lang='lat' dir='ltr'><strong>ex</strong></span> <span class='ocrx_word' id='word_1_326' title='bbox 1485 3287 1599 3341; x_wconf 88' lang='lat' dir='ltr'><strong>suis</strong></span> <span class='ocrx_word' id='word_1_327' title='bbox 1630 3287 1697 3340; x_wconf 91' lang='lat' dir='ltr'><strong>ad</strong></span> <span class='ocrx_word' id='word_1_328' title='bbox 1727 3302 1823 3355; x_wconf 91' lang='lat' dir='ltr'><strong>op-</strong></span> 
     </span>
    </p>
   </div>
   <div class='ocr_carea' id='block_1_52' title="bbox 191 3379 1819 3455">
    <p class='ocr_par' dir='ltr' id='par_1_52' title="bbox 191 3379 1819 3455">
     <span class='ocr_line' id='line_1_52' title="bbox 191 3379 1819 3455; baseline -0.004 -17"><span class='ocrx_word' id='word_1_329' title='bbox 191 3383 309 3455; x_wconf 92' lang='lat' dir='ltr'><strong>pidi</strong></span> <span class='ocrx_word' id='word_1_330' title='bbox 343 3382 566 3436; x_wconf 89' lang='lat' dir='ltr'><strong>tutelam</strong></span> <span class='ocrx_word' id='word_1_331' title='bbox 608 3379 991 3450; x_wconf 85' lang='lat' dir='ltr'><strong>complicibus.</strong></span> <span class='ocrx_word' id='word_1_332' title='bbox 1026 3380 1179 3443; x_wconf 90' lang='lat' dir='ltr'><strong>Quod</strong></span> <span class='ocrx_word' id='word_1_333' title='bbox 1228 3380 1460 3433; x_wconf 90' lang='lat' dir='ltr'><strong>audiens</strong></span> <span class='ocrx_word' id='word_1_334' title='bbox 1484 3380 1659 3452; x_wconf 88' lang='lat' dir='ltr'><strong>Hugo,</strong></span> <span class='ocrx_word' id='word_1_335' title='bbox 1694 3393 1819 3432; x_wconf 83' lang='lat' dir='ltr'><strong>mox</strong></span> 
     </span>
    </p>
   </div>
   <div class='ocr_carea' id='block_1_53' title="bbox 189 3470 1822 3542">
    <p class='ocr_par' dir='ltr' id='par_1_53' title="bbox 189 3470 1822 3542">
     <span class='ocr_line' id='line_1_53' title="bbox 189 3470 1822 3542; baseline -0.005 -12"><span class='ocrx_word' id='word_1_336' title='bbox 189 3473 499 3530; x_wconf 77' lang='lat' dir='ltr'><strong>adveniens</strong></span> <span class='ocrx_word' id='word_1_337' title='bbox 520 3479 753 3527; x_wconf 90' lang='lat' dir='ltr'><strong>castrum</strong></span> <span class='ocrx_word' id='word_1_338' title='bbox 787 3471 1004 3542; x_wconf 88' lang='lat' dir='ltr'><strong>recipit,</strong></span> <span class='ocrx_word' id='word_1_339' title='bbox 1040 3479 1094 3526; x_wconf 89' lang='lat' dir='ltr'><strong>et</strong></span> <span class='ocrx_word' id='word_1_340' title='bbox 1125 3471 1403 3542; x_wconf 86' lang='lat' dir='ltr'><strong>quendam</strong></span> <span class='ocrx_word' id='word_1_341' title='bbox 1437 3470 1678 3524; x_wconf 89' lang='lat' dir='ltr'><strong>nobilem</strong></span> <span class='ocrx_word' id='word_1_342' title='bbox 1710 3470 1822 3523; x_wconf 83' lang='lat' dir='ltr'><strong>cle-</strong></span> 
     </span>
    </p>
   </div>
   <div class='ocr_carea' id='block_1_54' title="bbox 190 3560 1822 3620">
    <p class='ocr_par' dir='ltr' id='par_1_54' title="bbox 190 3560 1822 3620">
     <span class='ocr_line' id='line_1_54' title="bbox 190 3560 1822 3620; baseline -0.004 0"><span class='ocrx_word' id='word_1_343' title='bbox 190 3567 367 3620; x_wconf 88' lang='lat' dir='ltr'><strong>ricum</strong></span> <span class='ocrx_word' id='word_1_344' title='bbox 416 3564 637 3619; x_wconf 90' lang='lat' dir='ltr'><strong>nomine</strong></span> <span class='ocrx_word' id='word_1_345' title='bbox 699 3563 1032 3617; x_wconf 90' lang='lat' dir='ltr'><strong>Treduinum</strong></span> <span class='ocrx_word' id='word_1_346' title='bbox 1078 3563 1147 3596; x_wconf 69' lang='grc'><strong>³9³</strong></span> <span class='ocrx_word' id='word_1_347' title='bbox 1189 3579 1252 3617; x_wconf 90' lang='lat' dir='ltr'><strong>ac</strong></span> <span class='ocrx_word' id='word_1_348' title='bbox 1306 3562 1589 3617; x_wconf 83' lang='lat' dir='ltr'><strong>Heriberto</strong></span> <span class='ocrx_word' id='word_1_349' title='bbox 1624 3561 1696 3614; x_wconf 86' lang='lat' dir='ltr'><strong>ibi</strong></span> <span class='ocrx_word' id='word_1_350' title='bbox 1754 3560 1822 3594; x_wconf 72' lang='lat'><strong>393</strong></span> 
     </span>
    </p>
   </div>
   <div class='ocr_carea' id='block_1_55' title="bbox 192 3651 1817 3726">
    <p class='ocr_par' dir='ltr' id='par_1_55' title="bbox 192 3651 1817 3726">
     <span class='ocr_line' id='line_1_55' title="bbox 192 3651 1817 3726; baseline -0.004 -15"><span class='ocrx_word' id='word_1_351' title='bbox 192 3657 484 3711; x_wconf 86' lang='lat' dir='ltr'><strong>dimissum</strong></span> <span class='ocrx_word' id='word_1_352' title='bbox 517 3655 962 3726; x_wconf 88' lang='lat' dir='ltr'><strong>apprehendens,</strong></span> <span class='ocrx_word' id='word_1_353' title='bbox 995 3655 1283 3724; x_wconf 87' lang='lat' dir='ltr'><strong>suspendit</strong></span> <span class='ocrx_word' id='word_1_354' title='bbox 1330 3654 1398 3686; x_wconf 76' lang='lat'><strong>393</strong></span> <span class='ocrx_word' id='word_1_355' title='bbox 1427 3670 1550 3708; x_wconf 90' lang='lat' dir='ltr'><strong>cum</strong></span> <span class='ocrx_word' id='word_1_356' title='bbox 1583 3651 1817 3724; x_wconf 89' lang='lat' dir='ltr'><strong>quibus-</strong></span> 
     </span>
    </p>
   </div>
   <div class='ocr_carea' id='block_1_56' title="bbox 191 3744 1815 3814">
    <p class='ocr_par' dir='ltr' id='par_1_56' title="bbox 191 3744 1815 3814">
     <span class='ocr_line' id='line_1_56' title="bbox 191 3744 1815 3814; baseline -0.004 -10"><span class='ocrx_word' id='word_1_357' title='bbox 191 3752 323 3805; x_wconf 89' lang='lat' dir='ltr'><strong>dam</strong></span> <span class='ocrx_word' id='word_1_358' title='bbox 355 3748 507 3814; x_wconf 91' lang='lat' dir='ltr'><strong>aliis;</strong></span> <span class='ocrx_word' id='word_1_359' title='bbox 548 3748 829 3802; x_wconf 83' lang='lat' dir='ltr'><strong>nonnullis</strong></span> <span class='ocrx_word' id='word_1_360' title='bbox 872 3762 1001 3802; x_wconf 91' lang='lat' dir='ltr'><strong>vero</strong></span> <span class='ocrx_word' id='word_1_361' title='bbox 1033 3747 1157 3800; x_wconf 88' lang='lat' dir='ltr'><strong>aliis</strong></span> <span class='ocrx_word' id='word_1_362' title='bbox 1185 3745 1432 3801; x_wconf 89' lang='lat' dir='ltr'><strong>membra</strong></span> <span class='ocrx_word' id='word_1_363' title='bbox 1471 3746 1685 3799; x_wconf 86' lang='lat' dir='ltr'><strong>diversa</strong></span> <span class='ocrx_word' id='word_1_364' title='bbox 1716 3744 1815 3798; x_wconf 91' lang='lat' dir='ltr'><strong>dc-</strong></span> 
     </span>
    </p>
   </div>
   <div class='ocr_carea' id='block_1_57' title="bbox 189 3838 1815 3911">
    <p class='ocr_par' dir='ltr' id='par_1_57' title="bbox 189 3838 1815 3911">
     <span class='ocr_line' id='line_1_57' title="bbox 189 3838 1815 3911; baseline -0.004 -14"><span class='ocrx_word' id='word_1_365' title='bbox 189 3844 296 3898; x_wconf 90' lang='lat' dir='ltr'><strong>dit.</strong></span> <span class='ocrx_word' id='word_1_366' title='bbox 347 3841 592 3911; x_wconf 87' lang='lat' dir='ltr'><strong>Indeque</strong></span> <span class='ocrx_word' id='word_1_367' title='bbox 623 3840 983 3910; x_wconf 85' lang='lat' dir='ltr'><strong>proﬁciscens</strong></span> <span class='ocrx_word' id='word_1_368' title='bbox 1027 3857 1149 3895; x_wconf 91' lang='lat' dir='ltr'><strong>eum</strong></span> <span class='ocrx_word' id='word_1_369' title='bbox 1183 3840 1387 3895; x_wconf 92' lang='lat' dir='ltr'><strong>domno</strong></span> <span class='ocrx_word' id='word_1_370' title='bbox 1422 3838 1647 3895; x_wconf 72' lang='lat' dir='ltr'><strong>Artoldo</strong></span> <span class='ocrx_word' id='word_1_371' title='bbox 1696 3838 1815 3909; x_wconf 91' lang='lat' dir='ltr'><strong>epi-</strong></span> 
     </span>
    </p>
   </div>
   <div class='ocr_carea' id='block_1_58' title="bbox 188 3927 1819 4005">
    <p class='ocr_par' dir='ltr' id='par_1_58' title="bbox 188 3927 1819 4005">
     <span class='ocr_line' id='line_1_58' title="bbox 188 3927 1819 4005; baseline -0.001 -20"><span class='ocrx_word' id='word_1_372' title='bbox 188 3928 772 4000; x_wconf 85' lang='lat' dir='ltr'><strong>scOpo,munitionem</strong></span> <span class='ocrx_word' id='word_1_373' title='bbox 797 3929 1018 3983; x_wconf 90' lang='lat' dir='ltr'><strong>nomine</strong></span> <span class='ocrx_word' id='word_1_374' title='bbox 1048 3930 1289 4005; x_wconf 86' lang='lat' dir='ltr'><strong>Raugam</strong></span> <span class='ocrx_word' id='word_1_375' title='bbox 1320 3930 1452 3999; x_wconf 85' lang='lat'>(69),</span> <span class='ocrx_word' id='word_1_376' title='bbox 1473 3927 1819 3983; x_wconf 88' lang='lat' dir='ltr'><strong>tradentibus</strong></span> 
     </span>
    </p>
   </div>
   <div class='ocr_carea' id='block_1_59' title="bbox 193 4019 1811 4091">
    <p class='ocr_par' dir='ltr' id='par_1_59' title="bbox 193 4019 1811 4091">
     <span class='ocr_line' id='line_1_59' title="bbox 193 4019 1811 4091; baseline -0.002 -14"><span class='ocrx_word' id='word_1_377' title='bbox 193 4038 321 4077; x_wconf 86' lang='lat' dir='ltr'><strong>eam</strong></span> <span class='ocrx_word' id='word_1_378' title='bbox 378 4021 649 4076; x_wconf 85' lang='lat' dir='ltr'><strong>Heriberti</strong></span> <span class='ocrx_word' id='word_1_379' title='bbox 706 4020 1044 4087; x_wconf 89' lang='lat' dir='ltr'><strong>custodibus,</strong></span> <span class='ocrx_word' id='word_1_380' title='bbox 1102 4021 1223 4075; x_wconf 87' lang='lat' dir='ltr'><strong>sine</strong></span> <span class='ocrx_word' id='word_1_381' title='bbox 1278 4019 1599 4075; x_wconf 80' lang='lat' dir='ltr'><strong>difficultate</strong></span> <span class='ocrx_word' id='word_1_382' title='bbox 1645 4020 1811 4091; x_wconf 89' lang='lat' dir='ltr'><strong>capit.</strong></span> 
     </span>
    </p>
   </div>
   <div class='ocr_carea' id='block_1_60' title="bbox 195 4109 1819 4182">
    <p class='ocr_par' dir='ltr' id='par_1_60' title="bbox 195 4109 1819 4182">
     <span class='ocr_line' id='line_1_60' title="bbox 195 4109 1819 4182; baseline 0 -17"><span class='ocrx_word' id='word_1_383' title='bbox 195 4113 357 4182; x_wconf 84' lang='lat' dir='ltr'><strong>llugo</strong></span> <span class='ocrx_word' id='word_1_384' title='bbox 382 4126 474 4165; x_wconf 89' lang='lat' dir='ltr'><strong>rex</strong></span> <span class='ocrx_word' id='word_1_385' title='bbox 506 4109 670 4164; x_wconf 65' lang='lat' dir='ltr'><strong>Italiae</strong></span> <span class='ocrx_word' id='word_1_386' title='bbox 703 4109 929 4164; x_wconf 84' lang='lat' dir='ltr'><strong>Romam</strong></span> <span class='ocrx_word' id='word_1_387' title='bbox 959 4110 1195 4165; x_wconf 89' lang='lat' dir='ltr'><strong>obsidet.</strong></span> <span class='ocrx_word' id='word_1_388' title='bbox 1231 4109 1292 4164; x_wconf 84' lang='lat' dir='ltr'><strong>Et</strong></span> <span class='ocrx_word' id='word_1_389' title='bbox 1331 4111 1615 4165; x_wconf 86' lang='lat' dir='ltr'><strong>Sarraceni</strong></span> <span class='ocrx_word' id='word_1_390' title='bbox 1664 4127 1819 4165; x_wconf 87' lang='lat' dir='ltr'><strong>mea-</strong></span> 
     </span>
    </p>
   </div>
   <div class='ocr_carea' id='block_1_61' title="bbox 196 4201 1818 4274">
    <p class='ocr_par' dir='ltr' id='par_1_61' title="bbox 196 4201 1818 4274">
     <span class='ocr_line' id='line_1_61' title="bbox 196 4201 1818 4274; baseline 0 -17"><span class='ocrx_word' id='word_1_391' title='bbox 196 4212 288 4257; x_wconf 90' lang='lat' dir='ltr'><strong>tus</strong></span> <span class='ocrx_word' id='word_1_392' title='bbox 316 4201 536 4272; x_wconf 84' lang='lat' dir='ltr'><strong>Alpium</strong></span> <span class='ocrx_word' id='word_1_393' title='bbox 567 4209 857 4272; x_wconf 88' lang='lat' dir='ltr'><strong>occupant,</strong></span> <span class='ocrx_word' id='word_1_394' title='bbox 889 4211 943 4257; x_wconf 91' lang='lat' dir='ltr'><strong>et</strong></span> <span class='ocrx_word' id='word_1_395' title='bbox 991 4203 1059 4236; x_wconf 66' lang='lat'><strong>395</strong></span> <span class='ocrx_word' id='word_1_396' title='bbox 1090 4202 1269 4256; x_wconf 87' lang='lat' dir='ltr'><strong>vicina</strong></span> <span class='ocrx_word' id='word_1_397' title='bbox 1298 4218 1530 4274; x_wconf 73' lang='lat' dir='ltr'><strong>quaeque</strong></span> <span class='ocrx_word' id='word_1_398' title='bbox 1559 4204 1678 4257; x_wconf 88' lang='lat' dir='ltr'><strong>loca</strong></span> <span class='ocrx_word' id='word_1_399' title='bbox 1717 4204 1818 4257; x_wconf 85' lang='lat' dir='ltr'><strong>dc-</strong></span> 
     </span>
    </p>
   </div>
   <div class='ocr_carea' id='block_1_62' title="bbox 195 4295 1817 4369">
    <p class='ocr_par' dir='ltr' id='par_1_62' title="bbox 195 4295 1817 4369">
     <span class='ocr_line' id='line_1_62' title="bbox 195 4295 1817 4369; baseline 0.003 -19"><span class='ocrx_word' id='word_1_400' title='bbox 195 4296 538 4369; x_wconf 70' lang='lat' dir='ltr'><strong>przedantur.</strong></span> <span class='ocrx_word' id='word_1_401' title='bbox 568 4295 822 4351; x_wconf 86' lang='lat' dir='ltr'><strong>Artoldus</strong></span> <span class='ocrx_word' id='word_1_402' title='bbox 851 4298 1300 4369; x_wconf 86' lang='lat' dir='ltr'><strong>archiepiscopus</strong></span> <span class='ocrx_word' id='word_1_403' title='bbox 1349 4300 1664 4355; x_wconf 88' lang='lat' dir='ltr'><strong>Fulbertum</strong></span> <span class='ocrx_word' id='word_1_404' title='bbox 1696 4300 1817 4355; x_wconf 90' lang='lat' dir='ltr'><strong>urbi</strong></span> 
     </span>
    </p>
   </div>
   <div class='ocr_carea' id='block_1_63' title="bbox 1908 1827 3533 1902">
    <p class='ocr_par' dir='ltr' id='par_1_63' title="bbox 1908 1827 3533 1902">
     <span class='ocr_line' id='line_1_63' title="bbox 1908 1827 3533 1902; baseline 0 -21"><span class='ocrx_word' id='word_1_405' title='bbox 1908 1828 2162 1902; x_wconf 86' lang='lat' dir='ltr'><strong>assurgit,</strong></span> <span class='ocrx_word' id='word_1_406' title='bbox 2219 1835 2691 1901; x_wconf 90' lang='lat' dir='ltr'><strong>reptemptatoque</strong></span> <span class='ocrx_word' id='word_1_407' title='bbox 2718 1844 2912 1897; x_wconf 81' lang='lat' dir='ltr'><strong>gressu</strong></span> <span class='ocrx_word' id='word_1_408' title='bbox 2952 1828 3065 1896; x_wconf 87' lang='lat' dir='ltr'><strong>jam</strong></span> <span class='ocrx_word' id='word_1_409' title='bbox 3098 1828 3191 1881; x_wconf 92' lang='lat' dir='ltr'><strong>diu</strong></span> <span class='ocrx_word' id='word_1_410' title='bbox 3238 1827 3411 1881; x_wconf 88' lang='lat' dir='ltr'><strong>oblita</strong></span> <span class='ocrx_word' id='word_1_411' title='bbox 3444 1844 3533 1881; x_wconf 89' lang='lat' dir='ltr'><strong>re-</strong></span> 
     </span>
    </p>
   </div>
   <div class='ocr_carea' id='block_1_64' title="bbox 1911 1920 3533 1994">
    <p class='ocr_par' dir='ltr' id='par_1_64' title="bbox 1911 1920 3533 1994">
     <span class='ocr_line' id='line_1_64' title="bbox 1911 1920 3533 1994; baseline 0.001 -21"><span class='ocrx_word' id='word_1_412' title='bbox 1911 1921 2046 1990; x_wconf 88' lang='lat' dir='ltr'><strong>petit</strong></span> <span class='ocrx_word' id='word_1_413' title='bbox 2102 1920 2171 1953; x_wconf 70' lang='grc'><strong>⁴⁰³</strong></span> <span class='ocrx_word' id='word_1_414' title='bbox 2224 1921 2475 1994; x_wconf 89' lang='lat' dir='ltr'><strong>vestigia.</strong></span> <span class='ocrx_word' id='word_1_415' title='bbox 2532 1922 2664 1976; x_wconf 87' lang='lat' dir='ltr'><strong>Item</strong></span> <span class='ocrx_word' id='word_1_416' title='bbox 2724 1921 2777 1974; x_wconf 91' lang='lat' dir='ltr'><strong>in</strong></span> <span class='ocrx_word' id='word_1_417' title='bbox 2827 1921 3077 1974; x_wconf 66' lang='lat' dir='ltr'><strong>:ecclesia</strong></span> <span class='ocrx_word' id='word_1_418' title='bbox 3137 1920 3311 1973; x_wconf 91' lang='lat' dir='ltr'><strong>sancti</strong></span> <span class='ocrx_word' id='word_1_419' title='bbox 3367 1920 3533 1974; x_wconf 82' lang='lat' dir='ltr'><strong>Hilari</strong></span> 
     </span>
    </p>
   </div>
   <div class='ocr_carea' id='block_1_65' title="bbox 1910 2011 3536 2083">
    <p class='ocr_par' dir='ltr' id='par_1_65' title="bbox 1910 2011 3536 2083">
     <span class='ocr_line' id='line_1_65' title="bbox 1910 2011 3536 2083; baseline 0.001 -18"><span class='ocrx_word' id='word_1_420' title='bbox 1910 2020 2038 2066; x_wconf 86' lang='lat' dir='ltr'><strong>ante</strong></span> <span class='ocrx_word' id='word_1_421' title='bbox 2074 2020 2283 2083; x_wconf 86' lang='lat' dir='ltr'><strong>portam</strong></span> <span class='ocrx_word' id='word_1_422' title='bbox 2342 2012 2528 2067; x_wconf 90' lang='lat' dir='ltr'><strong>Martis</strong></span> <span class='ocrx_word' id='word_1_423' title='bbox 2574 2029 2752 2067; x_wconf 40' lang='lat' dir='ltr'><strong>caicus</strong></span> <span class='ocrx_word' id='word_1_424' title='bbox 2802 2012 3023 2083; x_wconf 91' lang='lat' dir='ltr'><strong>quidam</strong></span> <span class='ocrx_word' id='word_1_425' title='bbox 3056 2012 3279 2066; x_wconf 91' lang='lat' dir='ltr'><strong>nomine</strong></span> <span class='ocrx_word' id='word_1_426' title='bbox 3338 2011 3536 2066; x_wconf 88' lang='lat' dir='ltr'><strong>Paulus</strong></span> 
     </span>
    </p>
   </div>
   <div class='ocr_carea' id='block_1_66' title="bbox 1915 2105 3535 2177">
    <p class='ocr_par' dir='ltr' id='par_1_66' title="bbox 1915 2105 3535 2177">
     <span class='ocr_line' id='line_1_66' title="bbox 1915 2105 3535 2177; baseline -0.001 -18"><span class='ocrx_word' id='word_1_427' title='bbox 1915 2107 2275 2173; x_wconf 90' lang='lat' dir='ltr'><strong>illuminatur,</strong></span> <span class='ocrx_word' id='word_1_428' title='bbox 2338 2108 2672 2162; x_wconf 89' lang='lat' dir='ltr'><strong>ammonitus</strong></span> <span class='ocrx_word' id='word_1_429' title='bbox 2738 2106 2891 2177; x_wconf 90' lang='lat' dir='ltr'><strong>prius</strong></span> <span class='ocrx_word' id='word_1_430' title='bbox 2950 2106 3004 2159; x_wconf 93' lang='lat' dir='ltr'><strong>in</strong></span> <span class='ocrx_word' id='word_1_431' title='bbox 3065 2106 3299 2171; x_wconf 89' lang='lat' dir='ltr'><strong>somnis,</strong></span> <span class='ocrx_word' id='word_1_432' title='bbox 3353 2113 3413 2159; x_wconf 93' lang='lat' dir='ltr'><strong>ut</strong></span> <span class='ocrx_word' id='word_1_433' title='bbox 3468 2105 3535 2159; x_wconf 88' lang='lat' dir='ltr'><strong>ad</strong></span> 
     </span>
    </p>
   </div>
   <div class='ocr_carea' id='block_1_67' title="bbox 1917 2196 3539 2269">
    <p class='ocr_par' dir='ltr' id='par_1_67' title="bbox 1917 2196 3539 2269">
     <span class='ocr_line' id='line_1_67' title="bbox 1917 2196 3539 2269; baseline -0.001 -19"><span class='ocrx_word' id='word_1_434' title='bbox 1917 2198 2099 2267; x_wconf 91' lang='lat' dir='ltr'><strong>ipsum</strong></span> <span class='ocrx_word' id='word_1_435' title='bbox 2130 2197 2307 2253; x_wconf 89' lang='lat' dir='ltr'><strong>locum</strong></span> <span class='ocrx_word' id='word_1_436' title='bbox 2339 2198 2551 2252; x_wconf 79' lang='lat' dir='ltr'><strong>veniret</strong></span> <span class='ocrx_word' id='word_1_437' title='bbox 2582 2198 2669 2268; x_wconf 60' lang='grc' dir='ltr'><strong>ωδ,</strong></span> <span class='ocrx_word' id='word_1_438' title='bbox 2714 2197 2904 2269; x_wconf 89' lang='lat' dir='ltr'><strong>ibique</strong></span> <span class='ocrx_word' id='word_1_439' title='bbox 2935 2198 3120 2250; x_wconf 91' lang='lat' dir='ltr'><strong>lumen</strong></span> <span class='ocrx_word' id='word_1_440' title='bbox 3152 2197 3399 2268; x_wconf 79' lang='lat' dir='ltr'><strong>recipere</strong></span> <span class='ocrx_word' id='word_1_441' title='bbox 3439 2196 3539 2250; x_wconf 88' lang='lat' dir='ltr'><strong>de-</strong></span> 
     </span>
    </p>
   </div>
   <div class='ocr_carea' id='block_1_68' title="bbox 1918 2290 2091 2345">
    <p class='ocr_par' dir='ltr' id='par_1_68' title="bbox 1918 2290 2091 2345">
     <span class='ocr_line' id='line_1_68' title="bbox 1918 2290 2091 2345; baseline 0 -2"><span class='ocrx_word' id='word_1_442' title='bbox 1918 2290 2091 2345; x_wconf 90' lang='lat' dir='ltr'><strong>beret.</strong></span> 
     </span>
    </p>
   </div>
   <div class='ocr_carea' id='block_1_69' title="bbox 1987 2377 3540 2454">
    <p class='ocr_par' dir='ltr' id='par_1_69' title="bbox 1987 2377 3540 2454">
     <span class='ocr_line' id='line_1_69' title="bbox 1987 2377 3540 2454; baseline 0 -20"><span class='ocrx_word' id='word_1_443' title='bbox 1987 2380 2095 2434; x_wconf 85' lang='lat' dir='ltr'><strong>Rex</strong></span> <span class='ocrx_word' id='word_1_444' title='bbox 2129 2379 2323 2433; x_wconf 91' lang='lat' dir='ltr'><strong>iterum</strong></span> <span class='ocrx_word' id='word_1_445' title='bbox 2359 2395 2483 2434; x_wconf 93' lang='lat' dir='ltr'><strong>cum</strong></span> <span class='ocrx_word' id='word_1_446' title='bbox 2546 2380 2792 2451; x_wconf 84' lang='lat' dir='ltr'><strong>Hugone,</strong></span> <span class='ocrx_word' id='word_1_447' title='bbox 2830 2378 3103 2454; x_wconf 85' lang='lat' dir='ltr'><strong>neglectis</strong></span> <span class='ocrx_word' id='word_1_448' title='bbox 3151 2378 3218 2432; x_wconf 89' lang='lat' dir='ltr'><strong>ab</strong></span> <span class='ocrx_word' id='word_1_449' title='bbox 3252 2377 3540 2434; x_wconf 82' lang='lat' dir='ltr'><strong>Heriberto</strong></span> 
     </span>
    </p>
   </div>
   <div class='ocr_carea' id='block_1_70' title="bbox 1912 2467 3539 2539">
    <p class='ocr_par' dir='ltr' id='par_1_70' title="bbox 1912 2467 3539 2539">
     <span class='ocr_line' id='line_1_70' title="bbox 1912 2467 3539 2539; baseline -0.001 -16"><span class='ocrx_word' id='word_1_450' title='bbox 1912 2483 2052 2539; x_wconf 91' lang='lat' dir='ltr'><strong>quos</strong></span> <span class='ocrx_word' id='word_1_451' title='bbox 2073 2469 2156 2522; x_wconf 92' lang='lat' dir='ltr'><strong>sui</strong></span> <span class='ocrx_word' id='word_1_452' title='bbox 2185 2468 2455 2523; x_wconf 90' lang='lat' dir='ltr'><strong>dederant</strong></span> <span class='ocrx_word' id='word_1_453' title='bbox 2487 2468 2555 2502; x_wconf 72' lang='lat'><strong>“’5</strong></span> <span class='ocrx_word' id='word_1_454' title='bbox 2584 2467 2895 2531; x_wconf 87' lang='lat' dir='ltr'><strong>obsidibus,</strong></span> <span class='ocrx_word' id='word_1_455' title='bbox 2930 2468 3189 2523; x_wconf 89' lang='lat' dir='ltr'><strong>omissam</strong></span> <span class='ocrx_word' id='word_1_456' title='bbox 3221 2467 3415 2536; x_wconf 87' lang='lat' dir='ltr'><strong>repetit</strong></span> <span class='ocrx_word' id='word_1_457' title='bbox 3439 2468 3539 2523; x_wconf 86' lang='lat' dir='ltr'><strong>ob-</strong></span> 
     </span>
    </p>
   </div>
   <div class='ocr_carea' id='block_1_71' title="bbox 1909 2557 3541 2613">
    <p class='ocr_par' dir='ltr' id='par_1_71' title="bbox 1909 2557 3541 2613">
     <span class='ocr_line' id='line_1_71' title="bbox 1909 2557 3541 2613; baseline 0 -2"><span class='ocrx_word' id='word_1_458' title='bbox 1909 2558 2180 2613; x_wconf 90' lang='lat' dir='ltr'><strong>sidionem</strong></span> <span class='ocrx_word' id='word_1_459' title='bbox 2216 2559 2303 2612; x_wconf 69' lang='grc'><strong>⁸06.</strong></span> <span class='ocrx_word' id='word_1_460' title='bbox 2336 2558 2623 2613; x_wconf 86' lang='lat' dir='ltr'><strong>Heinricus</strong></span> <span class='ocrx_word' id='word_1_461' title='bbox 2653 2558 3019 2613; x_wconf 84' lang='lat' dir='ltr'><strong>Gislebertum</strong></span> <span class='ocrx_word' id='word_1_462' title='bbox 3054 2567 3106 2612; x_wconf 91' lang='lat' dir='ltr'><strong>et</strong></span> <span class='ocrx_word' id='word_1_463' title='bbox 3137 2558 3441 2612; x_wconf 85' lang='lat' dir='ltr'><strong>Ebrardum</strong></span> <span class='ocrx_word' id='word_1_464' title='bbox 3474 2557 3541 2591; x_wconf 74' lang='lat'><strong>‘07</strong></span> 
     </span>
    </p>
   </div>
   <div class='ocr_carea' id='block_1_72' title="bbox 1907 2644 3540 2719">
    <p class='ocr_par' dir='ltr' id='par_1_72' title="bbox 1907 2644 3540 2719">
     <span class='ocr_line' id='line_1_72' title="bbox 1907 2644 3540 2719; baseline -0.002 -17"><span class='ocrx_word' id='word_1_465' title='bbox 1907 2663 2030 2702; x_wconf 91' lang='lat' dir='ltr'><strong>cum</strong></span> <span class='ocrx_word' id='word_1_466' title='bbox 2059 2647 2334 2718; x_wconf 77' lang='lat' dir='ltr'><strong>epiSCOpis</strong></span> <span class='ocrx_word' id='word_1_467' title='bbox 2364 2646 2517 2719; x_wconf 86' lang='lat' dir='ltr'><strong>regni</strong></span> <span class='ocrx_word' id='word_1_468' title='bbox 2548 2646 2924 2701; x_wconf 83' lang='lat' dir='ltr'><strong>Lothariensis</strong></span> <span class='ocrx_word' id='word_1_469' title='bbox 2951 2646 3018 2699; x_wconf 90' lang='lat' dir='ltr'><strong>ad</strong></span> <span class='ocrx_word' id='word_1_470' title='bbox 3034 2644 3325 2701; x_wconf 91' lang='lat' dir='ltr'><strong>Rodulfum</strong></span> <span class='ocrx_word' id='word_1_471' title='bbox 3355 2660 3540 2718; x_wconf 84' lang='lat' dir='ltr'><strong>regem</strong></span> 
     </span>
    </p>
   </div>
   <div class='ocr_carea' id='block_1_73' title="bbox 1918 2732 3542 2808">
    <p class='ocr_par' dir='ltr' id='par_1_73' title="bbox 1918 2732 3542 2808">
     <span class='ocr_line' id='line_1_73' title="bbox 1918 2732 3542 2808; baseline -0.001 -19"><span class='ocrx_word' id='word_1_472' title='bbox 1918 2752 2017 2805; x_wconf 89' lang='lat' dir='ltr'><strong>pro</strong></span> <span class='ocrx_word' id='word_1_473' title='bbox 2048 2736 2333 2790; x_wconf 88' lang='lat' dir='ltr'><strong>Heriberto</strong></span> <span class='ocrx_word' id='word_1_474' title='bbox 2364 2734 2585 2808; x_wconf 88' lang='lat' dir='ltr'><strong>dirigit;</strong></span> <span class='ocrx_word' id='word_1_475' title='bbox 2618 2734 2945 2805; x_wconf 85' lang='lat' dir='ltr'><strong>redditoque</strong></span> <span class='ocrx_word' id='word_1_476' title='bbox 2967 2732 3542 2807; x_wconf 66' lang='lat' dir='ltr'><strong>regitlastello-Tbeo-</strong></span> 
     </span>
    </p>
   </div>
   <div class='ocr_carea' id='block_1_74' title="bbox 1918 2826 3546 2897">
    <p class='ocr_par' dir='ltr' id='par_1_74' title="bbox 1918 2826 3546 2897">
     <span class='ocr_line' id='line_1_74' title="bbox 1918 2826 3546 2897; baseline -0.004 -14"><span class='ocrx_word' id='word_1_477' title='bbox 1918 2828 2109 2893; x_wconf 77' lang='lat' dir='ltr'><strong>clerici,</strong></span> <span class='ocrx_word' id='word_1_478' title='bbox 2138 2828 2397 2882; x_wconf 89' lang='lat' dir='ltr'><strong>llammus</strong></span> <span class='ocrx_word' id='word_1_479' title='bbox 2427 2834 2590 2897; x_wconf 87' lang='lat' dir='ltr'><strong>atque</strong></span> <span class='ocrx_word' id='word_1_480' title='bbox 2624 2826 2859 2881; x_wconf 90' lang='lat' dir='ltr'><strong>Perrona</strong></span> <span class='ocrx_word' id='word_1_481' title='bbox 2900 2828 2967 2859; x_wconf 76' lang='grc'><strong>⁴⁰⁸</strong></span> <span class='ocrx_word' id='word_1_482' title='bbox 3026 2826 3309 2879; x_wconf 83' lang='lat' dir='ltr'><strong>Heriberto</strong></span> <span class='ocrx_word' id='word_1_483' title='bbox 3344 2839 3546 2879; x_wconf 90' lang='lat' dir='ltr'><strong>conce-</strong></span> 
     </span>
    </p>
   </div>
   <div class='ocr_carea' id='block_1_75' title="bbox 1919 2915 3543 2989">
    <p class='ocr_par' dir='ltr' id='par_1_75' title="bbox 1919 2915 3543 2989">
     <span class='ocr_line' id='line_1_75' title="bbox 1919 2915 3543 2989; baseline -0.003 -17"><span class='ocrx_word' id='word_1_484' title='bbox 1919 2920 2125 2973; x_wconf 91' lang='lat' dir='ltr'><strong>duntur</strong></span> <span class='ocrx_word' id='word_1_485' title='bbox 2155 2934 2331 2989; x_wconf 91' lang='lat' dir='ltr'><strong>usque</strong></span> <span class='ocrx_word' id='word_1_486' title='bbox 2365 2916 2634 2971; x_wconf 86' lang='lat' dir='ltr'><strong>Kalendas</strong></span> <span class='ocrx_word' id='word_1_487' title='bbox 2666 2916 2937 2971; x_wconf 87' lang='lat' dir='ltr'><strong>Octobris.</strong></span> <span class='ocrx_word' id='word_1_488' title='bbox 2977 2916 3235 2970; x_wconf 80' lang='lat' dir='ltr'><strong>Arnulfus</strong></span> <span class='ocrx_word' id='word_1_489' title='bbox 3264 2916 3333 2969; x_wconf 93' lang='lat' dir='ltr'><strong>dc</strong></span> <span class='ocrx_word' id='word_1_490' title='bbox 3380 2915 3543 2969; x_wconf 88' lang='lat' dir='ltr'><strong>Flan-</strong></span> 
     </span>
    </p>
   </div>
   <div class='ocr_carea' id='block_1_76' title="bbox 1919 3007 3545 3075">
    <p class='ocr_par' dir='ltr' id='par_1_76' title="bbox 1919 3007 3545 3075">
     <span class='ocr_line' id='line_1_76' title="bbox 1919 3007 3545 3075; baseline -0.002 -12"><span class='ocrx_word' id='word_1_491' title='bbox 1919 3009 2031 3063; x_wconf 89' lang='lat' dir='ltr'><strong>dris</strong></span> <span class='ocrx_word' id='word_1_492' title='bbox 2070 3008 2236 3063; x_wconf 85' lang='lat' dir='ltr'><strong>ﬁliam</strong></span> <span class='ocrx_word' id='word_1_493' title='bbox 2273 3008 2569 3074; x_wconf 88' lang='lat' dir='ltr'><strong>Heriberti,</strong></span> <span class='ocrx_word' id='word_1_494' title='bbox 2602 3008 2731 3063; x_wconf 90' lang='lat' dir='ltr'><strong>olim</strong></span> <span class='ocrx_word' id='word_1_495' title='bbox 2772 3007 2880 3062; x_wconf 88' lang='lat' dir='ltr'><strong>sibi</strong></span> <span class='ocrx_word' id='word_1_496' title='bbox 2913 3007 3243 3075; x_wconf 90' lang='lat' dir='ltr'><strong>juramentis</strong></span> <span class='ocrx_word' id='word_1_497' title='bbox 3282 3007 3545 3061; x_wconf 89' lang='lat' dir='ltr'><strong>alterutro</strong></span> 
     </span>
    </p>
   </div>
   <div class='ocr_carea' id='block_1_77' title="bbox 1926 3098 3548 3170">
    <p class='ocr_par' dir='ltr' id='par_1_77' title="bbox 1926 3098 3548 3170">
     <span class='ocr_line' id='line_1_77' title="bbox 1926 3098 3548 3170; baseline -0.001 -16"><span class='ocrx_word' id='word_1_498' title='bbox 1926 3101 2068 3156; x_wconf 89' lang='lat' dir='ltr'><strong>datis</strong></span> <span class='ocrx_word' id='word_1_499' title='bbox 2098 3100 2407 3170; x_wconf 88' lang='lat' dir='ltr'><strong>depactam,</strong></span> <span class='ocrx_word' id='word_1_500' title='bbox 2454 3100 2622 3154; x_wconf 91' lang='lat' dir='ltr'><strong>sumit</strong></span> <span class='ocrx_word' id='word_1_501' title='bbox 2651 3116 2895 3155; x_wconf 87' lang='lat' dir='ltr'><strong>uxorem.</strong></span> <span class='ocrx_word' id='word_1_502' title='bbox 2942 3100 3265 3154; x_wconf 85' lang='lat' dir='ltr'><strong>Heribertus</strong></span> <span class='ocrx_word' id='word_1_503' title='bbox 3312 3114 3412 3169; x_wconf 90' lang='lat' dir='ltr'><strong>per</strong></span> <span class='ocrx_word' id='word_1_504' title='bbox 3442 3098 3548 3153; x_wconf 81' lang='lat' dir='ltr'><strong>Vc-</strong></span> 
     </span>
    </p>
   </div>
   <div class='ocr_carea' id='block_1_78' title="bbox 1926 3191 3549 3263">
    <p class='ocr_par' dir='ltr' id='par_1_78' title="bbox 1926 3191 3549 3263">
     <span class='ocr_line' id='line_1_78' title="bbox 1926 3191 3549 3263; baseline -0.001 -16"><span class='ocrx_word' id='word_1_505' title='bbox 1926 3194 2328 3247; x_wconf 89' lang='lat' dir='ltr'><strong>romandinsem</strong></span> <span class='ocrx_word' id='word_1_506' title='bbox 2362 3192 2429 3225; x_wconf 68' lang='lat'><strong>“’9</strong></span> <span class='ocrx_word' id='word_1_507' title='bbox 2462 3207 2658 3263; x_wconf 77' lang='lat' dir='ltr'><strong>pagum</strong></span> <span class='ocrx_word' id='word_1_508' title='bbox 2693 3207 2900 3246; x_wconf 88' lang='lat' dir='ltr'><strong>messes</strong></span> <span class='ocrx_word' id='word_1_509' title='bbox 2944 3208 3133 3247; x_wconf 91' lang='lat' dir='ltr'><strong>eorum</strong></span> <span class='ocrx_word' id='word_1_510' title='bbox 3173 3192 3268 3263; x_wconf 88' lang='lat' dir='ltr'><strong>qui</strong></span> <span class='ocrx_word' id='word_1_511' title='bbox 3323 3207 3382 3246; x_wconf 91' lang='lat' dir='ltr'><strong>sc</strong></span> <span class='ocrx_word' id='word_1_512' title='bbox 3414 3191 3549 3245; x_wconf 87' lang='lat' dir='ltr'><strong>reli-</strong></span> 
     </span>
    </p>
   </div>
   <div class='ocr_carea' id='block_1_79' title="bbox 1923 3287 3549 3360">
    <p class='ocr_par' dir='ltr' id='par_1_79' title="bbox 1923 3287 3549 3360">
     <span class='ocr_line' id='line_1_79' title="bbox 1923 3287 3549 3360; baseline 0.002 -19"><span class='ocrx_word' id='word_1_513' title='bbox 1923 3298 2158 3360; x_wconf 91' lang='lat' dir='ltr'><strong>querant</strong></span> <span class='ocrx_word' id='word_1_514' title='bbox 2187 3287 2271 3343; x_wconf 87' lang='lat' dir='ltr'><strong>vel</strong></span> <span class='ocrx_word' id='word_1_515' title='bbox 2296 3287 2498 3357; x_wconf 88' lang='lat' dir='ltr'><strong>quibus</strong></span> <span class='ocrx_word' id='word_1_516' title='bbox 2538 3288 2690 3358; x_wconf 80' lang='lat' dir='ltr'><strong>Hugo</strong></span> <span class='ocrx_word' id='word_1_517' title='bbox 2722 3288 2896 3358; x_wconf 89' lang='lat' dir='ltr'><strong>ipsam</strong></span> <span class='ocrx_word' id='word_1_518' title='bbox 2939 3295 3140 3342; x_wconf 90' lang='lat' dir='ltr'><strong>terram</strong></span> <span class='ocrx_word' id='word_1_519' title='bbox 3171 3288 3403 3341; x_wconf 89' lang='lat' dir='ltr'><strong>dederat</strong></span> <span class='ocrx_word' id='word_1_520' title='bbox 3433 3290 3549 3343; x_wconf 88' lang='lat' dir='ltr'><strong>col—</strong></span> 
     </span>
    </p>
   </div>
   <div class='ocr_carea' id='block_1_80' title="bbox 1923 3374 3549 3451">
    <p class='ocr_par' dir='ltr' id='par_1_80' title="bbox 1923 3374 3549 3451">
     <span class='ocr_line' id='line_1_80' title="bbox 1923 3374 3549 3451; baseline 0.001 -21"><span class='ocrx_word' id='word_1_521' title='bbox 1923 3376 2120 3451; x_wconf 89' lang='lat' dir='ltr'><strong>ligens,</strong></span> <span class='ocrx_word' id='word_1_522' title='bbox 2139 3376 2435 3429; x_wconf 88' lang='lat' dir='ltr'><strong>Perronam</strong></span> <span class='ocrx_word' id='word_1_523' title='bbox 2458 3374 2739 3429; x_wconf 72' lang='lat' dir='ltr'><strong>“Odeduci</strong></span> <span class='ocrx_word' id='word_1_524' title='bbox 2768 3375 2913 3429; x_wconf 87' lang='lat' dir='ltr'><strong>facit.</strong></span> <span class='ocrx_word' id='word_1_525' title='bbox 2934 3376 3113 3448; x_wconf 67' lang='lat' dir='ltr'><strong>Ignea:</strong></span> <span class='ocrx_word' id='word_1_526' title='bbox 3126 3376 3313 3429; x_wconf 87' lang='lat' dir='ltr'><strong>Remis</strong></span> <span class='ocrx_word' id='word_1_527' title='bbox 3332 3376 3385 3430; x_wconf 94' lang='lat' dir='ltr'><strong>iu</strong></span> <span class='ocrx_word' id='word_1_528' title='bbox 3409 3378 3549 3433; x_wconf 58' lang='lat' dir='ltr'><strong>callo</strong></span> 
     </span>
    </p>
   </div>
   <div class='ocr_carea' id='block_1_81' title="bbox 1922 3465 3547 3542">
    <p class='ocr_par' dir='ltr' id='par_1_81' title="bbox 1922 3465 3547 3542">
     <span class='ocr_line' id='line_1_81' title="bbox 1922 3465 3547 3542; baseline 0 -21"><span class='ocrx_word' id='word_1_529' title='bbox 1922 3466 2208 3521; x_wconf 79' lang='lat' dir='ltr'><strong>aciesvisae</strong></span> <span class='ocrx_word' id='word_1_530' title='bbox 2230 3478 2357 3520; x_wconf 82' lang='lat' dir='ltr'><strong>sunt</strong></span> <span class='ocrx_word' id='word_1_531' title='bbox 2380 3466 2441 3498; x_wconf 67' lang='grc'><strong>⁴¹¹</strong></span> <span class='ocrx_word' id='word_1_532' title='bbox 2477 3465 2808 3529; x_wconf 89' lang='lat' dir='ltr'><strong>discurrere,</strong></span> <span class='ocrx_word' id='word_1_533' title='bbox 2836 3468 3058 3537; x_wconf 88' lang='lat' dir='ltr'><strong>etquasi</strong></span> <span class='ocrx_word' id='word_1_534' title='bbox 3081 3482 3313 3536; x_wconf 88' lang='lat' dir='ltr'><strong>serpens</strong></span> <span class='ocrx_word' id='word_1_535' title='bbox 3331 3467 3547 3542; x_wconf 88' lang='lat' dir='ltr'><strong>igneus,</strong></span> 
     </span>
    </p>
   </div>
   <div class='ocr_carea' id='block_1_82' title="bbox 1924 3558 3551 3631">
    <p class='ocr_par' dir='ltr' id='par_1_82' title="bbox 1924 3558 3551 3631">
     <span class='ocr_line' id='line_1_82' title="bbox 1924 3558 3551 3631; baseline 0.001 -16"><span class='ocrx_word' id='word_1_536' title='bbox 1924 3568 1979 3615; x_wconf 89' lang='lat' dir='ltr'><strong>et</strong></span> <span class='ocrx_word' id='word_1_537' title='bbox 2034 3558 2493 3631; x_wconf 59' lang='lat' dir='ltr'><strong>quaedamjacula</strong></span> <span class='ocrx_word' id='word_1_538' title='bbox 2548 3558 2673 3612; x_wconf 88' lang='lat' dir='ltr'><strong>ferri</strong></span> <span class='ocrx_word' id='word_1_539' title='bbox 2718 3558 2897 3629; x_wconf 75' lang='lat' dir='ltr'><strong>pridie</strong></span> <span class='ocrx_word' id='word_1_540' title='bbox 2946 3560 3071 3613; x_wconf 91' lang='lat' dir='ltr'><strong>ldus</strong></span> <span class='ocrx_word' id='word_1_541' title='bbox 3110 3560 3357 3615; x_wconf 88' lang='lat' dir='ltr'><strong>Octobris</strong></span> <span class='ocrx_word' id='word_1_542' title='bbox 3388 3577 3551 3617; x_wconf 90' lang='lat' dir='ltr'><strong>mane</strong></span> 
     </span>
    </p>
   </div>
   <div class='ocr_carea' id='block_1_83' title="bbox 1916 3649 3555 3721">
    <p class='ocr_par' dir='ltr' id='par_1_83' title="bbox 1916 3649 3555 3721">
     <span class='ocr_line' id='line_1_83' title="bbox 1916 3649 3555 3721; baseline -0.001 -13"><span class='ocrx_word' id='word_1_543' title='bbox 1916 3660 2047 3708; x_wconf 89' lang='lat' dir='ltr'><strong>ante</strong></span> <span class='ocrx_word' id='word_1_544' title='bbox 2071 3651 2209 3706; x_wconf 91' lang='lat' dir='ltr'><strong>lucis</strong></span> <span class='ocrx_word' id='word_1_545' title='bbox 2242 3658 2515 3704; x_wconf 91' lang='lat' dir='ltr'><strong>exortum.</strong></span> <span class='ocrx_word' id='word_1_546' title='bbox 2551 3649 2670 3704; x_wconf 87' lang='lat' dir='ltr'><strong>Mox</strong></span> <span class='ocrx_word' id='word_1_547' title='bbox 2699 3649 2996 3704; x_wconf 90' lang='lat' dir='ltr'><strong>subsecuta</strong></span> <span class='ocrx_word' id='word_1_548' title='bbox 3028 3658 3111 3704; x_wconf 91' lang='lat' dir='ltr'><strong>est</strong></span> <span class='ocrx_word' id='word_1_549' title='bbox 3143 3652 3336 3721; x_wconf 89' lang='lat' dir='ltr'><strong>pestis,</strong></span> <span class='ocrx_word' id='word_1_550' title='bbox 3369 3652 3555 3707; x_wconf 90' lang='lat' dir='ltr'><strong>diver-</strong></span> 
     </span>
    </p>
   </div>
   <div class='ocr_carea' id='block_1_84' title="bbox 1917 3744 3557 3817">
    <p class='ocr_par' dir='ltr' id='par_1_84' title="bbox 1917 3744 3557 3817">
     <span class='ocr_line' id='line_1_84' title="bbox 1917 3744 3557 3817; baseline -0.001 -15"><span class='ocrx_word' id='word_1_551' title='bbox 1917 3747 1993 3802; x_wconf 88' lang='lat' dir='ltr'><strong>sis</strong></span> <span class='ocrx_word' id='word_1_552' title='bbox 2031 3744 2285 3801; x_wconf 84' lang='lat' dir='ltr'><strong>afficiens</strong></span> <span class='ocrx_word' id='word_1_553' title='bbox 2316 3745 2557 3799; x_wconf 89' lang='lat' dir='ltr'><strong>humana</strong></span> <span class='ocrx_word' id='word_1_554' title='bbox 2589 3759 2818 3815; x_wconf 88' lang='lat' dir='ltr'><strong>corpora</strong></span> <span class='ocrx_word' id='word_1_555' title='bbox 2852 3744 3078 3798; x_wconf 90' lang='lat' dir='ltr'><strong>morbis.</strong></span> <span class='ocrx_word' id='word_1_556' title='bbox 3115 3744 3387 3800; x_wconf 90' lang='lat' dir='ltr'><strong>Diaconus</strong></span> <span class='ocrx_word' id='word_1_557' title='bbox 3428 3747 3557 3817; x_wconf 86' lang='lat' dir='ltr'><strong>qui-</strong></span> 
     </span>
    </p>
   </div>
   <div class='ocr_carea' id='block_1_85' title="bbox 1918 3836 3554 3913">
    <p class='ocr_par' dir='ltr' id='par_1_85' title="bbox 1918 3836 3554 3913">
     <span class='ocr_line' id='line_1_85' title="bbox 1918 3836 3554 3913; baseline 0.001 -19"><span class='ocrx_word' id='word_1_558' title='bbox 1918 3840 2043 3895; x_wconf 93' lang='lat' dir='ltr'><strong>dam</strong></span> <span class='ocrx_word' id='word_1_559' title='bbox 2116 3838 2477 3893; x_wconf 87' lang='lat' dir='ltr'><strong>Virdunensis</strong></span> <span class='ocrx_word' id='word_1_560' title='bbox 2525 3839 2592 3872; x_wconf 66' lang='lat'><strong>“3</strong></span> <span class='ocrx_word' id='word_1_561' title='bbox 2652 3836 2876 3893; x_wconf 92' lang='lat' dir='ltr'><strong>nomine</strong></span> <span class='ocrx_word' id='word_1_562' title='bbox 2941 3836 3267 3892; x_wconf 81' lang='lat' dir='ltr'><strong>Adclmarus</strong></span> <span class='ocrx_word' id='word_1_563' title='bbox 3324 3838 3554 3913; x_wconf 87' lang='lat' dir='ltr'><strong>langore</strong></span> 
     </span>
    </p>
   </div>
   <div class='ocr_carea' id='block_1_86' title="bbox 1919 3929 3551 4003">
    <p class='ocr_par' dir='ltr' id='par_1_86' title="bbox 1919 3929 3551 4003">
     <span class='ocr_line' id='line_1_86' title="bbox 1919 3929 3551 4003; baseline -0.001 -16"><span class='ocrx_word' id='word_1_564' title='bbox 1919 3934 2238 4003; x_wconf 88' lang='lat' dir='ltr'><strong>depressus,</strong></span> <span class='ocrx_word' id='word_1_565' title='bbox 2272 3931 2525 4003; x_wconf 82' lang='lat' dir='ltr'><strong>spiritum</strong></span> <span class='ocrx_word' id='word_1_566' title='bbox 2540 3931 2691 3986; x_wconf 89' lang='lat' dir='ltr'><strong>visus</strong></span> <span class='ocrx_word' id='word_1_567' title='bbox 2705 3940 2787 3985; x_wconf 91' lang='lat' dir='ltr'><strong>est</strong></span> <span class='ocrx_word' id='word_1_568' title='bbox 2817 3929 3094 3995; x_wconf 90' lang='lat' dir='ltr'><strong>amisisse;</strong></span> <span class='ocrx_word' id='word_1_569' title='bbox 3126 3929 3223 3985; x_wconf 91' lang='lat' dir='ltr'><strong>sed</strong></span> <span class='ocrx_word' id='word_1_570' title='bbox 3254 3938 3551 4001; x_wconf 84' lang='lat' dir='ltr'><strong>antequam</strong></span> 
     </span>
    </p>
   </div>
   <div class='ocr_carea' id='block_1_87' title="bbox 1922 4021 3556 4094">
    <p class='ocr_par' dir='ltr' id='par_1_87' title="bbox 1922 4021 3556 4094">
     <span class='ocr_line' id='line_1_87' title="bbox 1922 4021 3556 4094; baseline -0.001 -14"><span class='ocrx_word' id='word_1_571' title='bbox 1922 4026 2125 4080; x_wconf 86' lang='lat' dir='ltr'><strong>feretro</strong></span> <span class='ocrx_word' id='word_1_572' title='bbox 2156 4024 2557 4094; x_wconf 89' lang='lat' dir='ltr'><strong>imponeretur,</strong></span> <span class='ocrx_word' id='word_1_573' title='bbox 2601 4039 2876 4087; x_wconf 89' lang='lat' dir='ltr'><strong>reversus,</strong></span> <span class='ocrx_word' id='word_1_574' title='bbox 2938 4023 3010 4076; x_wconf 87' lang='lat' dir='ltr'><strong>ita</strong></span> <span class='ocrx_word' id='word_1_575' title='bbox 3058 4021 3295 4077; x_wconf 89' lang='lat' dir='ltr'><strong>surrexit</strong></span> <span class='ocrx_word' id='word_1_576' title='bbox 3337 4023 3556 4078; x_wconf 87' lang='lat' dir='ltr'><strong>validus</strong></span> 
     </span>
    </p>
   </div>
   <div class='ocr_carea' id='block_1_88' title="bbox 1922 4114 3558 4187">
    <p class='ocr_par' dir='ltr' id='par_1_88' title="bbox 1922 4114 3558 4187">
     <span class='ocr_line' id='line_1_88' title="bbox 1922 4114 3558 4187; baseline -0.001 -16"><span class='ocrx_word' id='word_1_577' title='bbox 1922 4125 1983 4171; x_wconf 90' lang='lat' dir='ltr'><strong>ut</strong></span> <span class='ocrx_word' id='word_1_578' title='bbox 2037 4116 2145 4171; x_wconf 88' lang='lat' dir='ltr'><strong>sibi</strong></span> <span class='ocrx_word' id='word_1_579' title='bbox 2192 4115 2328 4169; x_wconf 80' lang='lat' dir='ltr'><strong>nihil</strong></span> <span class='ocrx_word' id='word_1_580' title='bbox 2386 4115 2662 4169; x_wconf 89' lang='lat' dir='ltr'><strong>videretur</strong></span> <span class='ocrx_word' id='word_1_581' title='bbox 2707 4115 3050 4187; x_wconf 72' lang='lat' dir='ltr'><strong>zegritudinis</strong></span> <span class='ocrx_word' id='word_1_582' title='bbox 3099 4114 3268 4170; x_wconf 85' lang='lat' dir='ltr'><strong>fuisse</strong></span> <span class='ocrx_word' id='word_1_583' title='bbox 3324 4130 3558 4185; x_wconf 90' lang='lat' dir='ltr'><strong>perpes-</strong></span> 
     </span>
    </p>
   </div>
   <div class='ocr_carea' id='block_1_89' title="bbox 1923 4204 3559 4279">
    <p class='ocr_par' dir='ltr' id='par_1_89' title="bbox 1923 4204 3559 4279">
     <span class='ocr_line' id='line_1_89' title="bbox 1923 4204 3559 4279; baseline 0.001 -18"><span class='ocrx_word' id='word_1_584' title='bbox 1923 4224 2018 4263; x_wconf 87' lang='lat' dir='ltr'><strong>sus</strong></span> <span class='ocrx_word' id='word_1_585' title='bbox 2040 4208 2126 4262; x_wconf 56' lang='grc' dir='ltr'><strong>διδ.</strong></span> <span class='ocrx_word' id='word_1_586' title='bbox 2158 4207 2257 4271; x_wconf 88' lang='lat' dir='ltr'><strong>Qui</strong></span> <span class='ocrx_word' id='word_1_587' title='bbox 2280 4222 2339 4260; x_wconf 89' lang='lat' dir='ltr'><strong>se</strong></span> <span class='ocrx_word' id='word_1_588' title='bbox 2361 4206 2579 4259; x_wconf 83' lang='lat' dir='ltr'><strong>diversa</strong></span> <span class='ocrx_word' id='word_1_589' title='bbox 2601 4206 2999 4276; x_wconf 89' lang='lat' dir='ltr'><strong>suppliciorum</strong></span> <span class='ocrx_word' id='word_1_590' title='bbox 3026 4206 3109 4261; x_wconf 89' lang='lat' dir='ltr'><strong>vel</strong></span> <span class='ocrx_word' id='word_1_591' title='bbox 3138 4204 3410 4279; x_wconf 87' lang='lat' dir='ltr'><strong>refrigerii</strong></span> <span class='ocrx_word' id='word_1_592' title='bbox 3438 4204 3559 4261; x_wconf 89' lang='lat' dir='ltr'><strong>loca</strong></span> 
     </span>
    </p>
   </div>
   <div class='ocr_carea' id='block_1_90' title="bbox 1923 4297 3560 4369">
    <p class='ocr_par' dir='ltr' id='par_1_90' title="bbox 1923 4297 3560 4369">
     <span class='ocr_line' id='line_1_90' title="bbox 1923 4297 3560 4369; baseline -0.001 -16"><span class='ocrx_word' id='word_1_593' title='bbox 1923 4301 2127 4355; x_wconf 89' lang='lat' dir='ltr'><strong>vidisse</strong></span> <span class='ocrx_word' id='word_1_594' title='bbox 2151 4307 2403 4364; x_wconf 89' lang='lat' dir='ltr'><strong>testatur,</strong></span> <span class='ocrx_word' id='word_1_595' title='bbox 2428 4314 2600 4368; x_wconf 87' lang='lat' dir='ltr'><strong>seque</strong></span> <span class='ocrx_word' id='word_1_596' title='bbox 2634 4298 2813 4368; x_wconf 91' lang='lat' dir='ltr'><strong>ipsum</strong></span> <span class='ocrx_word' id='word_1_597' title='bbox 2839 4297 2960 4352; x_wconf 93' lang='lat' dir='ltr'><strong>loco</strong></span> <span class='ocrx_word' id='word_1_598' title='bbox 2983 4298 3050 4331; x_wconf 54' lang='lat'><strong>5”</strong></span> <span class='ocrx_word' id='word_1_599' title='bbox 3080 4297 3288 4369; x_wconf 69' lang='lat' dir='ltr'><strong>poenali</strong></span> <span class='ocrx_word' id='word_1_600' title='bbox 3320 4297 3560 4368; x_wconf 85' lang='lat' dir='ltr'><strong>deputa-</strong></span> 
     </span>
    </p>
   </div>
   <div class='ocr_carea' id='block_1_91' title="bbox 195 4385 3560 4490">
    <p class='ocr_par' dir='ltr' id='par_1_91' title="bbox 195 4385 3560 4490">
     <span class='ocr_line' id='line_1_91' title="bbox 195 4385 3560 4490; baseline 0.001 -49"><span class='ocrx_word' id='word_1_601' title='bbox 195 4385 583 4441; x_wconf 85' lang='lat' dir='ltr'><strong>Camaraccnsi</strong></span> <span class='ocrx_word' id='word_1_602' title='bbox 618 4385 908 4454; x_wconf 66' lang='lat' dir='ltr'><strong>praesulem</strong></span> <span class='ocrx_word' id='word_1_603' title='bbox 955 4388 1189 4443; x_wconf 89' lang='lat' dir='ltr'><strong>ordinat.</strong></span> <span class='ocrx_word' id='word_1_604' title='bbox 1226 4390 1543 4445; x_wconf 86' lang='lat' dir='ltr'><strong>llcribertus</strong></span> <span class='ocrx_word' id='word_1_605' title='bbox 1572 4390 1817 4445; x_wconf 89' lang='lat' dir='ltr'><strong>Castrum</strong></span> <span class='ocrx_word' id='word_1_606' title='bbox 1848 4398 2062 4490; x_wconf 86' lang='lat' dir='ltr'><strong>Dtum,</strong></span> <span class='ocrx_word' id='word_1_607' title='bbox 2114 4390 2207 4444; x_wconf 87' lang='lat' dir='ltr'><strong>Dei</strong></span> <span class='ocrx_word' id='word_1_608' title='bbox 2268 4405 2396 4443; x_wconf 85' lang='lat' dir='ltr'><strong>vero</strong></span> <span class='ocrx_word' id='word_1_609' title='bbox 2436 4390 2719 4463; x_wconf 86' lang='lat' dir='ltr'><strong>genitricis</strong></span> <span class='ocrx_word' id='word_1_610' title='bbox 2779 4390 3059 4460; x_wconf 88' lang='lat' dir='ltr'><strong>precibus,</strong></span> <span class='ocrx_word' id='word_1_611' title='bbox 3120 4390 3282 4445; x_wconf 87' lang='lat' dir='ltr'><strong>beato</strong></span> <span class='ocrx_word' id='word_1_612' title='bbox 3338 4404 3560 4461; x_wconf 90' lang='lat' dir='ltr'><strong>quoque</strong></span> 
     </span>
    </p>
   </div>
   <div class='ocr_carea' id='block_1_92' title="bbox 192 4475 1818 4552">
    <p class='ocr_par' dir='ltr' id='par_1_92' title="bbox 192 4475 1818 4552">
     <span class='ocr_line' id='line_1_92' title="bbox 192 4475 1818 4552; baseline 0.003 -21"><span class='ocrx_word' id='word_1_613' title='bbox 192 4475 528 4531; x_wconf 87' lang='lat' dir='ltr'><strong>Theoderici</strong></span> <span class='ocrx_word' id='word_1_614' title='bbox 582 4476 652 4508; x_wconf 71' lang='lat'><strong>395</strong></span> <span class='ocrx_word' id='word_1_615' title='bbox 698 4492 867 4545; x_wconf 88' lang='lat' dir='ltr'><strong>super</strong></span> <span class='ocrx_word' id='word_1_616' title='bbox 912 4477 1209 4532; x_wconf 89' lang='lat' dir='ltr'><strong>Maternam</strong></span> <span class='ocrx_word' id='word_1_617' title='bbox 1280 4480 1505 4535; x_wconf 88' lang='lat' dir='ltr'><strong>fluvium</strong></span> <span class='ocrx_word' id='word_1_618' title='bbox 1559 4481 1818 4552; x_wconf 91' lang='lat' dir='ltr'><strong>positum,</strong></span> 
     </span>
    </p>
   </div>
   <div class='ocr_carea' id='block_1_93' title="bbox 194 4565 1823 4640">
    <p class='ocr_par' dir='ltr' id='par_1_93' title="bbox 194 4565 1823 4640">
     <span class='ocr_line' id='line_1_93' title="bbox 194 4565 1823 4640; baseline 0.005 -19"><span class='ocrx_word' id='word_1_619' title='bbox 194 4566 549 4621; x_wconf 89' lang='lat' dir='ltr'><strong>tradentibus</strong></span> <span class='ocrx_word' id='word_1_620' title='bbox 584 4565 720 4621; x_wconf 92' lang='lat' dir='ltr'><strong>illud</strong></span> <span class='ocrx_word' id='word_1_621' title='bbox 752 4567 857 4621; x_wconf 88' lang='lat' dir='ltr'><strong>sibi</strong></span> <span class='ocrx_word' id='word_1_622' title='bbox 891 4569 1221 4639; x_wconf 84' lang='lat' dir='ltr'><strong>quibusdam</strong></span> <span class='ocrx_word' id='word_1_623' title='bbox 1259 4585 1399 4640; x_wconf 88' lang='lat' dir='ltr'><strong>quos</strong></span> <span class='ocrx_word' id='word_1_624' title='bbox 1430 4570 1502 4624; x_wconf 86' lang='lat' dir='ltr'><strong>ibi</strong></span> <span class='ocrx_word' id='word_1_625' title='bbox 1537 4572 1604 4626; x_wconf 88' lang='lat' dir='ltr'><strong>ad</strong></span> <span class='ocrx_word' id='word_1_626' title='bbox 1637 4582 1823 4629; x_wconf 86' lang='lat' dir='ltr'><strong>custo-</strong></span> 
     </span>
    </p>
   </div>
   <div class='ocr_carea' id='block_1_94' title="bbox 1927 4481 3557 4556">
    <p class='ocr_par' dir='ltr' id='par_1_94' title="bbox 1927 4481 3557 4556">
     <span class='ocr_line' id='line_1_94' title="bbox 1927 4481 3557 4556; baseline -0.001 -19"><span class='ocrx_word' id='word_1_627' title='bbox 1927 4482 2152 4537; x_wconf 84' lang='lat' dir='ltr'><strong>Martino</strong></span> <span class='ocrx_word' id='word_1_628' title='bbox 2178 4481 2580 4547; x_wconf 88' lang='lat' dir='ltr'><strong>intercedente,</strong></span> <span class='ocrx_word' id='word_1_629' title='bbox 2606 4482 2672 4536; x_wconf 90' lang='lat' dir='ltr'><strong>ad</strong></span> <span class='ocrx_word' id='word_1_630' title='bbox 2700 4483 2969 4556; x_wconf 88' lang='lat' dir='ltr'><strong>agendam</strong></span> <span class='ocrx_word' id='word_1_631' title='bbox 3002 4482 3384 4553; x_wconf 64' lang='lat' dir='ltr'><strong>1,)(enitcntiam</strong></span> <span class='ocrx_word' id='word_1_632' title='bbox 3418 4498 3557 4551; x_wconf 66' lang='lat' dir='ltr'><strong>pra:-</strong></span> 
     </span>
    </p>
   </div>
   <div class='ocr_carea' id='block_1_95' title="bbox 1926 4572 3560 4645">
    <p class='ocr_par' dir='ltr' id='par_1_95' title="bbox 1926 4572 3560 4645">
     <span class='ocr_line' id='line_1_95' title="bbox 1926 4572 3560 4645; baseline -0.001 -18"><span class='ocrx_word' id='word_1_633' title='bbox 1926 4574 2067 4629; x_wconf 88' lang='lat' dir='ltr'><strong>senti</strong></span> <span class='ocrx_word' id='word_1_634' title='bbox 2116 4573 2240 4629; x_wconf 65' lang='lat' dir='ltr'><strong>vitae</strong></span> <span class='ocrx_word' id='word_1_635' title='bbox 2282 4572 2556 4627; x_wconf 89' lang='lat' dir='ltr'><strong>redditum</strong></span> <span class='ocrx_word' id='word_1_636' title='bbox 2610 4572 2735 4643; x_wconf 88' lang='lat'>(79).</span> <span class='ocrx_word' id='word_1_637' title='bbox 2783 4573 3129 4629; x_wconf 89' lang='lat' dir='ltr'><strong>Gislebertus</strong></span> <span class='ocrx_word' id='word_1_638' title='bbox 3187 4589 3308 4629; x_wconf 91' lang='lat' dir='ltr'><strong>cum</strong></span> <span class='ocrx_word' id='word_1_639' title='bbox 3361 4573 3560 4645; x_wconf 85' lang='lat' dir='ltr'><strong>Lotha_</strong></span> 
     </span>
    </p>
   </div>
   <div class='ocr_carea' id='block_1_96' title="bbox 1554 4731 2187 4787">
    <p class='ocr_par' dir='ltr' id='par_1_96' title="bbox 1554 4731 2187 4787">
     <span class='ocr_line' id='line_1_96' title="bbox 1554 4731 2187 4787; baseline 0.002 -1"><span class='ocrx_word' id='word_1_640' title='bbox 1554 4731 1776 4786; x_wconf 70' lang='lat' dir='ltr'><strong>VARUE</strong></span> <span class='ocrx_word' id='word_1_641' title='bbox 1809 4731 2187 4787; x_wconf 85' lang='lat' dir='ltr'><strong>LECTIONES.</strong></span> 
     </span>
    </p>
   </div>
   <div class='ocr_carea' id='block_1_97' title="bbox 280 4830 805 4886">
    <p class='ocr_par' dir='ltr' id='par_1_97' title="bbox 280 4830 805 4886">
     <span class='ocr_line' id='line_1_97' title="bbox 280 4830 805 4886; baseline -0.004 -1"><span class='ocrx_word' id='word_1_642' title='bbox 280 4831 351 4865; x_wconf 69' lang='lat'><strong>379</strong></span> <span class='ocrx_word' id='word_1_643' title='bbox 384 4831 644 4885; x_wconf 89' lang='lat' dir='ltr'><strong>omnibus</strong></span> <span class='ocrx_word' id='word_1_644' title='bbox 662 4830 757 4886; x_wconf 92' lang='lat'><strong>2.3</strong></span> <span class='ocrx_word' id='word_1_645' title='bbox 793 4870 805 4883; x_wconf 94' lang='lat'><strong>.</strong></span> 
     </span>
    </p>
   </div>
   <div class='ocr_carea' id='block_1_98' title="bbox 198 4901 672 4955">
    <p class='ocr_par' dir='ltr' id='par_1_98' title="bbox 198 4901 672 4955">
     <span class='ocr_line' id='line_1_98' title="bbox 198 4901 672 4955; baseline 0 0"><span class='ocrx_word' id='word_1_646' title='bbox 198 4904 277 4937; x_wconf 66' lang='lat'><strong>33’</strong></span> <span class='ocrx_word' id='word_1_647' title='bbox 319 4901 579 4955; x_wconf 88' lang='lat' dir='ltr'><strong>richirius</strong></span> <span class='ocrx_word' id='word_1_648' title='bbox 624 4903 672 4955; x_wconf 90' lang='lat'><strong>1.</strong></span> 
     </span>
    </p>
   </div>
   <div class='ocr_carea' id='block_1_99' title="bbox 202 4972 1500 5029">
    <p class='ocr_par' dir='ltr' id='par_1_99' title="bbox 202 4972 1500 5029">
     <span class='ocr_line' id='line_1_99' title="bbox 202 4972 1500 5029; baseline 0 -1"><span class='ocrx_word' id='word_1_649' title='bbox 202 4973 557 5029; x_wconf 83' lang='lat' dir='ltr'><strong>siodercnsis</strong></span> <span class='ocrx_word' id='word_1_650' title='bbox 584 4973 637 5026; x_wconf 95' lang='lat'><strong>2.</strong></span> <span class='ocrx_word' id='word_1_651' title='bbox 722 4973 789 5007; x_wconf 74' lang='grc'><strong>³⁸⁸</strong></span> <span class='ocrx_word' id='word_1_652' title='bbox 818 4973 961 5026; x_wconf 84' lang='lat' dir='ltr'><strong>deest</strong></span> <span class='ocrx_word' id='word_1_653' title='bbox 989 4973 1041 5025; x_wconf 88' lang='lat'><strong>2.</strong></span> <span class='ocrx_word' id='word_1_654' title='bbox 1090 4972 1326 5027; x_wconf 79' lang='lat' dir='ltr'><strong>widolus</strong></span> <span class='ocrx_word' id='word_1_655' title='bbox 1357 4990 1403 5027; x_wconf 93' lang='lat' dir='ltr'><strong>a.</strong></span> <span class='ocrx_word' id='word_1_656' title='bbox 1450 4976 1500 5028; x_wconf 92' lang='lat'><strong>3.</strong></span> 
     </span>
    </p>
   </div>
   <div class='ocr_carea' id='block_1_100' title="bbox 200 5043 1766 5116">
    <p class='ocr_par' dir='ltr' id='par_1_100' title="bbox 200 5043 1766 5116">
     <span class='ocr_line' id='line_1_100' title="bbox 200 5043 1766 5116; baseline 0.001 -17"><span class='ocrx_word' id='word_1_657' title='bbox 200 5048 257 5099; x_wconf 91' lang='lat'><strong>3.</strong></span> <span class='ocrx_word' id='word_1_658' title='bbox 343 5043 643 5116; x_wconf 77' lang='lat' dir='ltr'><strong>39‘accepit</strong></span> <span class='ocrx_word' id='word_1_659' title='bbox 717 5060 854 5098; x_wconf 83' lang='lat' dir='ltr'><strong>corr.</strong></span> <span class='ocrx_word' id='word_1_660' title='bbox 913 5052 1137 5116; x_wconf 87' lang='lat' dir='ltr'><strong>accepto</strong></span> <span class='ocrx_word' id='word_1_661' title='bbox 1171 5048 1218 5098; x_wconf 93' lang='lat'><strong>1.</strong></span> <span class='ocrx_word' id='word_1_662' title='bbox 1302 5044 1680 5099; x_wconf 73' lang='lat' dir='ltr'><strong>mteduinum</strong></span> <span class='ocrx_word' id='word_1_663' title='bbox 1712 5048 1766 5101; x_wconf 91' lang='lat'><strong>2.</strong></span> 
     </span>
    </p>
   </div>
   <div class='ocr_carea' id='block_1_101' title="bbox 201 5115 1534 5186">
    <p class='ocr_par' dir='ltr' id='par_1_101' title="bbox 201 5115 1534 5186">
     <span class='ocr_line' id='line_1_101' title="bbox 201 5115 1534 5186; baseline 0.001 -17"><span class='ocrx_word' id='word_1_664' title='bbox 201 5118 279 5151; x_wconf 69' lang='lat'><strong>396</strong></span> <span class='ocrx_word' id='word_1_665' title='bbox 304 5115 571 5171; x_wconf 87' lang='lat' dir='ltr'><strong>teoderici</strong></span> <span class='ocrx_word' id='word_1_666' title='bbox 610 5118 654 5170; x_wconf 86' lang='lat'><strong>1.</strong></span> <span class='ocrx_word' id='word_1_667' title='bbox 685 5117 904 5185; x_wconf 69' lang='lat' dir='ltr'><strong>saepius.</strong></span> <span class='ocrx_word' id='word_1_668' title='bbox 991 5115 1056 5148; x_wconf 64' lang='lat'><strong>397</strong></span> <span class='ocrx_word' id='word_1_669' title='bbox 1091 5116 1454 5186; x_wconf 90' lang='lat' dir='ltr'><strong>quantociens</strong></span> <span class='ocrx_word' id='word_1_670' title='bbox 1482 5118 1534 5170; x_wconf 92' lang='lat'><strong>2.</strong></span> 
     </span>
    </p>
   </div>
   <div class='ocr_carea' id='block_1_102' title="bbox 200 5186 1185 5251">
    <p class='ocr_par' dir='ltr' id='par_1_102' title="bbox 200 5186 1185 5251">
     <span class='ocr_line' id='line_1_102' title="bbox 200 5186 1185 5251; baseline 0 -10"><span class='ocrx_word' id='word_1_671' title='bbox 200 5187 472 5243; x_wconf 87' lang='lat' dir='ltr'><strong>ciationis</strong></span> <span class='ocrx_word' id='word_1_672' title='bbox 502 5188 555 5251; x_wconf 89' lang='lat'><strong>3,</strong></span> <span class='ocrx_word' id='word_1_673' title='bbox 643 5186 713 5219; x_wconf 74' lang='grc'><strong>³⁰²</strong></span> <span class='ocrx_word' id='word_1_674' title='bbox 746 5202 1021 5240; x_wconf 89' lang='lat' dir='ltr'><strong>sacrarum</strong></span> <span class='ocrx_word' id='word_1_675' title='bbox 1050 5186 1100 5241; x_wconf 91' lang='lat'><strong>2.</strong></span> <span class='ocrx_word' id='word_1_676' title='bbox 1134 5189 1185 5241; x_wconf 88' lang='lat'><strong>3.</strong></span> 
     </span>
    </p>
   </div>
   <div class='ocr_carea' id='block_1_103' title="bbox 201 5258 1728 5330">
    <p class='ocr_par' dir='ltr' id='par_1_103' title="bbox 201 5258 1728 5330">
     <span class='ocr_line' id='line_1_103' title="bbox 201 5258 1728 5330; baseline 0.001 -17"><span class='ocrx_word' id='word_1_677' title='bbox 201 5261 239 5312; x_wconf 90' lang='lat'><strong>2</strong></span> <span class='ocrx_word' id='word_1_678' title='bbox 266 5260 357 5313; x_wconf 91' lang='lat' dir='ltr'><strong>3a.</strong></span> <span class='ocrx_word' id='word_1_679' title='bbox 447 5259 517 5330; x_wconf 57' lang='lat'><strong>‘0?</strong></span> <span class='ocrx_word' id='word_1_680' title='bbox 538 5258 875 5330; x_wconf 87' lang='lat' dir='ltr'><strong>eubrardum</strong></span> <span class='ocrx_word' id='word_1_681' title='bbox 909 5258 961 5311; x_wconf 88' lang='lat'><strong>3.</strong></span> <span class='ocrx_word' id='word_1_682' title='bbox 1038 5259 1116 5330; x_wconf 50' lang='grc' dir='ltr'><strong>ξοδ</strong></span> <span class='ocrx_word' id='word_1_683' title='bbox 1146 5274 1382 5330; x_wconf 87' lang='lat' dir='ltr'><strong>parrona</strong></span> <span class='ocrx_word' id='word_1_684' title='bbox 1423 5258 1728 5328; x_wconf 28' lang='lat' dir='ltr'><strong>1.’szepius.</strong></span> 
     </span>
    </p>
   </div>
   <div class='ocr_carea' id='block_1_104' title="bbox 206 5328 1241 5388">
    <p class='ocr_par' dir='ltr' id='par_1_104' title="bbox 206 5328 1241 5388">
     <span class='ocr_line' id='line_1_104' title="bbox 206 5328 1241 5388; baseline 0.022 -26"><span class='ocrx_word' id='word_1_685' title='bbox 206 5331 275 5364; x_wconf 62' lang='lat'><strong>511</strong></span> <span class='ocrx_word' id='word_1_686' title='bbox 300 5331 449 5385; x_wconf 67' lang='lat' dir='ltr'><strong>deest</strong></span> <span class='ocrx_word' id='word_1_687' title='bbox 482 5328 535 5384; x_wconf 73' lang='lat'><strong>2,</strong></span> <span class='ocrx_word' id='word_1_688' title='bbox 606 5330 675 5363; x_wconf 68' lang='lat'><strong>“2</strong></span> <span class='ocrx_word' id='word_1_689' title='bbox 708 5329 1081 5383; x_wconf 88' lang='lat' dir='ltr'><strong>viridunensis</strong></span> <span class='ocrx_word' id='word_1_690' title='bbox 1107 5328 1161 5384; x_wconf 70' lang='lat'><strong>2.</strong></span> <span class='ocrx_word' id='word_1_691' title='bbox 1190 5332 1241 5388; x_wconf 84' lang='lat'><strong>3.</strong></span> 
     </span>
    </p>
   </div>
   <div class='ocr_carea' id='block_1_105' title="bbox 724 4899 1622 4959">
    <p class='ocr_par' dir='ltr' id='par_1_105' title="bbox 724 4899 1622 4959">
     <span class='ocr_line' id='line_1_105' title="bbox 724 4899 1622 4959; baseline 0.002 -4"><span class='ocrx_word' id='word_1_692' title='bbox 724 4899 950 4955; x_wconf 88' lang='lat' dir='ltr'><strong>ricarius</strong></span> <span class='ocrx_word' id='word_1_693' title='bbox 979 4902 1032 4955; x_wconf 89' lang='lat'><strong>3.</strong></span> <span class='ocrx_word' id='word_1_694' title='bbox 1105 4902 1173 4935; x_wconf 80' lang='grc'><strong>³⁸³</strong></span> <span class='ocrx_word' id='word_1_695' title='bbox 1196 4902 1443 4957; x_wconf 88' lang='lat' dir='ltr'><strong>archeias</strong></span> <span class='ocrx_word' id='word_1_696' title='bbox 1485 4904 1535 4957; x_wconf 91' lang='lat'><strong>2.</strong></span> <span class='ocrx_word' id='word_1_697' title='bbox 1572 4903 1622 4959; x_wconf 89' lang='lat'><strong>3.</strong></span> 
     </span>
    </p>
   </div>
   <div class='ocr_carea' id='block_1_106' title="bbox 1583 4974 3109 5081">
    <p class='ocr_par' dir='ltr' id='par_1_106' title="bbox 1583 4974 3109 5081">
     <span class='ocr_line' id='line_1_106' title="bbox 1583 4974 3109 5039; baseline -0.001 -9"><span class='ocrx_word' id='word_1_698' title='bbox 1583 4975 1651 5008; x_wconf 69' lang='lat'><strong>33°</strong></span> <span class='ocrx_word' id='word_1_699' title='bbox 1682 4975 1888 5031; x_wconf 91' lang='lat' dir='ltr'><strong>teutolo</strong></span> <span class='ocrx_word' id='word_1_700' title='bbox 1918 4975 1970 5031; x_wconf 89' lang='lat'><strong>2.</strong></span> <span class='ocrx_word' id='word_1_701' title='bbox 2011 4976 2101 5031; x_wconf 89' lang='lat' dir='ltr'><strong>3b.</strong></span> <span class='ocrx_word' id='word_1_702' title='bbox 2152 4974 2410 5030; x_wconf 88' lang='lat' dir='ltr'><strong>teudolus</strong></span> <span class='ocrx_word' id='word_1_703' title='bbox 2438 4975 2492 5031; x_wconf 90' lang='lat'><strong>3.</strong></span> <span class='ocrx_word' id='word_1_704' title='bbox 2540 4976 2754 5039; x_wconf 87' lang='lat' dir='ltr'><strong>teutilo,</strong></span> <span class='ocrx_word' id='word_1_705' title='bbox 2785 4977 2923 5029; x_wconf 78' lang='lat' dir='ltr'><strong>Hist.</strong></span> <span class='ocrx_word' id='word_1_706' title='bbox 2964 4977 3109 5030; x_wconf 85' lang='lat' dir='ltr'><strong>Rem.</strong></span> 
     </span>
     <span class='ocr_line' id='line_1_107' title="bbox 1590 5046 3017 5081; baseline 0 0"><span class='ocrx_word' id='word_1_707' title='bbox 1590 5062 1678 5081; x_wconf 83' lang='lat' dir='ltr'><strong>nm</strong></span> <span class='ocrx_word' id='word_1_708' title='bbox 1712 5048 1745 5081; x_wconf 77' lang='lat'><strong>0</strong></span> <span class='ocrx_word' id='word_1_709' title='bbox 1844 5047 1912 5081; x_wconf 83' lang='lat'><strong>393</strong></span> <span class='ocrx_word' id='word_1_710' title='bbox 1937 5048 2081 5081; x_wconf 63' lang='lat' dir='ltr'><strong>Hnno!</strong></span> <span class='ocrx_word' id='word_1_711' title='bbox 2112 5047 2133 5081; x_wconf 67' lang='grc' dir='ltr'><strong>ιΙ</strong></span> <span class='ocrx_word' id='word_1_712' title='bbox 2256 5046 2324 5081; x_wconf 59' lang='grc'><strong>394</strong></span> <span class='ocrx_word' id='word_1_713' title='bbox 2355 5047 2658 5081; x_wconf 68' lang='grc' dir='ltr'><strong>οιιαηοππιίη</strong></span> <span class='ocrx_word' id='word_1_714' title='bbox 2690 5053 2848 5081; x_wconf 69' lang='lat' dir='ltr'><strong>nnnn}</strong></span> <span class='ocrx_word' id='word_1_715' title='bbox 2884 5046 2918 5081; x_wconf 68' lang='grc' dir='ltr'>Θ</span> <span class='ocrx_word' id='word_1_716' title='bbox 2986 5047 3017 5081; x_wconf 64' lang='lat'><strong>&#39;2</strong></span> 
     </span>
    </p>
   </div>
   <div class='ocr_carea' id='block_1_107' title="bbox 1473 5047 2543 5197">
    <p class='ocr_par' dir='ltr' id='par_1_107' title="bbox 1473 5047 2543 5197">
     <span class='ocr_line' id='line_1_108' title="bbox 1473 5047 2543 5117; baseline 0.002 -18"><span class='ocrx_word' id='word_1_717' title='bbox 1473 5047 1680 5099; x_wconf 89' lang='lat' dir='ltr'><strong>Iuinum</strong></span> <span class='ocrx_word' id='word_1_718' title='bbox 1712 5048 1766 5101; x_wconf 91' lang='lat'><strong>2.</strong></span> <span class='ocrx_word' id='word_1_719' title='bbox 1844 5047 1912 5081; x_wconf 76' lang='lat'><strong>393</strong></span> <span class='ocrx_word' id='word_1_720' title='bbox 1937 5048 2081 5101; x_wconf 84' lang='lat' dir='ltr'><strong>deest</strong></span> <span class='ocrx_word' id='word_1_721' title='bbox 2112 5047 2162 5100; x_wconf 95' lang='lat'><strong>1.</strong></span> <span class='ocrx_word' id='word_1_722' title='bbox 2256 5047 2324 5081; x_wconf 58' lang='grc'><strong>³9⁵</strong></span> <span class='ocrx_word' id='word_1_723' title='bbox 2355 5062 2543 5117; x_wconf 79' lang='lat' dir='ltr'><strong>suspet</strong></span> 
     </span>
     <span class='ocr_line' id='line_1_109' title="bbox 1473 5117 2543 5197; baseline 0 -27"><span class='ocrx_word' id='word_1_724' title='bbox 1473 5118 1561 5197; x_wconf 32' lang='grc' dir='ltr'><strong>⁵2..Δ</strong></span> <span class='ocrx_word' id='word_1_725' title='bbox 1596 5117 1674 5197; x_wconf 62' lang='grc' dir='ltr'><strong>ξθθ</strong></span> <span class='ocrx_word' id='word_1_726' title='bbox 1703 5118 1951 5197; x_wconf 52' lang='lat' dir='ltr'><strong>obsideri</strong></span> <span class='ocrx_word' id='word_1_727' title='bbox 1978 5117 2374 5197; x_wconf 34' lang='lat' dir='ltr'><strong>map-tibus2.“</strong></span> <span class='ocrx_word' id='word_1_728' title='bbox 2421 5118 2543 5197; x_wconf 44' lang='lat'><strong>39?}:</strong></span> 
     </span>
    </p>
   </div>
   <div class='ocr_carea' id='block_1_108' title="bbox 1336 5301 3036 5404">
    <p class='ocr_par' dir='ltr' id='par_1_108' title="bbox 1336 5301 3036 5404">
     <span class='ocr_line' id='line_1_110' title="bbox 1336 5301 3036 5404; baseline 0.001 -20"><span class='ocrx_word' id='word_1_729' title='bbox 1336 5330 1405 5363; x_wconf 74' lang='lat'><strong>“3</strong></span> <span class='ocrx_word' id='word_1_730' title='bbox 1427 5301 1755 5402; x_wconf 61' lang='lat' dir='ltr'><strong>perpessum</strong></span> <span class='ocrx_word' id='word_1_731' title='bbox 1787 5332 1837 5387; x_wconf 90' lang='lat'><strong>1.</strong></span> <span class='ocrx_word' id='word_1_732' title='bbox 1871 5348 1930 5387; x_wconf 90' lang='lat' dir='ltr'><strong>se</strong></span> <span class='ocrx_word' id='word_1_733' title='bbox 1965 5333 2000 5386; x_wconf 70' lang='grc' dir='ltr'><strong>ι’.</strong></span> <span class='ocrx_word' id='word_1_734' title='bbox 2049 5347 2374 5404; x_wconf 87' lang='lat' dir='ltr'><strong>perpessum</strong></span> <span class='ocrx_word' id='word_1_735' title='bbox 2407 5333 2563 5399; x_wconf 81' lang='lat' dir='ltr'><strong>Hugo</strong></span> <span class='ocrx_word' id='word_1_736' title='bbox 2595 5332 2660 5395; x_wconf 86' lang='lat' dir='ltr'><strong>V,</strong></span> <span class='ocrx_word' id='word_1_737' title='bbox 2735 5301 2803 5365; x_wconf 43' lang='lat' dir='ltr'><strong>“Ii</strong></span> <span class='ocrx_word' id='word_1_738' title='bbox 2834 5330 2955 5386; x_wconf 91' lang='lat' dir='ltr'><strong>loca</strong></span> <span class='ocrx_word' id='word_1_739' title='bbox 2982 5331 3036 5385; x_wconf 90' lang='lat'><strong>2.</strong></span> 
     </span>
    </p>
   </div>
   <div class='ocr_carea' id='block_1_109' title="bbox 881 4828 3557 4959">
    <p class='ocr_par' dir='ltr' id='par_1_109' title="bbox 881 4828 3557 4959">
     <span class='ocr_line' id='line_1_111' title="bbox 881 4828 3557 4901; baseline 0 -18"><span class='ocrx_word' id='word_1_740' title='bbox 881 4828 950 4862; x_wconf 74' lang='grc'><strong>³⁸0</strong></span> <span class='ocrx_word' id='word_1_741' title='bbox 983 4830 1411 4885; x_wconf 89' lang='lat' dir='ltr'><strong>internicionem</strong></span> <span class='ocrx_word' id='word_1_742' title='bbox 1453 4830 1504 4885; x_wconf 87' lang='lat'><strong>2.</strong></span> <span class='ocrx_word' id='word_1_743' title='bbox 1549 4833 1602 4886; x_wconf 91' lang='lat'><strong>3.</strong></span> <span class='ocrx_word' id='word_1_744' title='bbox 1666 4833 1731 4867; x_wconf 77' lang='grc'><strong>³⁸¹</strong></span> <span class='ocrx_word' id='word_1_745' title='bbox 1761 4833 1905 4888; x_wconf 84' lang='lat' dir='ltr'><strong>deest</strong></span> <span class='ocrx_word' id='word_1_746' title='bbox 1935 4834 1987 4889; x_wconf 92' lang='lat'><strong>1.</strong></span> <span class='ocrx_word' id='word_1_747' title='bbox 2018 4833 2091 4899; x_wconf 90' lang='lat'><strong>2;</strong></span> <span class='ocrx_word' id='word_1_748' title='bbox 2123 4833 2217 4887; x_wconf 78' lang='lat' dir='ltr'><strong>sed</strong></span> <span class='ocrx_word' id='word_1_749' title='bbox 2261 4832 2467 4889; x_wconf 80' lang='lat' dir='ltr'><strong>XXXVI</strong></span> <span class='ocrx_word' id='word_1_750' title='bbox 2500 4834 2783 4901; x_wconf 83' lang='lat' dir='ltr'><strong>tegendum</strong></span> <span class='ocrx_word' id='word_1_751' title='bbox 2813 4848 2941 4895; x_wconf 82' lang='lat' dir='ltr'><strong>esse,</strong></span> <span class='ocrx_word' id='word_1_752' title='bbox 2983 4832 3134 4886; x_wconf 86' lang='lat' dir='ltr'><strong>haud</strong></span> <span class='ocrx_word' id='word_1_753' title='bbox 3179 4831 3404 4886; x_wconf 82' lang='lat' dir='ltr'><strong>dubium</strong></span> <span class='ocrx_word' id='word_1_754' title='bbox 3433 4834 3557 4885; x_wconf 78' lang='lat' dir='ltr'><strong>erit.</strong></span> 
     </span>
     <span class='ocr_line' id='line_1_112' title="bbox 890 4901 3557 4959; baseline 0.001 -5"><span class='ocrx_word' id='word_1_755' title='bbox 890 4916 950 4953; x_wconf 91' lang='lat' dir='ltr'><strong>us</strong></span> <span class='ocrx_word' id='word_1_756' title='bbox 979 4902 1032 4955; x_wconf 89' lang='lat'><strong>3.</strong></span> <span class='ocrx_word' id='word_1_757' title='bbox 1105 4902 1173 4935; x_wconf 81' lang='grc'><strong><em>³⁸³</em></strong></span> <span class='ocrx_word' id='word_1_758' title='bbox 1196 4902 1443 4957; x_wconf 88' lang='lat' dir='ltr'><strong>archeias</strong></span> <span class='ocrx_word' id='word_1_759' title='bbox 1485 4904 1535 4957; x_wconf 91' lang='lat'><strong>2.</strong></span> <span class='ocrx_word' id='word_1_760' title='bbox 1572 4903 1622 4959; x_wconf 89' lang='lat'><strong>3.</strong></span> <span class='ocrx_word' id='word_1_761' title='bbox 1716 4905 1783 4938; x_wconf 72' lang='grc'><strong>³⁸⁵</strong></span> <span class='ocrx_word' id='word_1_762' title='bbox 1814 4922 1858 4959; x_wconf 90' lang='lat' dir='ltr'><strong>s.</strong></span> <span class='ocrx_word' id='word_1_763' title='bbox 1913 4905 1970 4959; x_wconf 88' lang='lat' dir='ltr'><strong>in</strong></span> <span class='ocrx_word' id='word_1_764' title='bbox 2000 4906 2049 4958; x_wconf 91' lang='lat'><strong>2.</strong></span> <span class='ocrx_word' id='word_1_765' title='bbox 2087 4906 2139 4959; x_wconf 92' lang='lat'><strong>3.</strong></span> <span class='ocrx_word' id='word_1_766' title='bbox 2224 4905 2291 4939; x_wconf 69' lang='grc'><strong>³⁸⁵</strong></span> <span class='ocrx_word' id='word_1_767' title='bbox 2321 4905 2584 4959; x_wconf 89' lang='lat' dir='ltr'><strong>teoderici</strong></span> <span class='ocrx_word' id='word_1_768' title='bbox 2646 4906 2695 4959; x_wconf 91' lang='lat'><strong>1.</strong></span> <span class='ocrx_word' id='word_1_769' title='bbox 2728 4905 2779 4958; x_wconf 87' lang='grc'><strong>3.</strong></span> <span class='ocrx_word' id='word_1_770' title='bbox 2868 4904 2937 4938; x_wconf 73' lang='grc'><strong>³⁸⁵</strong></span> <span class='ocrx_word' id='word_1_771' title='bbox 2961 4903 3121 4958; x_wconf 92' lang='lat' dir='ltr'><strong>wallo</strong></span> <span class='ocrx_word' id='word_1_772' title='bbox 3153 4904 3206 4957; x_wconf 90' lang='lat'><strong>3.</strong></span> <span class='ocrx_word' id='word_1_773' title='bbox 3292 4901 3359 4935; x_wconf 80' lang='grc'><strong>³⁸⁷</strong></span> <span class='ocrx_word' id='word_1_774' title='bbox 3391 4902 3557 4956; x_wconf 81' lang='lat' dir='ltr'><strong>autis—</strong></span> 
     </span>
    </p>
   </div>
   <div class='ocr_carea' id='block_1_110' title="bbox 2868 4901 3564 4958">
    <p class='ocr_par' dir='ltr' id='par_1_110' title="bbox 2868 4901 3564 4958">
     <span class='ocr_line' id='line_1_113' title="bbox 2868 4901 3564 4958; baseline -0.001 -1"><span class='ocrx_word' id='word_1_775' title='bbox 2868 4904 2937 4938; x_wconf 73' lang='grc'><strong>³⁸⁸</strong></span> <span class='ocrx_word' id='word_1_776' title='bbox 2961 4903 3121 4958; x_wconf 92' lang='lat' dir='ltr'><strong>wallo</strong></span> <span class='ocrx_word' id='word_1_777' title='bbox 3153 4904 3206 4957; x_wconf 91' lang='lat'><strong>3.</strong></span> <span class='ocrx_word' id='word_1_778' title='bbox 3292 4901 3359 4935; x_wconf 81' lang='grc'><strong>³⁸⁷</strong></span> <span class='ocrx_word' id='word_1_779' title='bbox 3391 4902 3564 4956; x_wconf 85' lang='lat' dir='ltr'><strong>antis-</strong></span> 
     </span>
    </p>
   </div>
   <div class='ocr_carea' id='block_1_111' title="bbox 2224 4905 2779 4960">
    <p class='ocr_par' dir='ltr' id='par_1_111' title="bbox 2224 4905 2779 4960">
     <span class='ocr_line' id='line_1_114' title="bbox 2224 4905 2779 4960; baseline -0.004 -2"><span class='ocrx_word' id='word_1_780' title='bbox 2224 4905 2291 4939; x_wconf 70' lang='lat'><strong>”5</strong></span> <span class='ocrx_word' id='word_1_781' title='bbox 2321 4905 2584 4960; x_wconf 90' lang='lat' dir='ltr'><strong>teoderici</strong></span> <span class='ocrx_word' id='word_1_782' title='bbox 2646 4906 2695 4959; x_wconf 92' lang='lat'><strong>1.</strong></span> <span class='ocrx_word' id='word_1_783' title='bbox 2728 4905 2779 4958; x_wconf 92' lang='lat'><strong>3.</strong></span> 
     </span>
    </p>
   </div>
   <div class='ocr_carea' id='block_1_112' title="bbox 3192 4972 3565 5028">
    <p class='ocr_par' dir='ltr' id='par_1_112' title="bbox 3192 4972 3565 5028">
     <span class='ocr_line' id='line_1_115' title="bbox 3192 4972 3565 5028; baseline 0.005 -2"><span class='ocrx_word' id='word_1_784' title='bbox 3192 4972 3260 5006; x_wconf 74' lang='lat'><strong>39°</strong></span> <span class='ocrx_word' id='word_1_785' title='bbox 3287 4972 3565 5028; x_wconf 86' lang='lat' dir='ltr'><strong>ordinavit</strong></span> 
     </span>
    </p>
   </div>
   <div class='ocr_carea' id='block_1_113' title="bbox 2256 5044 3559 5117">
    <p class='ocr_par' dir='ltr' id='par_1_113' title="bbox 2256 5044 3559 5117">
     <span class='ocr_line' id='line_1_116' title="bbox 2256 5044 3559 5117; baseline 0.001 -17"><span class='ocrx_word' id='word_1_786' title='bbox 2256 5046 2324 5081; x_wconf 52' lang='lat'><strong>39‘</strong></span> <span class='ocrx_word' id='word_1_787' title='bbox 2355 5047 2658 5117; x_wconf 90' lang='lat' dir='ltr'><strong>suspendio</strong></span> <span class='ocrx_word' id='word_1_788' title='bbox 2690 5053 2851 5101; x_wconf 91' lang='lat' dir='ltr'><strong>necat</strong></span> <span class='ocrx_word' id='word_1_789' title='bbox 2884 5046 2941 5099; x_wconf 89' lang='lat'><strong>2.</strong></span> <span class='ocrx_word' id='word_1_790' title='bbox 2986 5047 3037 5099; x_wconf 94' lang='lat'><strong>3.</strong></span> <span class='ocrx_word' id='word_1_791' title='bbox 3116 5045 3184 5117; x_wconf 60' lang='grc' dir='ltr'><strong>ίῗθδ</strong></span> <span class='ocrx_word' id='word_1_792' title='bbox 3210 5051 3373 5117; x_wconf 85' lang='lat' dir='ltr'><strong>atque</strong></span> <span class='ocrx_word' id='word_1_793' title='bbox 3394 5044 3472 5117; x_wconf 74' lang='lat'><strong>_2.</strong></span> <span class='ocrx_word' id='word_1_794' title='bbox 3505 5044 3559 5101; x_wconf 92' lang='lat'><strong>3.</strong></span> 
     </span>
    </p>
   </div>
   <div class='ocr_carea' id='block_1_114' title="bbox 2421 5115 3563 5190">
    <p class='ocr_par' dir='ltr' id='par_1_114' title="bbox 2421 5115 3563 5190">
     <span class='ocr_line' id='line_1_117' title="bbox 2421 5115 3563 5190; baseline -0.002 -19"><span class='ocrx_word' id='word_1_795' title='bbox 2421 5115 2665 5190; x_wconf 49' lang='lat' dir='ltr'><strong>39“regis</strong></span> <span class='ocrx_word' id='word_1_796' title='bbox 2708 5118 2757 5190; x_wconf 80' lang='lat'><strong>3.</strong></span> <span class='ocrx_word' id='word_1_797' title='bbox 2834 5117 2903 5150; x_wconf 71' lang='grc' dir='ltr'><strong>¹ο⁰⁰</strong></span> <span class='ocrx_word' id='word_1_798' title='bbox 2930 5118 3075 5172; x_wconf 83' lang='lat' dir='ltr'><strong>deest</strong></span> <span class='ocrx_word' id='word_1_799' title='bbox 3100 5115 3164 5190; x_wconf 12' lang='lat'><strong>&gt;3.</strong></span> <span class='ocrx_word' id='word_1_800' title='bbox 3244 5115 3563 5190; x_wconf 65' lang='lat' dir='ltr'><strong>‘°‘_a_dnun-</strong></span> 
     </span>
    </p>
   </div>
   <div class='ocr_carea' id='block_1_115' title="bbox 2577 5187 3560 5259">
    <p class='ocr_par' dir='ltr' id='par_1_115' title="bbox 2577 5187 3560 5259">
     <span class='ocr_line' id='line_1_118' title="bbox 2577 5187 3560 5259; baseline 0 -17"><span class='ocrx_word' id='word_1_801' title='bbox 2577 5187 2632 5259; x_wconf 82' lang='lat' dir='ltr'><strong>q.</strong></span> <span class='ocrx_word' id='word_1_802' title='bbox 2676 5189 2927 5243; x_wconf 87' lang='lat' dir='ltr'><strong>viderant</strong></span> <span class='ocrx_word' id='word_1_803' title='bbox 2952 5190 3006 5242; x_wconf 85' lang='lat'><strong>2.</strong></span> <span class='ocrx_word' id='word_1_804' title='bbox 3093 5188 3161 5223; x_wconf 69' lang='lat'><strong>“’5</strong></span> <span class='ocrx_word' id='word_1_805' title='bbox 3191 5187 3560 5242; x_wconf 89' lang='lat' dir='ltr'><strong>munitionem</strong></span> 
     </span>
    </p>
   </div>
   <div class='ocr_carea' id='block_1_116' title="bbox 2766 5259 3557 5330">
    <p class='ocr_par' dir='ltr' id='par_1_116' title="bbox 2766 5259 3557 5330">
     <span class='ocr_line' id='line_1_119' title="bbox 2766 5259 3557 5330; baseline -0.005 -17"><span class='ocrx_word' id='word_1_806' title='bbox 2766 5275 3059 5330; x_wconf 89' lang='lat' dir='ltr'><strong>parronam</strong></span> <span class='ocrx_word' id='word_1_807' title='bbox 3094 5259 3145 5313; x_wconf 93' lang='lat'><strong>1.</strong></span> <span class='ocrx_word' id='word_1_808' title='bbox 3180 5260 3474 5314; x_wconf 89' lang='lat' dir='ltr'><strong>barronam</strong></span> <span class='ocrx_word' id='word_1_809' title='bbox 3505 5260 3557 5313; x_wconf 88' lang='lat'><strong>3.</strong></span> 
     </span>
    </p>
   </div>
   <div class='ocr_carea' id='block_1_117' title="bbox 1775 5458 1984 5515">
    <p class='ocr_par' dir='ltr' id='par_1_117' title="bbox 1775 5458 1984 5515">
     <span class='ocr_line' id='line_1_120' title="bbox 1775 5458 1984 5515; baseline 0.005 -1"><span class='ocrx_word' id='word_1_810' title='bbox 1775 5458 1984 5515; x_wconf 73' lang='grc' dir='ltr'><strong>ΝΟΤᾹΞ.</strong></span> 
     </span>
    </p>
   </div>
   <div class='ocr_carea' id='block_1_118' title="bbox 282 5561 666 5632">
    <p class='ocr_par' dir='ltr' id='par_1_118' title="bbox 282 5561 666 5632">
     <span class='ocr_line' id='line_1_121' title="bbox 282 5561 666 5632; baseline 0 -15"><span class='ocrx_word' id='word_1_811' title='bbox 282 5562 398 5632; x_wconf 88' lang='lat'>(68)</span> <span class='ocrx_word' id='word_1_812' title='bbox 439 5561 666 5617; x_wconf 83' lang='lat' dir='ltr'><strong>Arches.</strong></span> 
     </span>
    </p>
   </div>
   <div class='ocr_carea' id='block_1_119' title="bbox 278 5636 595 5704">
    <p class='ocr_par' dir='ltr' id='par_1_119' title="bbox 278 5636 595 5704">
     <span class='ocr_line' id='line_1_122' title="bbox 278 5636 595 5704; baseline -0.016 -14"><span class='ocrx_word' id='word_1_813' title='bbox 278 5636 394 5704; x_wconf 84' lang='lat'>(69)</span> <span class='ocrx_word' id='word_1_814' title='bbox 432 5636 595 5702; x_wconf 78' lang='lat' dir='ltr'><strong>Rege.</strong></span> 
     </span>
    </p>
   </div>
   <div class='ocr_carea' id='block_1_120' title="bbox 2014 5566 3559 5643">
    <p class='ocr_par' dir='ltr' id='par_1_120' title="bbox 2014 5566 3559 5643">
     <span class='ocr_line' id='line_1_123' title="bbox 2014 5566 3559 5643; baseline 0.001 -23"><span class='ocrx_word' id='word_1_815' title='bbox 2014 5568 2313 5643; x_wconf 85' lang='lat' dir='ltr'><strong>(70)_Hugo</strong></span> <span class='ocrx_word' id='word_1_816' title='bbox 2386 5569 2535 5643; x_wconf 88' lang='lat' dir='ltr'><strong>Vird.</strong></span> <span class='ocrx_word' id='word_1_817' title='bbox 2614 5569 2835 5643; x_wconf 86' lang='lat' dir='ltr'><strong>pergit:</strong></span> <span class='ocrx_word' id='word_1_818' title='bbox 2902 5588 2927 5619; x_wconf 72' lang='grc' dir='ltr'><strong>ε(</strong></span> <span class='ocrx_word' id='word_1_819' title='bbox 2970 5567 3333 5643; x_wconf 79' lang='lat' dir='ltr'><strong>Quamobrem</strong></span> <span class='ocrx_word' id='word_1_820' title='bbox 3396 5566 3559 5643; x_wconf 77' lang='lat' dir='ltr'><strong>hujus</strong></span> 
     </span>
    </p>
   </div>
   <div class='ocr_carea' id='block_1_121' title="bbox 1940 5639 3559 5714">
    <p class='ocr_par' dir='ltr' id='par_1_121' title="bbox 1940 5639 3559 5714">
     <span class='ocr_line' id='line_1_124' title="bbox 1940 5639 3559 5714; baseline 0.001 -23"><span class='ocrx_word' id='word_1_821' title='bbox 1940 5640 2194 5711; x_wconf 88' lang='lat' dir='ltr'><strong>exemplo</strong></span> <span class='ocrx_word' id='word_1_822' title='bbox 2235 5639 2513 5711; x_wconf 77' lang='lat' dir='ltr'><strong>provocati</strong></span> <span class='ocrx_word' id='word_1_823' title='bbox 2545 5639 2767 5714; x_wconf 78' lang='lat' dir='ltr'><strong>quidam</strong></span> <span class='ocrx_word' id='word_1_824' title='bbox 2807 5639 3202 5697; x_wconf 87' lang='lat' dir='ltr'><strong>canonicorum</strong></span> <span class='ocrx_word' id='word_1_825' title='bbox 3244 5639 3416 5696; x_wconf 74' lang='lat' dir='ltr'><strong>beata:</strong></span> <span class='ocrx_word' id='word_1_826' title='bbox 3448 5639 3559 5692; x_wconf 85' lang='lat' dir='ltr'><strong>Ma—</strong></span> 
     </span>
    </p>
   </div>
  </div>
