3972 6206
440 317 547 374 455

1584 308 1943 365 FLODOARDI
1987 311 2285 367 CANONICI
2332 311 2659 369 REMENSI‘S

3687 318 3797 374 456

437 462 623 532 itoque
654 455 821 510 ﬂuvio
843 455 1047 518 Axona,
1072 451 1392 506 Lalldunum
1428 452 1733 507 οοηιοηάἱιο
1766 453 1881 518 Quo
1904 469 2060 510 com-
2088 461 2137 527 Α
2163 455 2407 513 dowieus
2449 458 2854 528 Petraepontem
2897 458 3263 513 munitionem
3306 458 3457 515 bello
3495 468 3801 535 aggressus

437 545 787 621 perto,Hugo
826 548 881 595 et
932 540 1267 607 tleribcrtus,
1331 538 1519 593 relicta
1567 539 1857 595 obsidione
1905 542 2053 597 Lau-
2152 559 2255 616 est,
2286 557 2340 604 et
2383 547 2615 604 obsides
2644 547 2944 617 accipiens,
2992 549 3221 603 recessit
3253 548 3324 602 ab
3355 564 3442 603 ea.
3488 550 3710 605 Deinde
3742 552 3796 605 in

437 640 591 705 duni,
624 643 786 692 noctu
818 634 887 689 ad
925 632 1291 687 munitionem
1328 631 1728 702 Petraeponlem
1776 634 2054 705 deprope-
2155 656 2391 713 regnum
2445 638 2803 693 Lothariense
2847 653 2971 692 cum
3002 638 3225 693 Artoldo
3279 640 3714 711 archiepiscopo
3746 651 3801 697 et

441 737 589 797 rant;
631 728 873 797 indeque
919 723 1115 779 Othoni
1174 722 1292 796 regi
1345 722 1562 779 obviam
1609 722 2050 792 proﬁciscuntur.

439 819 538 875 Cui
568 815 848 884 conjuncti
880 813 946 866 ad
975 812 1281 867 Atiniacum
1327 826 1451 865 eum
1498 811 1825 881 perducunt,
1870 811 2057 883 ibique

437 928 561 968 cum
594 907 848 982 Rotgario
876 904 1079 960 comite
1112 904 1217 976 ipsi
1242 903 1439 958 Othoni
1457 904 1522 937 5’7
1542 919 1663 957 sese
1683 904 2056 959 committunt.

440 1003 766 1060 Ludowicns
795 1015 888 1054 rex
933 998 1220 1072 ingressus
1241 996 1589 1062 Laudunum,
1643 996 1820 1050 vietus
1859 996 1972 1050 suis
1992 996 2059 1029 ⁵²⁸

438 1090 692 1164 providet
727 1086 1037 1142 necessaria
1091 1086 1186 1137 5’9:
1236 1085 1429 1155 sicque
1461 1100 1583 1138 cum
1627 1084 1851 1159 Hugone
1901 1085 2061 1155 Nigro

439 1193 493 1240 et
522 1181 794 1237 Willelmo
823 1176 1126 1232 Pictavensi
1154 1176 1524 1249 Burgundiam
1544 1176 1760 1246 repetit.
1792 1175 1929 1230 Otho
1954 1176 2059 1244 (83)

438 1291 534 1329 rex
566 1270 845 1335 Reinrico,
880 1268 1028 1322 fratri
1069 1282 1192 1331 suo,
1242 1282 1471 1340 regnum
1506 1266 1860 1321 Lothariense
1912 1282 2064 1321 com-

440 1362 624 1417 mittit.
653 1360 898 1428 Tumque
927 1372 1048 1410 cum
1088 1355 1428 1409 diversarum
1462 1354 1730 1429 gentium,
1776 1372 1914 1426 quas
1963 1371 2058 1409 se-

440 1469 562 1509 cum
594 1450 894 1505 adduxerat
933 1447 1023 1514 53“,
1053 1446 1404 1501 multitudine
1451 1456 1574 1516 post
1616 1446 1968 1503 Ludowicum
2009 1447 2064 1500 in

448 1544 820 1620 Burgundiam
863 1539 1247 1611 proﬁciscitur,
1279 1541 1489 1595 habens
1509 1556 1696 1594 secum
1732 1539 2065 1617 Conradum,

444 1643 620 1697 ﬁlium
645 1638 869 1694 Rodulﬁ
896 1638 1042 1712 regis
1068 1636 1336 1700 Jurensis,
1366 1652 1527 1709 quem
1556 1637 1665 1707 jam
1698 1636 1906 1690 dudum
1940 1635 2067 1690 dolo

442 1738 664 1802 captum
700 1728 922 1798 sibique
953 1727 1247 1780 adductum
1283 1725 1590 1790 retinebat;
1625 1732 1910 1794 castraque
1951 1739 2070 1777 me-

2158 732 2283 787 aliis
2338 729 2594 784 ﬁdelibus
2631 729 2747 784 suis
2772 729 3052 800 profectus
3082 737 3184 785 est.
3235 730 3375 786 Otho
3415 747 3647 803 quoque
3677 749 3796 800 rex,

2160 822 2353 876 Rheno
2386 818 2637 885 transito,
2671 818 2935 874 adversus
2963 834 3089 873 eum
3124 819 3311 883 venit;
3362 821 3463 875 sed
3492 821 3566 875 ab
3597 837 3794 877 eorum

2160 912 2420 967 ﬁdelibus
2446 912 2588 967 inter
2608 911 2942 967 eosindutize
2967 912 3352 967 determinatus
3380 921 3531 968 sunt.

2235 1004 2419 1059 Puell‘a
2474 1004 2725 1075 quaedam
2773 1004 3109 1076 paupercula
3179 1005 3250 1060 de
3324 1004 3458 1060 villa
3530 1021 3662 1077 quae
3713 1004 3800 1060 di-

2162 1096 2302 1151 citur
2332 1096 2608 1160 Lavenna,
2665 1094 2890 1150 nomine
2934 1095 3240 1162 Flothildis,
3295 1095 3545 1151 visiones
3572 1104 3801 1152 sancto-

2165 1202 2282 1240 rum
2314 1183 2605 1239 manifeste
2634 1183 2979 1256 vigilansque
3025 1190 3080 1238 et
3128 1184 3181 1238 in
3228 1185 3423 1255 spiritu
3465 1185 3659 1241 videre
3709 1202 3799 1241 as-

2164 1281 2418 1330 sueverat
2440 1275 2526 1327 535.
2561 1289 2626 1328 ac
2646 1274 2896 1345 quazdam
2931 1274 3113 1328 futura
3143 1273 3636 1343 praedicebat(85).
3666 1277 3799 1340 Quae

2163 1368 2287 1435 post
2312 1369 2633 1434 sequentem
2660 1379 2868 1418 annum
2900 1363 2954 1418 in
2999 1362 3120 1435 ipsa
3156 1362 3353 1418 natalis
3383 1350 3617 1420 Domini.
3636 1373 3799 1420 nocte

2166 1454 2427 1508 decessit.
2479 1454 2590 1509 Hoc
2627 1468 2772 1508 anno
2828 1455 2977 1509 acies
3033 1453 3377 1508 diversorum
3429 1456 3686 1510 colorum
3744 1456 3798 1508 in

2171 1544 2304 1598 caelo
2327 1544 2455 1598 visre
2477 1550 2605 1598 sunt
2630 1559 2822 1599 mense
2854 1543 3178 1598 Decembrio
3200 1544 3271 1577 ⁵³⁸
3297 1551 3459 1598 nocte
3486 1544 3797 1600 dominica.

2170 1630 2407 1687 Collecta
2462 1632 2990 1700 Transmarinorum,
3033 1633 3134 1688 sed
3189 1640 3246 1688 et
3311 1635 3619 1700 Gallorum,
3676 1650 3800 1704 qua

2168 1724 2397 1780 Romam
2426 1727 2665 1796 petebat,
2705 1727 3015 1793 revertitur,
3044 1726 3246 1783 occisis
3274 1742 3465 1782 eorum
3510 1728 3802 1782 nonnullis

438 1832 585 1905 tatus
610 1839 781 1894 supra
810 1822 873 1856 ⁵³¹
900 1822 1233 1892 Sequanam,
1274 1819 1495 1874 obsides
1525 1818 1594 1872 ab
1636 1818 1862 1891 Hugone
1901 1816 2065 1889 Nigro
2091 1831 2143 1900 Β
2168 1833 2200 1872 a
2228 1818 2542 1874 Sarracenis
2571 1837 2585 1885 ;
2631 1835 2736 1874 nec
2764 1819 2940 1890 potuit
2970 1818 3134 1891 Alpes
3162 1818 3394 1874 transire
3419 1825 3653 1889 propter
3679 1819 3801 1873 Sar-

438 1916 669 1987 accepit,
704 1930 826 1969 eum
850 1912 1165 1981 juramento
1192 1927 1261 1964 ne
1293 1917 1442 1965 esset
1482 1916 1816 1964 nocumento
1853 1908 2068 1981 [ingeni

438 2009 522 2065 vel
558 2006 866 2070 lleriberto,
919 2003 1013 2075 qui
1051 2019 1109 2057 se
1155 2004 1223 2037 53’
1278 2000 1643 2056 subdiderant
1672 2000 1852 2054 eidem
1899 1999 2068 2054 Otho-

445 2098 499 2152 ni
532 2097 600 2131 ⁵³³
657 2096 773 2159 Quo
811 2094 974 2159 facto,
1013 2091 1303 2147 revertitur
1342 2091 1410 2145 ad
1432 2106 1548 2144 sua.
1586 2089 1737 2163 llugo
1769 2087 1914 2142 ﬁlius
1964 2086 2070 2140 He-

450 2184 644 2241 ribcrti
680 2183 865 2238 Remis
902 2197 933 2236 a
963 2181 1201 2235 Widone
1231 2178 1561 2234 Sucssonico
1594 2176 1825 2248 praesule
1852 2175 2070 2247 presbi-

443 2289 526 2336 tcr
553 2278 860 2333 ordinatur.
888 2274 1212 2329 Ludowicus
1238 2289 1328 2327 rex
1381 2271 1703 2326 Laudunum
1750 2269 1908 2323 redit.
1954 2268 2066 2342 Ego

446 2374 687 2447 denique
718 2373 1026 2443 disponens
1054 2368 1320 2425 orationis
1348 2367 1520 2441 gratia
1542 2365 1855 2435 sepulcrum
1887 2362 2062 2419 sancti

437 2461 652 2516 Martini
686 2459 889 2527 visere,
942 2465 1186 2513 retentus
1237 2473 1360 2511 sum
1392 2455 1460 2509 ab
1509 2454 1791 2509 Heriberto
1836 2452 2058 2521 comite,

442 2554 581 2608 clam
624 2568 713 2607 me
742 2550 1072 2622 quibusdam
1121 2545 1511 2603 accusantibus
1562 2543 1708 2614 apud
1736 2559 1886 2609 eum,
1915 2542 2063 2614 quod

441 2650 525 2706 sui
582 2664 747 2703 causa
814 2644 1131 2701 nocumenti
1195 2644 1394 2697 vellem
1464 2639 1740 2711 proﬁcisci
1823 2640 1909 2693 vel
1972 2637 2070 2693 ﬁlii

439 2741 525 2798 sui
570 2740 638 2774 ³³⁵
684 2741 737 2792 *.
762 2738 1021 2808 Fecitque
1052 2751 1138 2789 me
1167 2735 1269 2789 sub
1299 2732 1551 2788 custodia
1591 2730 1849 2794 detineri,
1873 2729 2071 2785 ablatis

519 2833 569 2903 [*
616 2832 689 2886 Η.
743 2831 806 2884 R.
866 2828 940 2888 iv,
985 2826 1074 2881 28.
1143 2824 1226 2903 Et
1262 2822 1392 2894 quia
1442 2820 1765 2903 renutabam
1813 2835 1901 2874 me
1942 2820 2070 2903 huic

513 2890 689 2957 Electo
740 2905 927 2952 nostro
988 2890 1355 2960 committere,
1405 2892 1660 2947 nesciens
1708 2899 1886 2945 utrum
1957 2890 2069 2945 Deo

512 2973 895 3043 placereteum
928 2966 1217 3038 przesulem
1251 2971 1496 3019 nostrum
1530 2963 1645 3018 fore
1691 2962 1912 3032 Sicque,
1939 2962 2065 3033 etc.]

446 3083 478 3120 a
516 3079 605 3118 me
649 3062 816 3116 rebus
852 3075 989 3132 quas
1020 3058 1089 3113 de
1129 3058 1451 3129 episcopatu
1493 3055 1773 3121 tenebam,
1810 3071 1933 3109 cum
1965 3071 2073 3109 tec-

441 3156 608 3212 clesia
649 3170 814 3225 quam
856 3152 1114 3226 regebam
1175 3150 1229 3204 in
1290 3148 1646 3204 Culmisciaco
1701 3147 1826 3213 (84),
1880 3145 2072 3218 sicque

444 3246 628 3319 plenis
675 3243 920 3315 quinque
947 3240 1235 3296 mensibus
1274 3240 1307 3272 ’θ
1349 3255 1469 3294 sum
1501 3238 1781 3293 detentus.
1818 3237 1929 3291 Rex
1968 3236 2072 3291 Ln-

522 3335 570 3406 [*
604 3335 673 3388 Η.
732 3336 799 3406 Β.
853 3349 927 3398 ιν,
984 3331 1075 3406 28.
1122 3328 1529 3406 Apudufratres
1571 3337 1810 3406 nostros,
1835 3326 1954 3397 ipso
1986 3342 2075 3406 co-

516 3398 917 3473 mitejubente,
949 3403 1064 3457 sub
1097 3398 1359 3473 custodia,
1380 3399 1575 3473 partim
1610 3399 1783 3473 libera
1820 3413 1937 3473 sum
1971 3398 2071 3451 de-

516 3468 724 3557 teritu‘s.
758 3474 1026 3557 .Contigit_
1049 3481 1233 3557 autem
1287 3468 1450 3557 mihi,
1493 3471 1716 3557 domina
1746 3484 1885 3557 mea,
1911 3468 2071 3557 beata

512 3548 609 3621 Dei
644 3546 913 3621 genitrice
944 3539 1358 3621 intercedente,
1387 3552 1458 3621 nt_
1479 3559 1597 3621 ipsa
1628 3542 1719 3621 die
1759 3539 2073 3621 conceptis)-

514 3619 603 3673 nis
641 3610 695 3673 et
726 3617 998 3690 passionis
1039 3615 1257 3690 Domini
1292 3613 1461 3690 nostri
1493 3610 1619 3690 Je_s_u
1653 3610 2069 3690 Clinristiabsot-

512 3681 1028 3753 verem-custodia,
1060 3695 1116 3741 et
1164 3686 1251 3740 die
1282 3686 1443 3739 tertia
1468 3684 1677 3738 scilicet
1707 3684 1740 3736 6
1770 3681 1880 3735 Kal.
1916 3681 2071 3751 Apri-

516 3761 605 3826 lis,
656 3777 763 3831 qua
796 3760 1061 3839 Dominus
1101 3775 1131 3839 εξ
1169 3756 1405 3811 mortuis
1444 3753 1760 3839 resurrexit,
1816 3769 2073 3839 egressus

516 3833 636 3902 ipse
669 3825 793 3886 cum
825 3830 1051 3900 praefato
1084 3828 1488 3902 electo__nostro
1519 3826 1587 3879 ad
1611 3825 1810 3902 urbem
1838 3825 2074 3902 Suessof

517 3895 698 3958 nicum
758 3895 1039 3972 profectus
1081 3898 1359 3972 sum.,Ubi
1385 3895 1787 3972 convenientes
1822 3895 2070 3972 epis_c0pi

520 3976 685 4043 hujus
710 3966 971 4027 'diocesos
999 3986 1121 4027 cum
1156 3968 1507 4043 principibus
1548 3967 1775 4043 llugone
1821 3982 1885 4019 ac
1918 3966 2073 4019 Heri-

520 4037 681 4101 berto
721 4050 1021 4098 tractarunt
1075 4037 1208 4111 quid
1260 4037 1358 4094 eis
1383 4046 1531 4093 esset
1573 4037 1857 4111 agendum
1905 4053 2075 4111 super

524 4059 681 4101 berto
721 4059 1021 4098 trucmrunt
1115 4059 1208 4095 um
1260 4059 1343 4094 ets
1383 4059 1531 4093 esset
1584 4059 1857 4111 agendum
1905 4059 2071 4107 super

522 4116 825 4189 episcopali
866 4114 1028 4182 hujus
1068 4059 1312 4189 {ingenis
1343 4109 1937 4189 erdinationehsicque
1968 4108 2071 4189 de-

520 4179 834 4249 creverunt,
881 4179 1201 4256 petentibus
1263 4183 1594 4256 quibusdam
1637 4180 1769 4256 ﬁliis
1824 4179 2070 4256 ecclesiae

523 4258 832 4321 Remensis,
881 4252 989 4311 tam
1021 4255 1256 4320 clericis,
1281 4252 1469 4325 'quam
1528 4252 1703 4325 laicis.
1763 4266 1891 4304 eum
1921 4252 2072 4325 ordi-

522 4332 788 4396 nandum,
822 4327 1201 4383 asserentibus
1229 4322 1757 4396 iantoribusiipsius,
1796 4322 1945 4396 quod
1970 4324 2076 4396 _Ar—

521 4402 706 4458 toldus
761 4393 1105 4473 nequaquam
1143 4397 1395 4461 'electus,
1451 4395 1551 4473 sed
1586 4393 1702 4473 per
1755 4393 2073 4473 violentiam

518 4473 688 4528 fuerit
712 4463 1080 4535 intromissus,
1114 4483 1347 4539 seseque
1387 4463 1689 4537 episcopali
1736 4463 2076 4518 abdicaverit

518 4545 747 4599 ditione.
781 4542 859 4596 ibi
893 4556 1024 4612 ergo
1078 4541 1229 4612 llugo
1257 4538 1516 4612 princeps
1545 4545 1676 4612 tunc
1700 4551 1918 4612 meper
1955 4551 2075 4612 ma-

520 4633 650 4671 num
680 4605 1136 4684 accipiens-,ihuic
1160 4605 1372 4684 Βρίξοηὶ
1403 4605 1593 4684 nepoti
1616 4622 1717 4684 suo
1735 4608 1808 4684 ad
1843 4605 2073 4661 benefa-

516 4687 774 4743 ciendum
802 4677 1112 4740 commisit:
1147 4677 1353 4753 quique
1378 4677 1520 4753 mihi
1549 4677 1839 4734 ecclesiam
1873 4686 2075 4733 sanctm

518 4758 699 4813 Mariae
760 4755 911 4810 dedit
961 4754 1015 4807 in
1080 4751 1295 4808 Col—ride
1345 4751 1527 4818 sitam,
1579 4756 1777 4803 terram
1830 4764 2075 4819 quoque,

520 4846 683 4902 quam
706 4835 863 4902 pater
883 4842 1018 4902 suus
1034 4824 1168 4878 mihi
1191 4822 1510 4902 abstulerat,
1542 4819 1804 4886 reddidit,
1825 4830 1881 4874 et
1910 4821 2073 4874 aliam

519 4892 575 4959 in
611 4892 874 4973 praedicta
904 4897 1031 4953 villa
1059 4892 1452 4966 superad,ecit.

2096 3105 2146 3177 C

2096 4572 2154 4642 D

2168 1923 2419 1975 racenos,
2472 1908 2566 1978 qui
2598 1908 2777 1963 vicum
2823 1908 3142 1963 monasterii
3182 1908 3353 1962 sancti
3404 1906 3659 1962 Mauricii
3701 1922 3799 1962 oc-

2169 2008 2519 2071 cupaverant,
2551 2001 2708 2057 Anuo
2811 2071 3125 2129 DCCCCXLI

2167 2161 2431 2216 Gerlanus
2468 2160 2807 2217 Senonensis
2844 2161 3294 2232 archiepisc0pus
3337 2160 3478 2215 urbe
3525 2177 3634 2217 sua
3691 2164 3798 2220 de-

2168 2253 2389 2323 pellitur
2426 2269 2459 2307 a
2502 2253 2859 2320 Frotmundo,
2891 2269 3054 2325 quem
3114 2253 3265 2326 Hugo
3302 2252 3472 2308 Albus
3511 2254 3581 2287 ‘37
3615 2255 3796 2311 eidem

2165 2345 2367 2400 civitati
2414 2344 2752 2415 prtefecerat,
2795 2344 3012 2415 culpato
3045 2344 3317 2401 Gerlando
3373 2345 3530 2417 quod
3579 2346 3797 2402 Waloni

2162 2430 2377 2500 faverit,
2410 2437 2622 2491 homini
2682 2437 2947 2493 Heriberti
2994 2436 3232 2499 comitis,
3273 2436 3366 2509 qui
3399 2437 3797 2493 Frotmundum

2163 2528 2250 2582 vel
2282 2543 2411 2582 suos
2438 2544 2469 2582 a
2500 2526 2723 2597 praefata
2748 2526 3034 2598 expulerat
3063 2526 3217 2581 urbe.
3252 2525 3575 2581 Heribertus
3616 2544 3801 2583 comes

2170 2616 2441 2686 synodum
2497 2616 2817 2673 convocavit
2848 2616 2915 2670 ad
2957 2615 3435 2671 determinandam
3474 2624 3801 2673 controver-

2169 2705 2306 2760 siam
2351 2706 2494 2760 inter
2545 2704 2716 2760 ﬁlium
2756 2705 2928 2777 ipsius
2974 2704 3253 2780 llugonem
3285 2705 3355 2739 ⁵³⁸
3403 2712 3458 2760 et
3514 2707 3798 2762 Artoldum

2168 2795 2676 2866 archiepiscopum;
2711 2794 2807 2848 sed
2840 2795 3177 2864 impediente
3218 2794 3472 2869 Hugone,
3507 2802 3676 2866 atque
3708 2813 3796 2851 sa-

2170 2894 2388 2961 tagente
2419 2904 2488 2943 ne
2517 2888 2655 2943 forte
2684 2889 2752 2943 ad
2775 2887 3094 2943 ﬁdelitatem
3127 2893 3180 2941 et
3210 2887 3473 2942 auxilium
3519 2887 3795 2944 Ludowici

2170 2980 2318 3055 regis
2355 2987 2841 3054 congregarentur,
2874 2980 3114 3036 omisere
3157 2987 3510 3037 conventum.
3557 2982 3671 3038 Rex
3702 2985 3799 3039 Lu-

2173 3069 2418 3125 dowicus
2442 3069 2809 3140 Burgundiam
2833 3076 3046 3140 petens,
3076 3071 3343 3142 comperit
3362 3070 3690 3145 Rotgarium
3714 3074 3796 3136 ⁵³9,

2174 3158 2430 3214 comitem
2464 3174 2635 3230 prope
2666 3174 2725 3213 se
2759 3158 2895 3213 forte
2937 3164 3234 3225 metatum;
3265 3175 3429 3231 quem
3482 3175 3823 3235 aggressus,-

2173 3247 2593 3318 comprehendit
2619 3264 2742 3301 cum
2772 3246 2857 3300 his
2890 3246 2984 3317 qui
3037 3262 3159 3302 cum
3200 3262 3267 3303 eo
3297 3253 3453 3302 erant
3499 3263 3674 3318 super
3702 3248 3801 3304 ilu-

2174 3340 2323 3394 vium
2380 3339 2700 3406 Maternam,
2752 3354 3049 3410 secumque
3090 3338 3145 3393 in
3203 3339 3579 3413 Burgundiam
3630 3340 3798 3395 duxit.

2174 3431 2325 3500 Rugo
2373 3439 2428 3487 et
2485 3431 2798 3487 lieribertus
2848 3430 3081 3486 comites
3147 3431 3442 3503 episcopos
3493 3441 3804 3488 convocant

2172 3520 2459 3576 Remensis
2512 3520 2823 3575 dioceseos.
2859 3519 2957 3583 Qui
3009 3520 3407 3574 convenientes
3435 3522 3586 3592 apud
3630 3523 3800 3577 Sues-

2170 3614 2382 3668 sionem
2415 3613 2469 3666 in
2501 3612 2736 3667 ecclesia
2755 3618 3066 3666 sanctorum
3115 3609 3347 3682 Crispini
3379 3619 3436 3667 et
3466 3613 3803 3684 Crispiniani

2172 3712 2405 3760 tractant
2433 3706 2502 3759 de
2527 3711 2669 3759 statu
2700 3703 2987 3759 Remensis
3017 3703 3309 3775 episeopii,
3340 3703 3684 3760 deﬁnientes
3712 3706 3801 3770 5“,

2173 3794 2641 3866 conquerentibus
2679 3793 2895 3848 clericis
2947 3799 3108 3864 atque
3162 3792 3445 3847 nobilibus
3495 3792 3657 3848 laicis
3709 3794 3801 3848 diu

2173 3893 2391 3957 pastore
2422 3886 2609 3940 sedem
2650 3886 2822 3957 ipsam
2853 3900 3068 3951 vacare,
3117 3891 3177 3939 ut
3216 3884 3281 3919 5“
3314 3884 3582 3957 quoniam
3619 3885 3798 3941 Artot-

2174 3979 2276 4033 dus
2303 3977 2598 4049 episcopus
2645 3978 2922 4046 juraverat
2950 3976 3096 4048 quod
3128 3991 3425 4046 numquam
3483 3993 3548 4031 se
3578 3978 3652 4032 de
3681 3978 3800 4049 ipso

2173 4070 2492 4141 episcopatu
2517 4069 2903 4123 intromitteret
2928 4069 3018 4135 δη,
3050 4069 3119 4122 ad
3149 4068 3322 4138 ipsius
3336 4068 3797 4142 gubernationem

2171 4164 2373 4220 reverti
2403 4180 2513 4220 non
2544 4164 2790 4231 deberet,
2833 4164 2986 4237 [Iugo
3030 4178 3183 4232 vero,
3213 4161 3360 4218 ﬁlius
3390 4163 3664 4219 Heriberti
3713 4181 3804 4221 co-

2171 4254 2339 4322 mitis,
2371 4255 2463 4325 qui
2496 4255 2646 4325 prius
2671 4254 2739 4308 ad
2771 4254 2951 4325 ipsum
2983 4253 3360 4324 episcopatum
3395 4252 3580 4308 fuerat
3605 4271 3801 4311 evoca-

2173 4350 2263 4398 tus
2308 4344 2398 4410 5‘3,
2430 4343 2576 4398 clero
2609 4343 2922 4414 populoque
2953 4347 3173 4413 petente
3202 4341 3557 4398 ordinaretur
3585 4344 3802 4415 episco—

2174 4452 2279 4508 pus
2312 4436 2523 4507 .lbique
2544 4436 2613 4470 διδ
2636 4451 2726 4490 me
2758 4434 2910 4509 Hugo
2941 4434 3175 4505 primum
3209 4433 3280 4488 de
3311 4434 3478 4490 exilio
3514 4435 3678 4504 jussu
3708 4450 3799 4491 suo

2177 4531 2390 4580 evocat.
2423 4523 2667 4594 Indeque
2696 4522 2895 4577 Remos
2933 4523 3200 4577 adeuntes
3229 4520 3506 4593 episcOpi,
3547 4525 3797 4579 eumdem

2177 4618 2412 4673 electum
2435 4623 2679 4672 nostrum
2708 4616 2778 4649 ⁵⁸⁵
2811 4615 3095 4686 praesulem
3139 4623 3469 4671 consecrant
3492 4618 3645 4688 apud
3676 4633 3798 4672 san-

2176 4716 2323 4764 ctum
2363 4709 2695 4783 Remigium.
2755 4707 3044 4781 Rotgarius
3070 4722 3258 4763 comes
3309 4707 3455 4762 datis
3493 4709 3797 4774 obsidibus,

2174 4801 2468 4858 dimittitur
2494 4817 2527 4855 a
2553 4816 2682 4874 rege
2712 4799 3026 4855 Ludowico.
3060 4800 3331 4873 Duagium
3367 4801 3663 4855 castellum
3690 4800 3799 4855 red-

2174 4889 2315 4944 dens
2351 4888 2615 4944 Arnoldo.
2645 4887 3033 4943 Monasterium
3057 4887 3230 4943 sancti
3261 4886 3801 4944 Theodericidivinis

1810 4995 2032 5053 VARUE
2060 4994 2337 5052 LECTION
2346 4994 2443 5049 ES.

963 5102 1030 5139 δη
1061 5100 1144 5158 sui
1195 5101 1251 5156 2.

915 5176 984 5211 53"
1014 5173 1098 5230 vel
1132 5173 1169 5228 f.
1195 5190 1242 5241 s,
1273 5189 1326 5227 v.

520 5108 588 5145 5”
616 5105 786 5164 edoni
826 5105 880 5163 3.
963 5102 1030 5139 5’“
1061 5100 1144 5158 sui
1195 5101 1251 5156 2.
1336 5100 1405 5136 5’9
1432 5096 1760 5154 neressariis
1784 5095 1943 5168 sique
1975 5097 2027 5152 3.

447 5179 657 5236 oddoni
693 5180 746 5233 2.
777 5181 829 5233 3.

2114 5095 2185 5131 53°
2214 5093 2518 5150 abduxerat
2563 5092 2616 5146 2'
2650 5092 2705 5146 3.
2783 5091 2848 5162 5f”
2877 5106 3046 5162 super
3084 5092 3138 5147 2.
3173 5092 3224 5147 3.

1388 5188 1444 5243 p.
1494 5171 1547 5225 2.
1580 5170 1634 5223 2.
1680 5241 1695 5244 _
1708 5169 1781 5244 ἔξω
1795 5160 1943 5244 _as:se_
1963 5167 2116 5222 uenit
2143 5167 2198 5222 2.
2218 5171 2521 5244 asseverat
2677 5162 2757 5244 f3?
2782 5160 3062 5244 decembri
3089 5163 3231 5244 2.
3398 5163 3571 5244 abbas
3600 5166 3654 5219 3.

448 5234 611 5307 deest,
643 5252 694 5304 1.
743 5258 797 5304 et
848 5250 908 5303 Η.
960 5247 1012 5301 3.
1093 5246 1162 5279 ⁶³⁰
1190 5234 1602 5319 rotgeri'um‘i.
1678 5240 1748 5274 διο
1777 5237 2158 5319 deﬁniuntque
2202 5238 2284 5319 2;
2317 5237 2370 5319 3A
2543 5234 2788 5319 deest};
2860 5234 3347 5319 l‘f’ﬂjnrt‘ermitteret
3406 5238 3460 5291 1.
3516 5236 3679 5304 Hugo

450 5305 760 5378 M3"electus
778 5337 918 5376 corr.
942 5305 1310 5374 evocatusi.”
1349 5316 1418 5349 5“
1449 5313 1640 5384 ibique
1677 5342 1747 5352 —
1775 5319 1989 5366 evocat.
2022 5305 2215 5365 desunt
2251 5307 2303 5362 2.
2336 5307 2426 5363 2a.
2459 5305 2552 5362 3b.

3313 5092 3385 5126 ⁸³²
3422 5091 3573 5148 deest
3611 5093 3667 5148 2.
3737 5092 3797 5128 ⁸³³

3313 5162 3376 5197 53⁸1
3400 5163 3569 5199 ολιιοε
3602 5166 3634 5199 ρ
3736 5163 3796 5199 as

3735 5235 3794 5291 Γ.

2649 5305 2718 5340 διε
2749 5304 2898 5360 deest
2922 5302 2980 5372 2,
3013 5306 3066 5369 3,
3102 5322 3159 5376 p.
3191 5320 3239 5359 c.
3272 5308 3323 5361 3.

2015 5412 2207 5469 NOTAE

520 5527 621 5597 (83)
648 5525 816 5600 ﬁngo
868 5520 1248 5600 AFloriacensis
1276 5591 1292 5600 _
1320 5521 1407 5600 his
1476 5518 1797 5600 praemittit;
1847 5539 1890 5600 cc.
1934 5508 2072 5596 Otho

446 5587 911 5674 Transrhen‘ensis
985 5607 1215 5666 regnum
1273 5587 1629 5647 Lothariense
1686 5605 1715 5643 a
1762 5587 2074 5642 'Ludowico

453 5670 722 5733 suscepit,
752 5687 772 5715 ι
810 5675 913 5721 etc.

2247 5512 2350 5581 (84)
2391 5511 2573 5569 Comi
2580 5527 2667 5581 cy.

2245 5573 2357 5655 (85)
2400 5573 2654 5639 Visiones
2703 5597 2783 5638 eae
2814 5580 2871 5636 in
2899 5581 3092 5639 codice
3125 5583 3151 5637 1
3180 5588 3462 5658 leguntur.
