3972 6206
210 244 322 298 461

1735 253 2055 307 ANNALES.

3459 259 3564 315 462

201 372 355 427 sium
394 370 576 426 eidem
613 371 840 426 Erluino
895 372 1069 427 dedit.
1097 373 1213 428 Filii
1250 375 1524 431 Hcriberti
1560 379 1835 448 quandam
1859 385 1907 451 Α
1940 381 2011 434 ibi
2037 381 2140 435 sub
2175 383 2424 453 equitnm
2483 383 2670 453 specie
2730 383 2852 450 visi,
2910 385 3003 455 qui
3047 384 3348 441 tecclesiam
3381 403 3564 457 quan-

206 463 581 519 munitionem
636 463 853 517 Rodulfi
907 466 974 501 5°”
1019 468 1303 532 cujusdam
1338 467 1518 523 ﬁdelis
1563 470 1837 528 Ludowici

206 559 386 633 regis,
446 558 671 613 nomine
713 558 956 625 Clastris,
1017 562 1180 615 sitam
1235 562 1290 615 in
1355 580 1494 638 pago
1550 565 1848 621 Veroman-

209 649 375 703 dinse
406 648 475 682 ⁶⁰⁰
506 649 820 719 proditione
853 649 1096 720 capiunt.
1171 652 1228 706 Et
1258 653 1453 706 codem
1517 653 1749 710 Rodulfo
1783 656 1844 690 ¹⁰¹

209 737 356 791 clam
421 737 715 801 evadente,
779 739 1071 792 thesauros
1137 739 1314 807 ipsius
1370 741 1636 796 invadunt
1684 753 1847 814 atque

210 827 506 896 diripiunt,
541 827 1021 897 municipiumque
1043 844 1273 882 vacuum
1309 829 1724 901 derelinquunt.

295 921 451 992 Hugo
484 921 594 976 dux
627 922 963 993 colloquium
997 923 1311 977 llerimanni
1339 925 1496 994 petit,
1530 926 1622 996 qui
1650 927 1849 980 missus

215 1021 337 1068 erat
359 1013 619 1068 obsidere
661 1014 885 1068 castella
940 1015 1196 1087 Ragnarii
1256 1017 1326 1050 ⁶⁰²
1383 1033 1446 1071 ac
1491 1016 1703 1071 Rodulﬁ
1739 1017 1847 1072 fra-

214 1112 392 1166 trum,
425 1101 700 1156 Ludowici
736 1103 882 1176 regis
905 1101 1148 1158 ﬁdelium
1178 1122 1192 1168 ;
1225 1105 1317 1175 qui
1353 1104 1646 1158 resistendi
1695 1106 1847 1160 lleri-

216 1209 427 1248 manno
449 1194 762 1264 praesidium
811 1210 923 1248 non
957 1195 1245 1259 habentes,
1273 1197 1510 1262 veniam,
1549 1196 1690 1252 datis
1719 1213 1847 1251 mu-

219 1278 450 1334 neribus
507 1279 714 1346 multis,
763 1281 832 1334 ab
893 1281 1120 1336 Oddone
1181 1299 1306 1356 rege
1341 1284 1408 1317 ⁶⁰³
1435 1285 1761 1354 deposcunt.
1794 1283 1848 1338 Is

220 1366 486 1438 equidem
518 1368 780 1438 palatium
840 1370 1010 1440 Aquis
1065 1371 1393 1439 deveniens,
1451 1389 1576 1426 cum
1650 1375 1848 1428 iotha-

219 1453 504 1509 riensibus
552 1456 886 1526 colloquium
942 1457 1152 1513 habuit.
1198 1459 1297 1514 Ubi
1326 1461 1478 1514 missi
1501 1462 1644 1534 regis
1667 1462 1847 1516 Ludo-

219 1547 369 1613 wici,
402 1548 501 1601 sed
532 1554 584 1601 et
608 1549 849 1623 Hugonis
872 1549 1027 1604 ducis
1061 1552 1223 1626 legati
1272 1553 1340 1607 ad
1392 1567 1517 1607 eum
1548 1562 1842 1608 venerunt.

227 1637 332 1702 Qui
364 1636 577 1711 legatos
609 1639 753 1709 regis
786 1639 1086 1695 honorifice
1109 1642 1441 1711 suscipiens,
1475 1643 1667 1716 legatis
1689 1660 1849 1699 aver-

1949 476 2075 528 dam
2101 476 2188 540 ⁸³³,
2222 492 2343 545 quae
2368 475 2612 544 proxima
2644 477 2842 540 stabat,
2905 478 3272 546 destruentes,
3309 482 3429 540 eius
3461 491 3568 534 tra-

1948 562 2065 623 bes,
2095 563 2412 617 memoratis
2439 563 2741 633 parietibus
2773 566 2840 598 ⁵⁵³
2893 566 3228 622 incusserint
3273 568 3360 601 ⁶³¹⁴
3396 583 3459 623 ac
3489 569 3569 623 sic

1949 671 2044 710 eos
2059 656 2401 721 subruerint,
2431 658 2620 711 vineas
2647 674 2870 729 quoque
2920 661 3123 716 montis
3155 662 3328 731 ipsius
3355 664 3568 717 evulse-

1950 743 2078 806 rint,
2111 752 2165 797 et
2193 745 2374 798 omnia
2413 756 2529 800 sata
2561 749 2909 802 vastaverint.

2021 833 2325 889 Subsecuta
2359 851 2481 889 mox
2519 837 2820 892 Brittonum
2845 841 3127 909 pernities,
3163 841 3256 913 qui
3298 842 3572 898 discordia

1950 921 2093 976 inter
2133 940 2192 976 se
2249 925 2556 994 principum
2628 927 2935 998 Berengarii
2999 938 3052 983 et
3110 931 3266 985 Alani
3327 932 3573 995 divisi,a

1949 1013 2322 1076 Nortmannis,
2353 1031 2477 1069 cum
2509 1017 2714 1086 quibus
2748 1027 2964 1087 pactum
2997 1021 3252 1086 inierant,
3288 1023 3574 1091 pervasiet

1952 1118 2150 1176 magna
2181 1113 2312 1157 sunt
2360 1104 2511 1157 caede
2556 1106 2723 1159 attriti
2780 1108 2866 1162 6“.
2903 1108 3101 1162 Civitas
3162 1125 3351 1163 eorum
3413 1112 3576 1164 Dolus

1952 1191 2173 1244 nomine
2202 1199 2381 1260 capta,
2406 1199 2458 1244 et
2505 1193 2802 1263 episcopus
2849 1196 3099 1262 ejusdem
3140 1198 3575 1268 confugientium

1951 1282 2005 1334 in
2037 1282 2340 1336 arcclesiam
2403 1283 2815 1338 multitudinum
2866 1287 3163 1355 stipatione
3207 1303 3504 1356 Oppressus
3526 1305 3581 1343 et

1951 1386 2214 1431 enecatus
2274 1387 2376 1431 est.
2421 1378 2704 1448 Reparatis
2766 1381 3009 1451 denique
3071 1383 3344 1436 Brittones
3376 1384 3582 1438 viribus

1949 1477 2228 1523 certamen
2263 1469 2481 1533 ineunt,
2516 1470 2570 1523 in
2603 1487 2712 1541 quo
2741 1458 3072 1542 'superiores
3105 1473 3456 1528 Nortmannis
3485 1494 3581 1528 ex-

1949 1557 2154 1611 stitisse
2214 1559 2281 1591 “’5
2341 1558 2439 1611 visi
2500 1569 2650 1613 sunt.
2715 1561 2890 1615 Tertia
2926 1563 3144 1616 tandem
3187 1565 3580 1635 congressione

1953 1649 2088 1702 inita
2120 1650 2207 1715 6’5,
2244 1666 2440 1723 magna
2491 1667 2553 1704 ex
2605 1660 2834 1722 utraque
2886 1660 3036 1722 parte
3069 1653 3132 1685 ⁶²⁷
3166 1653 3364 1707 cecidit
3398 1656 3581 1708 multi—

226 1727 458 1781 sabatur
484 1727 551 1760 ⁶⁰⁴
582 1727 739 1782 ducis
781 1746 795 1790 ;
829 1729 1008 1783 donec
1064 1729 1339 1784 Manasses
1369 1730 1617 1801 quidam,
1653 1732 1850 1786 missus

1979 1741 2087 1794 udo
2119 1759 2132 1802 ;
2170 1741 2395 1796 victoria
2439 1758 2568 1796 vero
2602 1744 2758 1812 potiti
2803 1745 3147 1808 Nortmanni,
3196 1745 3466 1798 Brittones
3492 1763 3582 1799 us-

232 1816 502 1890 Hugonis,
535 1817 730 1871 videns
791 1818 999 1891 legatos
1065 1819 1340 1874 Ludowici
1389 1821 1545 1874 valde
1587 1820 1848 1892 legationi

227 1925 346 1963 suae
368 1910 630 1964 adversos
661 1909 917 1975 existere,
959 1911 1215 1965 mandata
1243 1912 1492 1981 qtizedam
1537 1912 1605 1946 ⁶⁰⁵
1636 1913 1744 1966 sibi
1782 1913 1850 1966 ab

232 2000 340 2053 hoc
362 2015 489 2069 rege
515 2001 639 2054 data
688 2017 866 2072 nuper
907 2003 971 2056 ad
1027 2003 1204 2072 ipsum
1256 2005 1539 2058 Oddonem
1571 2003 1640 2038 ⁸0⁸
1675 2004 1858 2073 perfe-

231 2090 429 2154 renda,
464 2107 584 2161 quae
639 2091 705 2125 ⁸⁸⁷
771 2093 922 2162 prius
952 2093 1168 2163 aperire
1223 2094 1495 2158 noluerat,
1527 2095 1580 2147 in
1613 2095 1854 2148 medium

234 2181 468 2251 protulit
510 2200 524 2245 ;
554 2182 804 2253 pandens
832 2184 1286 2254 exprobrationes
1317 2201 1424 2238 non
1454 2185 1861 2256 modicasquas

233 2271 342 2323 sibi
373 2285 466 2323 rex
493 2269 816 2326 Ludowicus
871 2273 1087 2326 Oddoni
1121 2274 1234 2346 regi
1281 2274 1346 2306 ⁸0⁸
1377 2273 1618 2343 perferre
1653 2290 1862 2344 prince-

240 2370 418 2430 perat,
449 2361 594 2431 quod
616 2362 830 2416 scilicet
853 2364 1108 2433 perjurus
1140 2373 1287 2416 esset
1315 2363 1467 2417 Oddo
1495 2363 1562 2417 de
1584 2364 1862 2432 juramen-

239 2454 310 2507 tis
339 2469 460 2524 quae
492 2455 780 2510 Ludowico
822 2455 1120 2522 juraverat,
1178 2455 1426 2510 adiciens
1465 2463 1519 2510 et
1574 2455 1678 2508 alia
1707 2457 1863 2508 inde-

239 2557 373 2597 cora
405 2545 691 2598 nonnulla.
755 2543 966 2608 Quibus
1022 2544 1320 2598 admodum
1374 2550 1656 2614 permotus
1683 2543 1856 2610 Oddo,

245 2631 446 2686 missos
476 2631 770 2696 Ludowici,
792 2633 922 2702 quia
985 2631 1171 2684 verbis
1209 2631 1460 2686 Manasse
1490 2633 1864 2687 contradicere

244 2733 356 2774 non
414 2721 690 2785 valebant,
748 2719 1017 2785 abiciens,
1067 2720 1275 2792 legatos
1325 2720 1571 2792 Hugonis
1634 2721 1866 2775 honora-

249 2807 437 2863 biliter
476 2809 688 2876 habuit,
711 2824 1018 2878 omnesque
1078 2808 1184 2862 sibi
1240 2807 1432 2863 ﬁdeles
1463 2809 1530 2862 ab
1553 2809 1754 2863 auxilio
1770 2825 1866 2863 seu

250 2900 675 2970 participatione
721 2899 788 2933 ⁶⁰⁹
847 2898 1122 2954 Ludowici
1179 2916 1302 2954 sese
1357 2899 1686 2956 submovere
1726 2917 1868 2972 prai-

245 2989 416 3059 cepit.

323 3081 383 3135 ln
412 3079 958 3136 Transrhenensibus
983 3081 1286 3136 Germaniae
1300 3079 1621 3156 regionibus
1642 3081 1864 3152 quidam

251 3173 422 3228 homo
451 3181 590 3238 erat,
619 3171 704 3226 cui
766 3188 958 3227 manus
1000 3172 1184 3227 abcisa
1205 3173 1490 3238 610fuerat,
1532 3180 1587 3228 et
1615 3180 1738 3244 post
1765 3188 1869 3226 an-

252 3280 357 3319 nos
378 3263 819 3335 quatuordecim,
849 3266 991 3319 sicut
1017 3272 1270 3319 asserunt
1299 3265 1391 3334 qui
1418 3281 1541 3318 eum
1578 3271 1864 3325 noverunt,

255 3353 444 3409 subito
469 3355 597 3408 dum
629 3361 788 3409 nocte
821 3355 884 3389 ⁶¹¹
921 3355 1206 3419 dormiret,
1235 3354 1287 3408 ei
1320 3370 1383 3407 ex
1414 3355 1626 3427 integro
1661 3361 1873 3407 restau-

264 3458 381 3502 rata
413 3448 480 3482 δι’
511 3458 614 3503 est.
654 3450 710 3502 In
743 3448 953 3502 eisdem
981 3448 1050 3482 ⁶¹³
1082 3448 1330 3518 partibus
1361 3463 1459 3518 per
1487 3447 1754 3518 quosdam
1780 3463 1875 3517 pa-

259 3556 364 3614 gos
393 3541 540 3614 ignei
568 3541 720 3616 globi
751 3540 878 3595 ferri
905 3540 972 3575 ⁶¹⁴
1003 3541 1335 3595 videbantur
1366 3540 1420 3594 in
1465 3556 1614 3604 aere,
1671 3541 1876 3610 quique

262 3633 555 3688 nonnullas
589 3633 656 3668 ⁶¹⁵
707 3633 820 3687 illic
867 3633 1326 3688 circumvolantes
1372 3632 1738 3687 incenderunt
1777 3632 1880 3686 do-

263 3738 385 3777 mos
414 3738 476 3777 ac
506 3723 574 3756 ⁸1³
603 3721 760 3776 villas
793 3739 806 3786 ;
839 3737 870 3775 a
901 3722 966 3756 σιτ
1000 3721 1330 3793 quibusdam
1355 3737 1480 3775 vero
1511 3721 1666 3786 locis,
1702 3720 1883 3775 cruci-

267 3811 372 3864 bus
409 3811 477 3845 ⁶¹⁸
527 3811 818 3880 oppositis,
873 3826 996 3865 cum
1049 3810 1438 3864 benedictione
1470 3809 1771 3880 episcOpali
1827 3814 1884 3863 et

265 3915 406 3970 aqua
433 3897 728 3953 benedicta
776 3899 1206 3968 repellebantur.
1239 3898 1394 3974 Regii
1434 3898 1641 3952 milites
1667 3897 1884 3968 episco-

269 3996 457 4059 patum
506 3987 832 4042 Rcmensem
892 3987 1300 4057 deprmdantur,
1359 3995 1416 4042 et
1463 3985 1560 4040 lilii
1617 3985 1886 4041 Hcriberti

267 4081 549 4136 abbatiam
587 4081 763 4135 sancti
808 4079 1065 4150 Crispini,
1092 4079 1444 4153 Ragenoldus
1465 4095 1686 4151 quoque
1717 4079 1887 4132 abba-

271 4173 402 4227 tiam
431 4172 605 4226 sancti
638 4171 878 4228 Medardi
910 4189 923 4238 ;
965 4173 1156 4242 sicque
1193 4171 1474 4226 alterutris
1505 4171 1890 4226 debachantur

270 4261 480 4332 rapinis
543 4268 706 4332 atque
761 4259 1284 4330 depraedationibus.
1345 4260 1671 4330 Tempestas
1719 4258 1892 4312 nimia

269 4348 409 4403 facta
438 4357 520 4402 est
547 4348 602 4402 in
636 4363 775 4420 pago
808 4349 1098 4410 Parisiaco,
1126 4356 1180 4404 et
1241 4346 1401 4402 turbo
1459 4346 1887 4401 vehementissi-

274 4452 417 4503 mus,
448 4451 558 4508 quo
590 4436 830 4508 parietes
885 4437 1171 4505 cujusdam
1225 4437 1423 4492 domus
1463 4435 1886 4508 antiquissimae,

276 4527 373 4599 qui
391 4528 459 4562 ⁶¹⁹
490 4527 828 4583 validissimo
871 4528 1171 4583 constructi
1228 4528 1295 4561 ⁶²⁰
1337 4534 1594 4582 cemento
1621 4527 1679 4580 in
1709 4532 1895 4581 monte

276 4615 370 4686 qui
399 4615 602 4672 dicitur
630 4616 924 4686 Mortyrum
955 4621 974 4684 (
1001 4619 1086 4685 91)
1133 4615 1228 4670 diu
1274 4616 1628 4686 perstiterant
1661 4615 1896 4679 immoti,

279 4704 527 4760 t’unditus
557 4712 683 4760 sunt
715 4705 908 4760 eversi.
943 4705 1215 4760 Feruntur
1248 4715 1433 4760 autem
1464 4705 1746 4762 daemones
1770 4711 1901 4760 tunc

1916 4392 1971 4458 D

1955 1846 2059 1899 que
2100 1830 2167 1882 ad
2213 1830 2640 1884 internetionem
2675 1829 2891 1884 caedunt
2935 1839 2989 1883 et
3015 1832 3081 1864 ⁸³⁸
3122 1839 3312 1884 aterra
3342 1833 3581 1900 ipsorum

1955 1922 2305 1990 disperdunt.
2351 1923 2571 1994 Ipsique
2600 1923 2938 1983 Nortmanni,
2998 1924 3090 1993 qui
3121 1940 3300 1994 nuper
3345 1941 3375 1977 a
3410 1934 3582 1978 trans-

1959 2009 2188 2063 marinis
2214 2011 2552 2064 advenerant
2606 2012 2671 2042 ⁸³9
2710 2010 3053 2081 regionibus,
3094 2027 3284 2066 eorum
3316 2020 3486 2066 terras
3517 2013 3585 2046 δλῖδ

1964 2102 2248 2156 invadunt.

2036 2193 2366 2248 Ludowicus
2396 2210 2487 2248 rex
2510 2193 2563 2247 in
2599 2201 2801 2250 terram
2865 2193 3321 2250 Nortmannorum
3367 2194 3584 2266 proﬁci-

1962 2283 2135 2335 scitur
2156 2299 2280 2335 cum
2313 2281 2538 2336 Arnult‘o
2579 2290 2632 2335 et
2674 2282 2894 2337 Erluino
2927 2293 2981 2336 et
3011 2283 3340 2354 quibusdam
3373 2285 3586 2353 episco-

1965 2374 2049 2441 pis
2072 2373 2310 2427 Francia:
2344 2389 2408 2427 ac
2464 2373 2812 2445 Burgundiae.
2873 2375 3131 2428 Arnult‘us
3167 2375 3348 2446 itaque
3382 2392 3587 2445 praece-

1965 2466 2106 2518 dens
2134 2482 2342 2537 regem,
2367 2465 2634 2535 quosdam
2663 2465 3152 2530 Nortmannorum,
3179 2468 3272 2537 qui
3303 2467 3588 2521 custodias

1964 2557 2493 2626 obscrvabantapud
2526 2559 2688 2611 Arcas
2719 2559 2846 2622 (92?,
2884 2557 3045 2620 fudit,
3069 2566 3122 2611 et
3152 2559 3263 2633 regi
3297 2559 3587 2612 transitum

1969 2645 2330 2714 praeparavit;
2391 2645 2580 2715 sicque
2653 2661 2744 2699 rex
2806 2646 3094 2700 Rodonum
3151 2647 3504 2717 perveniens,
3560 2665 3592 2700 a

1968 2736 2319 2792 Nortmannis
2372 2737 2426 2789 in
2494 2736 2629 2790 urbe
2686 2737 2984 2806 suscipitur
3017 2737 3387 2809 ;quibusdam
3442 2755 3592 2791 mare

1973 2827 2289 2897 petentibus
2314 2828 2407 2898 qui
2451 2844 2575 2880 eum
2610 2829 2872 2883 nolebant
2902 2830 3170 2899 recipere,
3191 2830 3389 2884 ceteris
3410 2829 3594 2884 omni-

1969 2916 2074 2970 bus
2102 2917 2204 2969 sibi
2226 2916 2553 2990 subjugatis.
2599 2917 2749 2990 Hugo
2773 2919 2878 2971 dux
2906 2934 3029 2971 cum
3051 2918 3164 2972 suis
3189 2926 3242 2972 et
3263 2918 3594 2989 quibusdam

1888 3008 2288 3087 CBergundiaa
2337 3007 2661 3078 proceribus
2707 3017 2855 3062 trans
2900 3012 3211 3080 Sequanam
3233 3010 3440 3064 faciens
3472 3010 3595 3089 iter,

1970 3097 2196 3165 Bajocas
2226 3113 2400 3167 usque
2434 3099 2709 3166 pervenit,
2764 3107 2818 3151 et
2849 3098 3124 3153 civitatem
3158 3099 3398 3162 obsedit,
3430 3115 3596 3169 quam

1975 3201 2068 3238 rex
2095 3186 2144 3238 ei
2202 3185 2450 3248 dederat,
2501 3185 2544 3238 si
2601 3202 2726 3238 eum
2782 3186 2849 3240 ad
2902 3187 3284 3241 subiciendam
3322 3187 3429 3241 sibi
3460 3187 3601 3241 hanc

1974 3273 2435 3328 Nortmannorum
2491 3282 2711 3344 gentem
2769 3275 3072 3341 adjuvaret.
3111 3276 3383 3344 Receptus
3415 3284 3598 3330 autem

1977 3381 2068 3418 rex
2109 3381 2138 3418 a
2171 3364 2546 3430 Nortmannis,
2581 3365 2802 3418 mandat
2849 3366 2995 3429 duci,
3025 3375 3084 3420 ut
3127 3384 3158 3420 a
3189 3365 3430 3436 praefatae
3458 3368 3600 3422 civi-

1979 3457 2102 3512 tatis
2131 3456 2425 3511 obsidionc
2454 3456 2719 3510 discedat.
2747 3457 2862 3520 Quo
2893 3458 3240 3521 discedente,
3275 3474 3365 3512 rex
3399 3459 3454 3512 in
3482 3476 3604 3516 eam

1980 3546 2328 3620 ingreditur;
2362 3547 2507 3600 unde
2541 3554 2594 3600 et
2647 3547 2942 3601 discordia:
2993 3548 3167 3602 fomes
3223 3548 3365 3602 inter
3418 3565 3602 3621 regem

1981 3634 2286 3690 concitatur
2311 3640 2365 3687 et
2395 3633 2592 3718 ducem
2626 3634 2752 3697 ;sed
2783 3644 2839 3688 et
2865 3650 2961 3704 pro
2994 3651 3060 3689 eo
3089 3636 3237 3705 quod
3266 3651 3357 3689 rex
3384 3635 3609 3692 obsides

1983 3729 2052 3782 ab
2088 3727 2514 3794 Ebroccnsibus,
2541 3728 2636 3798 qui
2662 3727 2895 3802 _Hugoni
2939 3729 3147 3782 subditi
3172 3737 3347 3796 erant,
3373 3732 3608 3802 accepit,

1985 3833 2125 3888 quos
2153 3817 2334 3872 eidem
2366 3817 2490 3871 duci
2527 3816 2760 3872 reddere
2796 3817 2990 3872 noluit.
3024 3818 3180 3872 Anno
3485 3824 3492 3828 ’

2641 3910 2970 3966 DCCCCXLV

1987 3983 2169 4038 adhuc
2200 3998 2329 4054 rege
2363 3983 2658 4038 Ludowico
2691 3983 2752 4017 ⁸³⁸
2804 3983 2953 4054 apud
3009 3981 3315 4037 Rodomum
3351 3982 3612 4055 degente,

1989 4070 2267 4143 Gerberga
2294 4072 2482 4143 regina
2515 4070 2690 4125 tilium
2749 4071 2996 4124 Laudnni
3031 4070 3268 4140 peperit,
3329 4069 3422 4140 qui
3459 4071 3620 4126 Karo-

1991 4162 2078 4216 lus
2103 4161 2169 4215 ad
2211 4163 2626 4216 catezizandum
2683 4163 2750 4197 ⁶³²
2784 4162 3053 4216 vocitatus
3085 4162 3152 4194 ⁸³³
3208 4167 3310 4215 est.
3347 4160 3620 4216 Reversus

1993 4269 2084 4306 rex
2119 4252 2460 4306 Laudunum.
2497 4263 2551 4306 et
2594 4269 2717 4306 cum
2775 4253 3002 4306 Arnult'o
3046 4253 3283 4319 locutus,
3339 4253 3626 4321 dispoaitis

1995 4343 2331 4416 quibusdam
2361 4345 2547 4411 rebus,
2586 4345 2893 4400 Rodomum
2919 4345 3253 4415 regreditur.
3300 4348 3361 4399 At
3394 4347 3626 4400 Bernar-

1997 4436 2098 4487 dus
2129 4418 2561 4488 Silvanectensis
2591 4449 2777 4489 comes
2802 4441 2856 4488 et
2877 4433 3176 4488 Tetbaldus
3205 4433 3539 4488 Turonensis
3563 4435 3629 4469 ⁶³⁴

1998 4537 2120 4576 cum
2156 4520 2441 4575 lleriberto
2463 4521 2753 4576 castellum
2798 4523 2943 4592 regis
2975 4521 3362 4576 Montiniacum
3416 4523 3631 4591 pascha:

2001 4611 2202 4666 diebus
2234 4612 2764 4685 aggressi,capiunt,
2795 4611 3100 4666 incendunt
3120 4614 3208 4678 (⁵³⁵,
3231 4612 3631 4667 diruuntldcm

2001 4721 2224 4777 quoque
2257 4707 2571 4762 Bernardus
2630 4715 2922 4763 venatores
2972 4714 3027 4761 et
3078 4722 3246 4762 canes
3304 4706 3449 4780 regis
3481 4707 3638 4761 inva-

1657 4836 1876 4890 νΑΒΙίΕ
1908 4835 2282 4892 LECTIONES.

357 4937 424 4973 "9
481 4936 681 4993 radulfi
716 4939 766 4992 2.
820 4937 873 5000 3.
925 4937 994 4972 ⁶⁰⁰
1033 4938 1457 4994 veromandinse
1503 4954 1641 4992 corr.
1689 4938 2130 4993 veromandcnse
2168 4942 2214 4992 1.
2274 4939 2336 4971 ⁶⁰¹
2375 4937 2586 4993 radulfo
2635 4939 2690 5005 2,
2734 4938 2801 4972 ⁶⁰²
2833 4936 3104 5009 ragenarii
3131 4938 3184 4992 3.
3207 4938 3277 4972 ⁶⁰³
3308 4939 3374 4992 ad
3403 4939 3642 4992 odonem

287 5025 473 5082 regem
500 5012 553 5064 2.
587 5010 732 5074 3,50“
759 5009 1154 5082 adversabatur
1201 5011 1256 5082 2.
1313 5012 1366 5082 3.
1410 5010 1480 5082 *⁵θὲ
1509 5009 1654 5063 deest
1683 5013 1756 5082 73.
1820 5010 1886 5042 ωδ
1916 5009 2153 5082 odqnetn
2185 5012 2382 5082 sepius
2427 5010 2480 5082 2.-
2532 5013 2582 5064 δ·
2641 5010 2706 5082 im
2764 5026 2797 5079 (ἶ

2809 5008 2940 5063 υἱὲ.
2985 5008 3052 5078 εὲθθ
3112 5009 3254 5062 deest
3285 5011 3331 5062 3.
3394 5010 3461 5042 (⁵0³
3518 5025 3651 5078 par-

290 5077 432 5150 titTp.
469 5097 606 5134 corr.
653 5082 906 5150 particip.
955 5080 1001 5134 1.
1059 5082 1126 5114 διο
1180 5080 1429 5135 abscissa
1457 5081 1510 5133 2.
1578 5082 1630 5133 3.
1673 5081 1734 5113 ⁶¹¹
1803 5087 1969 5134 noctu
2000 5079 2052 5133 2.
2108 5080 2161 5144 3,
2221 5081 2292 5112 6”
2352 5080 2600 5133 restituta
2637 5080 2722 5132 3b.
2777 5077 2844 5112 δη
2898 5077 3096 5132 iisdem
3127 5083 3180 5132 3.
3239 5081 3305 5113 διδ
3338 5079 3480 5132 ferre
3505 5077 3560 5132 2.
3591 5080 3643 5134 3.

293 5153 357 5185 διδ
381 5149 686 5205 nonnullas
723 5153 766 5204 1.
827 5149 894 5184 δία
947 5160 1001 5205 et
1039 5152 1092 5204 2.
1127 5150 1178 5206 3.
1244 5152 1309 5185 6”
1355 5169 1420 5206 ex
1478 5167 1614 5205 corr.
1669 5165 1699 5203 a
1759 5150 1780 5202 1
1832 5151 1899 5183 “'3
1958 5149 2210 5205 cruribus
2237 5151 2288 5204 2.
2328 5151 2394 5184 ⁶¹³
2454 5166 2577 5220 quae
2633 5151 2686 5202 2.
2746 5150 2814 5181 ⁶²⁰
2874 5156 3194 5204 constructu
3248 5150 3302 5204 2.
3365 5151 3426 5183 ιε’

637 5239 687 5292 ρ.
724 5237 793 5275 m.
826 5223 880 5274 2.
909 5222 960 5276 3.
998 5223 1065 5255 “2‘
1119 5222 1466 5277 incusserunt
1500 5252 1563 5260 —
1594 5220 1934 5275 subruerunt
1957 5252 2027 5261 —
2057 5223 2382 5276 evulscrunt
2420 5219 2489 5261 -Ᾰ
2522 5227 2885 5292 vastaverunt
2909 5220 2965 5274 3.
2989 5219 3078 5292 f?‘

295 5223 415 5275 dam
446 5226 480 5274 2
535 5225 602 5255 θέλ

305 5296 324 5346 1
385 5296 451 5326 δῖ’-ι
496 5293 633 5346 inito
697 5293 748 5344 'l.
819 5293 884 5325 ⁵³⁷
935 5293 1080 5347 deest
1116 5294 1168 5348 2.
1228 5294 1295 5327 σεδ
1348 5302 1402 5347 et
1455 5308 1551 5347 eos
1595 5309 1624 5344 a
1663 5292 1718 5356 2,
1777 5292 1832 5345 3.

303 5365 446 5418 tetiz.
480 5379 620 5418 corr.
663 5363 887 5417 cateciz.
934 5363 987 5418 1.

3129 5165 3194 5204 ιιι]
3248 5165 3302 5204 ‘z.
3464 5165 3644 5220 quen-

3129 5220 3274 5274 atriti
3314 5222 3376 5275 2r
3407 5221 3474 5253 ⁶²⁵
3507 5222 3654 5274 deest

1902 5293 1969 5326 ⁰²⁹
2000 5300 2276 5347 venerant
2329 5291 2362 5348 3
2403 5291 2470 5327 ⁶³⁰
2526 5298 2728 5346 terrain
2775 5291 2829 5343 2.
2863 5291 2914 5346 3.
2985 5288 3050 5323 ⁸³³
3121 5290 3160 5346 l.
3192 5308 3235 5345 r.
3267 5293 3319 5348 2.
3373 5293 3424 5344 3.
3460 5289 3525 5324 ⁶³²
3553 5283 3652 5344 ca-

1021 5364 1090 5397 ²³³
1108 5373 1336 5420 vocatus
1372 5364 1428 5418 2.
1464 5365 1516 5418 3.
1553 5363 1620 5396 ’³⁸
1653 5363 1797 5416 deest
1829 5363 1882 5416 2.
1917 5365 1971 5416 3.
2009 5364 2078 5398 ⁸³³
2106 5364 2144 5417 i.
2173 5364 2303 5418 acd.
2336 5364 2390 5418 2.
2419 5363 2470 5418 3.

1884 5461 2091 5519 NOTAE.

381 5537 494 5605 (9|)
525 5537 902 5592 Montmartre.

2110 5533 2219 5603 (91)
2252 5536 2485 5604 Arques.
