3972 6206
374 184 479 239 463

1501 190 1866 248 FLODOARDI
1913 191 2218 248 CANONICI
2261 193 2590 250 REMENSIS

3615 198 3719 254 464

373 325 532 391 dens,
563 340 738 397 equos
765 341 953 381 eorum
979 326 1064 381 vel
1101 341 1336 398 qumque
1386 328 1492 383 sibi
1553 331 1668 385 visa
1717 340 1864 397 sunt,
1895 347 1994 386 au-
2014 337 2062 404 Α
2091 334 2194 389 dus
2221 335 2288 370 ⁶⁸⁴
2310 335 2696 400 Nortmannus,
2745 334 2840 405 qui
2872 333 3084 403 Bajocis
3105 341 3354 405 praeerat,
3388 336 3616 394 mandat
3646 339 3717 405 ei,

372 418 520 486 fert;
569 418 963 488 Compendium
1014 419 1198 486 etiam,
1249 420 1449 495 regalis
1495 423 1644 477 sedis
1697 424 1988 494 Oppidum,

373 511 623 582 pervadit
652 527 774 567 cum
829 511 1161 584 quibusdam
1216 514 1362 570 villis
1417 514 1597 569 eidem
1647 516 1763 569 sedi
1803 515 1989 584 subje-

370 609 492 663 ctis.
519 609 628 662 Rex
661 608 1004 675 Ludowicns,
1047 611 1278 666 collecto
1308 627 1494 666 secum
1526 612 1989 667 Nortmannorum

369 697 630 764 exercitu,
689 697 1176 755 Veromandinsem
1244 700 1312 735 ⁸³⁸
1365 718 1566 775 pagum
1619 701 1986 772 depraidatur,

369 798 762 864 assumptoque
820 809 944 848 cum
995 793 1128 865 ipsis
1181 793 1247 828 ⁵³⁷
1294 794 1514 849 Erluino
1569 811 1692 850 cum
1745 801 1899 866 parte
1920 797 1987 832 ⁸³⁸

368 880 602 936 militum
643 883 871 947 Arnulf‘i,
916 884 1012 937 sed
1068 892 1122 939 et
1176 885 1400 940 Artoldo
1431 885 1695 956 episcopo
1725 903 1848 941 cum
1880 886 1986 952 his,

367 976 572 1030 dudum
607 977 673 1011 639
695 977 785 1048 qui
828 978 1011 1032 Remis
1043 979 1204 1047 ejecti
1253 979 1488 1044 fuerant;
1526 980 1822 1036 comitibus
1851 997 1990 1052 quo-

366 1088 473 1144 que
514 1071 790 1126 Bernardo
822 1087 884 1125 ac
912 1072 1253 1126 Theoderico
1278 1073 1346 1105 ⁶⁸⁰
1377 1079 1577 1143 nepote
1627 1073 1823 1143 ipsius,
1868 1074 1980 1128 Re-

364 1178 578 1217 morum
605 1161 828 1216 obsidet
857 1160 1072 1216 urbem.
1097 1161 1389 1217 Vastantur
1432 1163 1861 1234 circumquaque
1894 1180 1984 1218 se-

365 1257 541 1323 getes,
600 1249 854 1319 villaeque
897 1249 1237 1320 diripiuntur
1293 1258 1347 1305 et
1407 1252 1601 1321 partim
1657 1259 1983 1319 exuruntur,

365 1357 583 1395 necnon
629 1340 892 1394 aecclesiae
970 1340 1154 1410 plures
1213 1341 1595 1414 elfringuntur.
1655 1343 1879 1407 Quoties
1917 1344 1981 1378 ⁶⁸¹

365 1441 667 1506 pugnatum
702 1433 768 1487 ad
801 1440 985 1504 portas
1027 1435 1110 1488 vel
1162 1435 1304 1489 circa
1354 1453 1590 1500 murum,
1625 1437 1889 1490 vulnerati
1919 1453 1985 1491 ex

365 1531 595 1593 utraque
625 1533 777 1593 parte
807 1538 915 1577 non
969 1522 1149 1592 pauci,
1203 1523 1426 1593 quidam
1469 1525 1629 1578 etiam
1666 1524 1981 1596 interempti

364 1621 510 1667 sunt.
546 1612 697 1684 Hugo
723 1611 962 1683 denique
993 1613 1101 1666 dux
1146 1613 1430 1683 prceliatus
1453 1629 1575 1668 cum
1610 1613 1982 1680 Nortmannis,

2094 426 2239 496 quod
2283 426 2349 480 ad
2377 441 2502 481 eum
2533 433 2796 480 venturus
2843 432 2994 480 esset
3041 426 3296 482 condicto
3349 433 3601 498 tempore
3634 429 3718 483 vel

2093 519 2233 587 loco,
2266 519 2309 574 si
2331 535 2422 574 rex
2455 519 2522 573 ad
2550 519 2702 574 illum
2749 521 2926 576 locum
2958 522 3268 578 accederet.
3309 521 3583 580 Veniente
3616 525 3718 578 de-

2092 611 2261 683 nique
2289 627 2415 685 rege
2442 629 2565 667 cum
2596 612 2785 684 paucis
2824 612 2893 667 ad
2923 613 3106 669 locum
3146 615 3588 682 denominatum,
3623 617 3720 670 Ha-

2090 705 2315 779 groldus
2361 720 2484 760 cum
2541 705 2893 761 multitudine
2952 707 3418 764 Nortmannorum
3469 717 3719 764 armatus

2088 795 2312 850 advenit
2346 794 2437 860 ³⁵³,
2468 793 2852 867 invadensque
2892 797 3075 852 socios
3114 799 3284 870 regis,
3316 815 3457 870 pene
3485 809 3718 856 cunctos

2091 886 2368 942 interemit
2397 886 2484 940 ⁸⁵⁸.
2514 886 2624 941 Rex
2659 887 2811 943 solus
2860 889 3041 963 fugam
3083 889 3228 956 iniit,
3251 899 3629 964 prosequente
3658 909 3716 948 se

2090 979 2330 1051 quodam
2361 977 2695 1034 Nortmanno
2727 979 2793 1013 ⁵⁵⁷
2826 979 2934 1034 sibi
2962 980 3130 1036 fideli.
3150 981 3280 1036 Cum
3306 984 3500 1054 quo653
3530 984 3717 1040 Rodo-

2085 1084 2233 1123 mum
2254 1065 2507 1131 veniens,
2541 1069 2976 1138 comprehensus
3006 1079 3089 1125 est
3147 1071 3214 1105 ⁸⁵9
3264 1071 3332 1126 ab
3382 1073 3505 1128 aliis
3551 1074 3718 1129 Nort-

2087 1157 2303 1212 mannis
2333 1172 2471 1228 quos
2486 1157 2590 1212 sibi
2623 1156 2818 1212 ﬁdeles
2848 1175 2967 1214 esse
2987 1159 3232 1230 putabat,
3263 1169 3320 1215 et
3347 1161 3450 1215 sub
3466 1164 3722 1217 custodia

2086 1248 2362 1315 detentus,
2395 1248 2546 1321 Hugo
2577 1263 2819 1318 quoque,
2850 1265 2944 1302 rex
2975 1248 3170 1316 Italiae,
3196 1265 3366 1324 regno
3397 1251 3670 1322 depulsus
3691 1270 3720 1306 a

2086 1336 2220 1403 suis,
2247 1336 2462 1391 etﬁlius
2483 1335 2653 1407 ipsius
2676 1337 2731 1391 in
2776 1353 3006 1412 regnum
3038 1345 3293 1410 receptus
3318 1341 3386 1375 ⁵⁸⁸
3417 1351 3522 1396 est.
3560 1341 3718 1416 Hugo

2088 1427 2649 1498 praesulAltmontem
2709 1437 2943 1484 castrum
3008 1431 3295 1495 obsidens,
3349 1443 3474 1504 post
3498 1440 3718 1504 septem

2089 1516 2257 1570 ferme
2306 1517 2374 1551 εδδ
2425 1516 2738 1572 obsidionis
2800 1518 3141 1574 ebdomadas
3189 1520 3408 1590 recipit,
3445 1521 3719 1578 reddente

2088 1607 2222 1660 illud
2256 1608 2479 1663 Dodone
2522 1608 2592 1643 ⁶⁶²
2637 1608 2727 1679 [Η.
2787 1612 2852 1664 R.
2890 1626 2964 1677 ιν,
3016 1610 3106 1677 31,
3161 1611 3218 1665 D.
3271 1612 3461 1668 domni
3506 1613 3718 1670 Artoldi

366 1703 459 1774 qui
520 1678 659 1757 fines
712 1720 840 1758 suos
875 1678 1408 1777 ‘ingressi‘fuerant,
1468 1721 1563 1761 eos
1601 1723 1710 1760 non
1772 1678 2422 1767 modicaBﬁ‘alreintali
2481 1696 2584 1751 SUb
2643 1706 2856 1767 ιθηοτθι
2909 1707 2968 1754 ιιι
3028 1699 3200 1755 ﬁlium
3248 1701 3424 1772 iPSius
3452 1709 3507 1757 εἴ
3541 1703 3718 1759 ﬁlium

365 1797 514 1854 cmde
545 1799 613 1832 δι’
640 1797 798 1865 fudit,
847 1806 901 1853 et
930 1815 960 1852 a
1018 1797 1267 1852 terminis
1319 1799 1433 1853 suis
1478 1800 1679 1868 cjecit;
1716 1807 1837 1871 post
1873 1801 1987 1856 haec

364 1889 550 1943 Remis
590 1889 656 1943 ad
717 1906 902 1962 regem
960 1889 1144 1956 mittit,
1199 1890 1336 1943 dans
1393 1891 1639 1956 obsides,
1695 1901 1753 1945 ut
1806 1891 1986 1965 Rage-

365 1982 563 2036 noldus
605 1998 670 2034 ex
713 1988 867 2052 parte
922 1981 1066 2054 regis
1113 1982 1178 2036 ad
1236 1981 1569 2053 colloquium
1627 1981 1732 2036 sibi
1794 1998 1985 2037 occur-

365 2081 466 2125 rat.
521 2071 635 2134 Quo
677 2071 938 2135 abeunte,
973 2078 1168 2125 tractat
1220 2087 1342 2125 cum
1376 2087 1466 2140 eo,
1515 2071 1594 2125 uti
1638 2088 1728 2125 rex
1760 2071 1987 2126 obsides

365 2166 432 2217 ab
491 2164 718 2237 llugone
781 2164 1041 2234 episcopo
1109 2163 1362 2234 acelpiat,
1441 2171 1494 2218 et
1560 2163 1628 2218 ab
1696 2163 1987 2218 obsidione

367 2253 620 2307 Remensi
654 2253 942 2316 discedat;
983 2260 1254 2324 quatenus
1283 2253 1350 2286 “3
1396 2252 1540 2305 idem
1579 2253 1775 2322 praisul
1811 2253 1988 2307 deno-

367 2345 574 2398 minato
604 2344 804 2414 placito
843 2345 909 2396 ad
939 2343 1275 2396 reddendam
1311 2343 1578 2397 rationem
1604 2343 1672 2396 de
1705 2343 1984 2406 omnibus,

367 2449 490 2505 quae
517 2450 608 2487 rex
640 2433 706 2486 ab
741 2448 806 2486 eo
856 2432 1150 2502 quaesierat
1198 2431 1288 2496 5“,
1348 2431 1588 2485 accedat.
1637 2432 1848 2495 Quibus
1883 2433 1987 2486 hoc

366 2523 470 2577 sibi
522 2532 712 2577 tenore
765 2522 928 2587 datis,
990 2537 1081 2574 rex
1141 2520 1208 2573 ab
1270 2519 1566 2574 obsidione
1623 2520 1830 2574 recedit
1861 2528 1985 2590 post

368 2617 611 2687 quintam
645 2615 936 2678 decimam,
957 2629 1065 2684 quo
1103 2612 1294 2667 civitas
1332 2612 1560 2667 obsessa
1587 2612 1782 2679 fuerat,
1813 2613 1980 2666 diem.

368 2709 538 2781 Igitur
558 2708 700 2761 circa
728 2706 949 2759 missam
985 2705 1169 2758 sancti
1218 2704 1488 2758 Johannis
1541 2705 1692 2778 l‘lugo
1721 2705 1826 2758 dux
1869 2704 1986 2775 pla-

365 2800 532 2854 citum
565 2815 684 2853 cum
739 2813 865 2871 rege
919 2813 1019 2866 per
1068 2804 1383 2867 sequestres
1424 2797 1491 2830 ²⁵⁵
1521 2795 1731 2859 habuit,
1802 2795 1984 2866 inquo

367 2888 655 2944 nihileerti
692 2887 760 2920 ⁸⁵⁸
803 2886 870 2940 de
930 2902 1062 2956 pace
1117 2885 1261 2938 inter
1293 2885 1442 2955 ipsos
1471 2885 1856 2955 componenda
1888 2902 1988 2959 ge-

365 2989 531 3045 stum,
553 2978 659 3032 nisi
689 2983 898 3031 tantum
963 2976 1110 3048 quod
1142 2977 1207 3010 5‘7
1239 2975 1490 3030 inducias
1526 2975 1594 3030 ad
1621 2975 1853 3030 invicem
1878 2974 1980 3029 sibi

2091 1789 2271 1843 fratris
2312 1789 2395 1843 sui
2442 1790 2753 1861 suscipiens
2793 1791 2938 1846 idem
2981 1792 3431 1864 archiepiscOpus
3459 1794 3552 1861 ⁵⁸³,
3580 1811 3721 1850 con-

2089 1882 2311 1936 cederet
2338 1881 2419 1935 eis
2444 1890 2640 1937 terram
2676 1891 2895 1954 patrum
2926 1901 3171 1940 suorum.
3207 1887 3437 1959 llugone
3472 1887 3619 1943 duce
3652 1889 3720 1945 de

2088 1970 2237 2043 regis
2270 1971 2556 2042 ereptione
2598 1972 2900 2040 laborante,
2977 1975 3300 2029 Nortmanni
3348 1974 3496 2031 ﬁlios
3547 1978 3722 2047 ipsius

2090 2063 2234 2135 regis
2278 2062 2394 2116 dari
2426 2064 2529 2116 sibi
2568 2065 2791 2119 obsides
2851 2073 3124 2137 quaerunt,
3187 2083 3288 2122 nec
3334 2068 3496 2122 aliter
3528 2086 3717 2143 regem

2089 2167 2146 2204 se
2187 2151 2512 2208 dimissuros
2569 2163 2859 2208 asserunt.
2896 2155 3123 2210 Mittitur
3180 2155 3346 2230 igitur
3388 2157 3457 2191 ⁸⁸³
3477 2159 3550 2212 ad
3577 2160 3720 2234 regi-

2091 2259 2213 2296 nam
2243 2259 2341 2314 pro
2373 2244 2558 2314 pueris
2585 2263 2598 2310 ;
2627 2245 2717 2299 illa
2747 2245 3013 2302 minorem
3055 2247 3296 2311 mittens,
3344 2249 3615 2318 majorem
3640 2250 3720 2305 fa-

2090 2339 2232 2386 tetur
2253 2349 2311 2387 se
2347 2350 2454 2388 non
2478 2351 2602 2388 esse
2642 2335 2952 2389 missuram.
3000 2337 3167 2391 Datur
3188 2337 3357 2411 igitur
3389 2339 3593 2406 minor,
3667 2350 3721 2395 et

2092 2430 2150 2478 ut
2180 2440 2271 2478 rex
2330 2425 2656 2492 dimittatur,
2707 2426 2865 2482 Wido
2909 2429 2976 2461 ⁵⁸⁵
3027 2427 3352 2483 Suessorum
3406 2431 3712 2504 episcopus

2088 2531 2209 2570 sese
2232 2516 2482 2570 obsidem
2516 2517 2698 2572 tradit.
2730 2519 2995 2573 Dimissus
3026 2519 3212 2591 itaque
3242 2535 3338 2576 rex
3366 2536 3400 2576 a
3420 2519 3720 2577 Nortman-

2088 2607 2195 2673 nis,
2221 2608 2521 2678 suscipitur
2549 2609 2617 2663 ab
2649 2609 2877 2684 Hugone
2907 2611 3188 2682 principe;
3229 2611 3440 2684 quique
3461 2614 3722 2670 commit-

2087 2705 2210 2752 tens
2229 2715 2353 2754 eum
2371 2699 2635 2755 Tetbaldo
2662 2701 3075 2766 “Gs-657.cuidam
3091 2704 3721 2775 suorum,proﬁciscitur

2087 2790 2285 2845 Othoni
2321 2790 2433 2865 regi
2467 2791 2704 2846 obviam.
2758 2793 2855 2857 Qui
2903 2810 2996 2849 rex
3037 2793 3233 2850 nolens
3279 2794 3436 2868 loqui
3468 2813 3597 2852 cum
3631 2814 3717 2864 eo,

2087 2881 2253 2936 mittit
2310 2881 2376 2935 ad
2430 2898 2554 2936 eum
2636 2882 2942 2938 Conradum
2993 2885 3189 2941 ducem
3250 2886 3718 2958 Lothariensium,

2087 2968 2362 3056 Cumoquo
2402 2970 2618 3027 loeutus
2671 2973 2823 3046 Hugo
2856 2971 3106 3029 infensus
3143 2975 3344 3031 Othoni
3381 2978 3503 3051 regi
3537 2993 3722 3032 rever-

366 3068 640 3122 dederum
671 3067 738 3100 διδ
768 3081 940 3136 usque
970 3065 1039 3119 ad
1073 3065 1314 3119 medium
1367 3081 1614 3120 mensem
1656 3067 1980 3139 Augustum.
2016 3053 2064 3121 C
2090 3053 2245 3114 titur.
2277 3059 2532 3115 Richario
2559 3059 2960 3136 Tungrensium
2993 3063 3228 3132 praesule
3255 3065 3544 3134 defuncto,
3572 3065 3719 3122 idem

439 3156 530 3210 His
584 3155 657 3210 ita
705 3153 899 3228 gestis,
961 3169 1055 3208 rex
1121 3154 1468 3217 Ludowicus,
1527 3162 1812 3226 assumpto
1881 3155 1982 3208 Er-

367 3252 517 3306 luino
558 3257 612 3304 et
650 3245 977 3320 quibusdam
1034 3246 1355 3301 domesticis
1383 3247 1500 3300 suis
1556 3262 1766 3311 secum,
1797 3247 1984 3302 Rodo-

365 3356 513 3394 mum
545 3336 694 3409 petit.
756 3336 998 3390 Domnus
1040 3335 1288 3390 Theotilo
1352 3336 1419 3369 6"”
1452 3336 1800 3396 venerandus
1833 3334 1986 3390 urbis

363 3410 645 3490 Turonica:
680 3431 878 3504 praesul
940 3429 1097 3493 obiit,
1158 3431 1252 3502 qui
1313 3431 1442 3485 dum
1510 3430 1578 3484 de
1650 3447 1785 3501 pace
1843 3429 1989 3483 inter

367 3545 554 3602 regem
608 3534 662 3581 et
711 3524 991 3596 principes
1022 3523 1407 3593 componenda
1458 3530 1718 3589 certaret,
1791 3522 1990 3592 hisque

363 3621 562 3675 studiis
625 3629 925 3690 occupatus
973 3636 1004 3673 a
1069 3615 1330 3672 Lauduno
1391 3615 1614 3680 rediret,
1658 3614 1986 3688 aegritudine

363 3709 609 3780 corporis
629 3710 682 3764 in
715 3711 834 3780 ipso
866 3708 1192 3779 deprimitur
1220 3705 1436 3759 itinere.
1464 3702 1708 3775 Cumque
1728 3702 1980 3757 ultimum

359 3806 471 3874 jam
499 3804 868 3859 exhalaret”
919 3803 1201 3872 spiritum,
1251 3799 1510 3871 apparuit
1556 3799 1773 3870 signum
1807 3798 1984 3868 quod-

364 3895 490 3949 dam
523 3894 747 3948 luminis
779 3909 877 3962 per
905 3907 1013 3946 zera
1067 3890 1408 3954 discurrens,
1467 3887 1710 3942 cubitum
1745 3887 1985 3960 longitu-

365 3983 511 4038 dinis
541 3983 744 4037 habere
783 3982 959 4034 visum
993 3978 1193 4046 ;cujus
1239 3977 1443 4032 lumine
1502 3977 1571 4030 ad
1621 3976 1982 4046 depellendas

367 4072 546 4127 noctis
588 4069 844 4125 tenebras
888 4066 1230 4122 sufﬁcienter
1287 4065 1561 4137 perfuncti
1610 4074 1737 4118 sunt
1767 4066 1854 4131 ⁵⁵⁸,
1888 4066 1981 4137 qui

365 4164 533 4220 funus
563 4165 683 4233 ejus
712 4159 1061 4217 deducebant
1089 4177 1104 4225 ;
1139 4159 1345 4231 talique
1379 4157 1534 4229 potiti
1593 4157 1860 4212 solamine
1890 4175 1986 4228 per

367 4257 520 4312 milia
551 4256 686 4323 fere,
741 4273 843 4311 ceu
892 4256 1081 4322 fertur,
1138 4256 1396 4308 ducenta.
1454 4249 1780 4305 Turonicam
1811 4267 1984 4322 usque

365 4364 566 4420 corpus
596 4348 716 4416 ejus
754 4346 1262 4418 perferunturbem.
1293 4341 1627 4412 Quodquein
1647 4341 1982 4396 monasterio

2086 3155 2428 3226 episcopium
2482 3173 2576 3212 rex
2644 3158 2782 3214 Otho
2843 3159 3078 3233 Hugoni,
3159 3162 3347 3217 abbati
3396 3164 3720 3218 monasterii

2087 3248 2262 3304 sancti
2312 3248 2612 3316 Maximini,
2683 3252 2891 3308 nolenti
2976 3259 3142 3326 atque
3186 3253 3489 3330 refugienti
3542 3257 3719 3318 dedit.

2088 3354 2327 3411 eumque
2349 3339 2589 3396 ordinari
2617 3341 3125 3417 fecitepiscopum;
3158 3347 3308 3402 etita
3330 3354 3546 3404 remeat
3569 3355 3719 3403 trans

2096 3427 2370 3484 Rhenum.

2162 3521 2224 3576 In
2254 3537 2394 3597 pago
2427 3522 2805 3592 Parisiacensi,
2859 3541 3078 3583 necnon
3127 3527 3293 3584 etiam
3338 3547 3438 3602 per
3462 3531 3717 3589 diversos

2092 3610 2159 3645 ⁸⁸⁸
2185 3611 2618 3684 circumquaque
2669 3629 2860 3688 pagos,
2904 3616 3191 3674 hominum
3219 3619 3440 3676 diversa
3473 3624 3721 3680 membra

2087 3698 2232 3773 ignis
2250 3702 2408 3776 plaga
2439 3702 2812 3772 pervaduntur
2839 3723 2853 3772 ;
2887 3723 3120 3780 quaeque
3146 3707 3380 3780 ]sensim
3405 3710 3493 3783 ⁵⁸⁸]
3526 3720 3722 3768 exusta

2084 3797 2569 3864 consumebantur,
2610 3798 2789 3855 donec
2826 3815 2975 3856 mors
3018 3801 3241 3857 tandem
3291 3801 3719 3876 finiretsuppli-

2084 3887 2186 3941 cia.
2213 3888 2451 3954 Quorum
2479 3891 2727 3962 quidam,
2748 3893 3015 3947 nonnulla
3038 3902 3355 3950 sanctorum
3374 3895 3496 3951 loca
3522 3903 3720 3967 peten-

2087 3986 2189 4046 tes,
2225 3998 2448 4037 evasere
2505 3990 2779 4040 tormenta
2825 4002 2840 4052 ;
2894 3985 3080 4055 plures
3141 3994 3326 4042 tamen
3381 3987 3716 4044 Parisiusin

2085 4073 2337 4127 moclesia
2373 4081 2576 4130 sanctis
2619 4075 2714 4130 Dei
2759 4075 3043 4150 genitricis
3099 4077 3280 4134 Mariae
3330 4079 3508 4135 sanati
3564 4087 3713 4148 sunt,

2087 4163 2224 4219 adeo
2255 4172 2602 4238 utquotquot
2631 4168 2726 4223 illo
2751 4169 3043 4239 pervenire
3069 4171 3372 4241 potuerint,
3393 4184 3718 4228 asserantur

2085 4255 2153 4310 ab
2182 4256 2284 4311 hac
2315 4266 2467 4326 peste
2498 4258 2690 4313 salvati
2719 4276 2732 4325 ;
2767 4275 2910 4331 quos
2932 4260 3084 4336 Hugo
3113 4278 3336 4334 quoque
3366 4264 3478 4319 dux
3495 4265 3714 4336 stipen-

2085 4348 2192 4403 diis
2221 4347 2356 4403 aluit
2389 4348 2705 4404 cotidianis.
2737 4351 2938 4406 Horum
2972 4353 3102 4408 dum
3134 4355 3357 4425 quidam
3404 4355 3616 4412 vellent
3645 4357 3714 4411 ad

365 4440 541 4495 sancti
571 4439 792 4501 Juliani.
828 4440 975 4511 quod
1006 4438 1150 4493 idem
1198 4435 1280 4490 vir
1326 4441 1547 4488 sanctus
1572 4449 1786 4488 summa
1825 4433 1976 4487 insti-
2009 4435 2065 4503 D
2084 4441 2304 4512 prOpria
2327 4442 2786 4509 redire,extincto
2817 4443 3713 4526 refervescuntincendio,regres-

368 4540 548 4590 tuerat
573 4532 863 4607 religione,
889 4532 1044 4600 juxta
1068 4529 1380 4600 sepulcrum
1433 4526 1622 4580 domui
1662 4524 1868 4580 Odonis
1901 4541 1988 4580 re-

364 4635 623 4683 verenter
653 4627 930 4690 humatur,
963 4630 1018 4678 et
1049 4621 1248 4677 exinde
1277 4621 1458 4691 ipsum
1482 4619 1748 4690 templum
1783 4618 1989 4673 divinis

369 4716 631 4773 illustrari
663 4716 731 4749 ⁶⁵²
763 4713 1041 4768 miraculis
1071 4711 1398 4768 declaratur.

441 4813 576 4867 Dum
608 4825 701 4864 rex
721 4808 1047 4864 Ludowicns
1075 4807 1144 4842 513
1174 4810 1480 4861 moraretur
1495 4802 1752 4870 Rodomi,
1770 4802 1991 4876 Hagrol-

2089 4533 2246 4604 sique
2277 4533 2345 4587 ad
2375 4533 2678 4588 eecclesiam
2703 4534 3012 4591 liberantur
3031 4538 3118 4592 θτθ.
3146 4540 3303 4596 Anno

2729 4622 3060 4680 DCCCCXLV
3065 4629 3084 4682 Ι

2089 4709 2312 4780 quidam
2341 4716 2520 4765 motus
2553 4711 2694 4767 inter
2731 4711 2874 4768 filios
2934 4715 3204 4774 Reriberti
3234 4721 3454 4777 comitis
3493 4721 3561 4757 ⁶τί
3593 4721 3710 4798 agi-

2093 4805 2278 4854 tantur
2316 4815 2414 4870 pro
2443 4800 2811 4856 hereditatum
2878 4802 3268 4864 distributione
3324 4825 3574 4865 suarum.
3605 4811 3707 4876 Qui

1720 4932 1940 4988 VARl/E
1967 4930 2345 4987 LECTIONES.

442 5045 512 5081 ⁸³⁸
539 5042 1034 5098 veromandensem
1095 5039 1146 5093 1.
1197 5037 1264 5072 ⁵³⁷
1306 5037 1413 5092 illis
1461 5037 1518 5092 2.
1567 5037 1618 5093 3.
1662 5037 1732 5108 6³⁸
1765 5044 1917 5108 patre
1972 5037 2026 5090 2.
2061 5035 2128 5069 ‘3’
2172 5034 2294 5108 q,d.
2353 5033 2410 5088 2.
2454 5034 2508 5100 3,
2545 5036 2611 5090 H.
2643 5039 2710 5093 R.
2743 5035 2812 5071 “0
2857 5037 3138 5094 teoderico
3167 5039 3220 5094 2.
3252 5041 3317 5076 5“
3350 5042 3615 5107 Quotiens
3643 5047 3701 5102 2.

371 5116 439 5151 ⁶⁴²
468 5115 624 5170 clade
651 5115 704 5168 3.
739 5115 808 5148 (⁵⁵³

854 5111 1234 5184 quatenus_2.
1293 5111 1347 5184 3Δ
1393 5109 1465 5184 σεξ
1499 5107 1779 5184 quaesierit
1823 5109 1877 5171 2,
1938 5110 2008 5184 β.
2041 5109 2114 5184 _R.
2274 5115 2594 5184 sequestros
2642 5108 2716 5184 2._
2749 5107 2818 5143 “5
2877 5119 3045 5184 certe
3076 5112 3121 5184 Ι.
3161 5121 3385 5184 certum
3441 5116 3496 5168 2.
3546 5117 3599 5172 3.
3627 5118 3693 5151 δδῖ

369 5188 514 5242 deest
564 5187 618 5239 2.
677 5185 746 5220 ⁶⁴⁸
785 5177 927 5238 deest
982 5182 1034 5237 2.
1093 5182 1161 5216 “9
1203 5181 1388 5236 testilo
1439 5181 1492 5234 2.
1518 5177 1605 5214 “⁶³⁰
1654 5179 1896 5234 exalaret
1933 5179 1986 5233 2.
2039 5179 2090 5232 3.
2139 5177 2203 5211 ⁶⁵¹
2263 5192 2532 5246 superscr.
2571 5181 2619 5234 1.
2677 5180 2839 5235 deest.
2897 5180 2930 5234 2
2982 5182 3050 5216 ⁸⁵³
3098 5181 3395 5239 inlustrare
3423 5186 3476 5241 2.
3507 5187 3575 5221 ‘53
3609 5187 3694 5242 lo-

371 5258 647 5312 dbunicus
687 5255 739 5311 3.
770 5256 838 5290 ⁶⁵⁵
885 5253 1201 5320 haigroldus
1236 5253 1288 5306 2.
1339 5254 1392 5306 3.
1444 5257 1493 5305 et
1522 5253 1676 5318 infra
1724 5251 1792 5284 ⁸⁵⁵
1843 5251 2015 5316 venit,
2065 5265 2209 5302 carr.
2241 5248 2467 5303 advenit
2511 5249 2562 5316 1,
2591 5250 2890 5306 adveneiat
2926 5253 2980 5306 2.
3040 5253 3108 5287 ⁸⁵⁵⁵
3139 5254 3409 5312 interimit
3437 5258 3489 5311 3.
3522 5259 3589 5291 “7
3617 5259 3686 5320 Ν,

372 5327 724 5396 (normanno)
761 5327 814 5379 3.
885 5343 936 5396 q.
971 5320 1024 5397 2.
1048 5323 1103 5378 3.‘
1134 5325 1454 5397 3meumque
1481 5323 1533 5397 2_.
1559 5323 1626 5356 ⁵⁵9
1656 5322 1802 5397 deest
1839 5321 1990 5397 3.__“_"’0
2021 5328 2312 5397 susceptus
2336 5321 2390 5397 2ἐ
2415 5320 3198 5397 3.‘cui__succcssit_Lotbarius
3227 5325 3506 5397 ﬁliusejus
3533 5331 3686 5397 Hugo

373 5380 758 5452 Vf'tiivforma}
797 5380 935 5451 corr.
997 5395 1181 5450 ferinae
1232 5395 1287 5448 2.
1349 5380 1418 5429 εἶδ’
1450 5393 1634 5448 odone
1681 5393 1732 5445 2.
1768 5392 1826 5445 3;
1885 5391 1954 5426 ⁵6³
2009 5380 2307 5462 episcopus
2360 5390 2412 5446 2.
2463 5389 2515 5447 3.
2572 5393 2641 5427 6“
2695 5394 2835 5448 deest
2889 5395 2943 5448 2.
2977 5394 3044 5430 ⁶⁶δ
3067 5395 3233 5451 vindo
3266 5396 3299 5452 3
3350 5380 3689 5455 “151367131;

369 5465 551 5522 baudo
575 5467 988 5520 Carnotensium
1016 5463 1203 5519 comiti
1233 5467 1384 5532 Hugo
1417 5465 1483 5519 V.
1537 5463 1604 5499 ⁶⁶³
1634 5462 1880 5516 diversas
1911 5478 2052 5518 corr.
2111 5462 2362 5517 diversos
2392 5462 2441 5519 1.
2475 5462 2680 5520 divisos
2704 5465 2758 5519 2.
2800 5466 2853 5519 3.
2889 5466 2956 5502 “9
2984 5465 3146 5523 deest.
3179 5467 3233 5522 1.
3267 5468 3337 5502 ⁶⁷⁰
3372 5470 3680 5527 liberentur

369 5548 505 5590 corr.
540 5536 843 5589 liberantur
867 5537 920 5590 2.
957 5537 1021 5570 δτι
1055 5535 1219 5588 deest.
1261 5535 1316 5588 2.
1353 5534 1408 5589 3.
