3972 6206
307 359 414 414 465

1821 365 2138 422 ANNALES.

3536 379 3641 433 466

307 505 515 562 tamen,
550 495 777 570 Hugone
827 496 1078 568 principe
1106 497 1374 554 avunculo
1426 499 1494 533 ⁸⁷³
1532 499 1774 570 ipsorum
1804 515 1927 554 me-
1954 507 2007 575 Α
2036 501 2113 554 sis
2143 501 2210 536 ⁸⁸³
2241 503 2574 574 accipientes
2603 506 2670 541 ⁸⁸⁵
2691 513 2917 580 utraque
2943 525 3108 563 manu
3130 509 3306 564 eidem
3336 511 3454 566 sedi
3485 513 3644 568 resti-

309 585 518 651 diante,
573 592 857 655 pacantur,
888 585 1081 640 divisis
1125 585 1253 653 sibi,
1288 594 1446 656 prout
1485 589 1566 643 eis
1609 596 1930 660 competens

305 676 484 730 visum
516 683 621 743 est,
655 677 836 731 rebus.
888 677 1041 751 llngo
1071 694 1161 732 rex
1197 679 1362 733 Italiae
1393 696 1422 733 a
1453 681 1565 734 suis
1611 681 1664 735 in
1697 697 1926 755 regnum

307 766 588 835 recipitur.
619 765 937 820 Edmundus
975 767 1269 840 Anglorum
1302 785 1395 822 rex
1424 769 1633 844 legatos
1662 772 1728 824 ad
1755 771 1928 844 llugo-

305 870 433 909 nem
467 855 773 926 principem
804 871 900 926 pro
929 856 1271 911 restitutione
1301 857 1579 913 Ludowici
1619 859 1762 932 regis
1793 859 1928 912 diri-

304 949 425 1024 git;
457 956 512 1002 et
545 949 692 1002 idem
743 949 1002 1020 princeps
1049 949 1279 1020 proinde
1319 959 1623 1006 conventus
1679 953 1928 1023 publicos

305 1058 429 1096 cum
480 1041 776 1112 nepotibus
807 1041 920 1096 suis
951 1041 1182 1113 aliisque
1214 1042 1366 1114 regni
1429 1043 1754 1114 primatibus
1797 1046 1927 1120 agit.

304 1133 548 1188 Marinus
600 1151 743 1206 papa
800 1135 1060 1200 decessit,
1117 1136 1203 1190 cui
1260 1137 1500 1191 succesit
1559 1139 1847 1212 Agapttns;
1881 1153 1938 1220 (ί

302 1242 407 1297 pax
448 1226 590 1280 inter
623 1225 931 1281 Albericum
978 1227 1262 1298 patricium
1313 1234 1367 1282 et
1410 1229 1691 1302 llngonem
1741 1247 1926 1305 regem

305 1318 512 1389 [Italiae]
569 1318 951 1389 depaciscitur.
1013 1319 1166 1394 llugo
1213 1321 1319 1374 dux
1375 1321 1726 1389 Francorum,
1754 1324 1925 1378 ascito

302 1426 491 1466 secum
546 1410 774 1484 Hugone
829 1412 1037 1486 [Nigro]
1106 1411 1217 1468 filio
1277 1413 1553 1480 Richardi,
1613 1415 1924 1487 ceterisque

303 1499 458 1574 regni
520 1500 868 1570 primatibus,
905 1501 1254 1556 Lndowicum
1312 1519 1520 1577 regem.
1553 1503 1648 1574 qui
1689 1504 1799 1558 fere
1829 1521 1926 1575 per

300 1607 506 1645 annum
536 1589 638 1644 sub
664 1591 914 1645 custodia
941 1591 1290 1648 detinebatur
1308 1594 1453 1664 apud
1477 1595 1797 1649 Tetbaldum
1827 1613 1924 1652 co-

301 1684 512 1749 mitem,
537 1683 592 1737 in
617 1700 845 1758 regnum
875 1685 1107 1740 restituit
1131 1703 1146 1751 ;
1189 1693 1411 1756 recepto
1435 1686 1698 1742 Lauduno
1720 1695 1918 1751 castro,

299 1773 448 1846 quod
481 1773 670 1845 regina
727 1772 1000 1846 Gcrberga
1031 1775 1273 1840 tenebat,
1331 1782 1384 1828 et
1441 1776 1620 1830 eidem
1661 1776 1920 1832 Tetbaldo

298 1865 620 1922 commisso.
677 1866 774 1930 Qui
809 1866 915 1920 dux
951 1866 1102 1938 Hugo
1160 1882 1433 1921 renovans
1462 1869 1577 1942 regi
1625 1867 1915 1925 Ludowico
1941 1828 1994 1899 B

295 1964 507 2036 regium
539 1964 805 2018 honorem
837 1963 922 2017 vel
953 1979 1176 2028 nomen,
1215 1962 1265 2016 ei
1297 1963 1366 1995 ⁸⁷³
1405 1979 1528 2018 sese
1563 1978 1686 2018 cum
1718 1965 1915 2019 ceteris

294 2055 450 2129 regni
483 2055 770 2110 committit
802 2054 1154 2124 primoribus.
1185 2053 1506 2108 Edmundus
1538 2071 1629 2109 rex
1652 2061 1916 2110 transma-

290 2145 446 2199 rinus
477 2143 820 2217 defungitur;
866 2160 1002 2198 uxor
1030 2158 1252 2215 quoque
1291 2143 1439 2217 regis
1472 2144 1724 2210 Othonis,
1759 2160 1914 2199 soror

287 2233 465 2304 ipsius
497 2232 790 2300 Edmnndi,
825 2233 1086 2288 decessit.

360 2325 570 2400 Regina
628 2325 902 2400 Gerberga
932 2341 1106 2395 nuper
1131 2325 1198 2380 ad
1243 2326 1510 2380 Othonem
1556 2341 1764 2399 regem,
1807 2324 1914 2380 fra-

284 2424 423 2471 trem
445 2433 631 2483 suum,
655 2417 985 2487 legationem
1018 2417 1304 2474 direxerat.
1322 2417 1581 2472 auxilium
1606 2418 1912 2487 deposcens

281 2506 354 2560 ab
384 2521 474 2560 eo.
524 2506 622 2571 Qui
655 2505 978 2569 maximum,
1012 2506 1283 2579 colligens
1314 2524 1379 2561 ex
1428 2506 1689 2561 omnibus
1724 2506 1910 2578 regnis

285 2595 406 2649 suis
455 2597 777 2662 exercitum,
831 2596 981 2650 venit
1034 2596 1088 2649 in
1121 2595 1426 2661 Franciam,
1486 2595 1792 2650 Conradum
1840 2596 1907 2629 ⁶τ⁴

288 2703 513 2760 quoque
544 2704 733 2742 secum
757 2688 990 2752 habens,
1013 2687 1302 2760 Cisalpina:
1336 2688 1518 2743 Galliae
1541 2705 1748 2763 regem.
1778 2687 1907 2754 Qui-

288 2778 397 2831 bus
427 2793 521 2832 rex
548 2776 874 2831 Ludowicus
907 2777 1122 2833 obviam
1155 2777 1455 2848 profectus,
1489 2777 1621 2832 satis
1646 2776 1908 2831 amicabi-

288 2871 417 2924 liter
461 2877 513 2923 et
544 2868 847 2924 honorifice
874 2871 1170 2940 suscipitur
1221 2871 1290 2924 ab
1343 2871 1456 2935 eis;
1485 2870 1674 2941 sicque
1708 2871 1909 2941 pariter

287 2964 611 3020 Laudnnum
635 2965 944 3034 venientes,
970 2966 1424 3037 considerataque
1447 2965 1608 3019 castri
1632 2964 1906 3031 firmitate,

287 3061 645 3116 deverterunt
681 3061 749 3116 ab
791 3076 882 3129 eo,
917 3061 1243 3117 Remensem
1276 3059 1661 3136 aggredientes
1692 3060 1905 3126 urbem,

283 3167 451 3222 quam
472 3151 757 3223 cingentes
781 3151 1098 3217 obsidione,
1123 3152 1331 3226 ingenti
1359 3151 1626 3205 vallarunt
1642 3150 1902 3214 exercitu,

284 3240 498 3294 Videns
521 3248 702 3295 autem
731 3242 930 3313 praesul
951 3243 1038 3306 ⁸⁷⁵,
1093 3243 1264 3315 llugo,
1298 3241 1648 3297 obsidionem
1680 3257 1738 3294 se
1770 3239 1907 3294 tole-

287 3345 408 3384 rare
442 3344 552 3384 non
599 3346 786 3401 posse,
822 3348 1004 3404 neque
1035 3338 1196 3386 tanta:
1240 3331 1497 3385 resistere
1546 3327 1904 3393 multitudini,

286 3427 508 3480 locutus
533 3435 614 3482 est
643 3439 764 3478 cum
795 3425 1123 3496 quibusdam
1143 3423 1488 3496 principibus
1518 3422 1610 3493 qui
1635 3421 1904 3475 videban-

287 3532 377 3580 tur
408 3523 511 3577 sibi
543 3536 665 3576 esse
693 3519 875 3586 amici,
912 3517 1172 3572 videlicet
1208 3532 1332 3572 cum
1365 3515 1607 3578 Arnull’o,
1642 3513 1734 3585 qui
1787 3513 1909 3581 ejus

287 3629 560 3680 sororem,
592 3618 644 3666 et
676 3610 902 3666 Uddone
940 3609 1029 3675 5",
1061 3609 1153 3680 qui
1184 3609 1403 3662 amitam
1424 3609 1492 3642 ⁶τ³
1521 3607 1696 3679 ipsius
1723 3606 1902 3660 habe-

287 3706 384 3759 bat
414 3719 662 3769 uxorem,
695 3702 794 3756 sed
847 3708 902 3757 et
950 3717 1073 3755 cum
1124 3699 1430 3754 llermanno
1485 3699 1552 3732 ²τ⁸
1584 3698 1791 3753 Udonis
1838 3698 1905 3732 5"”

285 3795 482 3858 fratre;
529 3792 782 3864 quazsivit
805 3791 874 3845 ab
905 3790 1008 3856 eis,
1033 3788 1164 3860 quid
1199 3789 1267 3823 63°
1306 3788 1411 3842 sibi
1440 3789 1580 3844 t‘orct
1606 3787 1902 3860 agendum.

282 3883 385 3947 Qui
424 3881 533 3937 tale
583 3880 871 3936 consilium
905 3880 1174 3934 dederunt
1221 3878 1293 3944 ei,
1351 3885 1405 3931 ut
1435 3877 1788 3950 egrederetur
1837 3879 1900 3911 ⁶⁸¹

282 3994 411 4033 cum
467 3977 584 4031 suis
615 3983 668 4031 et
697 3976 1033 4046 relinqueret
1079 3973 1294 4040 urbem,
1323 3973 1451 4044 quia
1480 3973 1535 4026 id
1573 3972 1901 4043 dispositum

283 4067 570 4143 aregibus
601 4072 734 4134 erat,
785 4073 842 4121 ut
887 4064 1226 4122 omnimodis
1278 4065 1665 4135 expelleretur,
1723 4081 1902 4136 neque

285 4161 622 4218 intervenire
649 4166 877 4232 possent
905 4159 1049 4230 apud
1081 4174 1238 4233 reges
1268 4175 1365 4230 pro
1398 4159 1542 4229 ipso,
1584 4157 1714 4229 quin
1745 4173 1902 4213 erne-

285 4259 478 4308 rentur
531 4251 581 4305 ei
618 4250 762 4306 oculi
817 4249 862 4304 si
911 4250 1101 4304 urbem
1140 4249 1191 4302 vi
1239 4249 1360 4321 capi
1416 4249 1755 4322 contigisset.
1789 4250 1902 4314 Quo

286 4343 526 4400 consilio
552 4349 810 4413 percepto
833 4357 895 4397 ac
921 4341 1037 4396 suis
1057 4340 1330 4408 intimato,
1358 4348 1484 4411 post
1508 4341 1717 4396 tertiam
1749 4340 1903 4396 obsi-

286 4436 478 4492 dionis
527 4437 594 4470 ⁵⁸³
625 4435 770 4489 diem
812 4450 934 4488 cum
995 4449 1137 4504 pene
1167 4433 1407 4488 cunctis.
1431 4433 1523 4506 qui
1553 4449 1740 4488 secum
1775 4441 1901 4488 tunc

283 4529 514 4584 aderant
541 4527 812 4582 militibus
869 4542 1128 4599 egressus
1166 4532 1268 4580 est.
1311 4525 1508 4597 Sicque
1567 4542 1726 4600 reges
1777 4542 1898 4581 eum

278 4706 562 4762 Artoldnm
586 4706 922 4776 (praesulem,
956 4705 1048 4776 qui
1089 4705 1295 4758 dudum
1323 4704 1495 4759 fuerat
1523 4705 1755 4774 ejectus,
1786 4707 1894 4760 itc-

278 4817 403 4855 rum
457 4799 526 4833 633
557 4799 872 4854 intronizari
926 4797 1204 4864 fecerunt;
1259 4815 1420 4869 quem
1454 4799 1744 4855 Rotbertus
1770 4799 1896 4854 Tre-

277 4889 528 4945 verensis
554 4889 1006 4959 archiepiscOpus
1033 4895 1088 4943 et
1135 4887 1452 4944 Fredericus
1478 4888 1897 4960 Magoneiaccn-

1935 3201 1986 3270 C

1933 4576 1984 4642 Ι)

281 4617 566 4688 episc0pis
582 4616 993 4687 etprincipibus
1007 4615 1382 4689 ingredientes
1401 4615 1614 4679 urbem,
1633 4617 1894 4673 domnum
1933 4615 1954 4683 '_

2033 602 2269 651 tuerunt.
2327 598 2534 654 Deinde
2585 601 2963 674 relinquentes
3014 603 3343 679 Gerbergam
3397 607 3642 680 reginam

2030 687 2233 750 Remis,
2294 690 2400 760 ipsi
2449 708 2608 764 reges
2650 710 2770 748 cum
2803 696 3292 759 exercitibusfsnis
3350 697 3418 732 ⁸⁸⁸
3447 707 3640 754 terram

2031 777 2273 850 llugonis
2320 781 2745 852 aggrediuntur;
2810 792 2864 838 et
2922 783 3113 838 urbem
3173 786 3636 842 Silvanectensem

2029 871 2371 934 obsidentes.
2416 880 2475 927 ut
2504 873 2758 928 viderunt
2798 876 3247 944 munitissimam,
3283 895 3383 933 nec
3423 881 3486 914 ⁸³⁷
3521 898 3640 936 eam

2031 963 2275 1017 valentes
2299 980 2636 1038 expugnare,
2657 966 2813 1020 ctesis
2843 967 3170 1038 quibusdam
3201 986 3446 1026 suorum:
3480 974 3646 1028 dimi-

2033 1052 2325 1104 seruntm.
2361 1052 2558 1122 Sicque
2587 1060 2735 1107 trans
2753 1056 3060 1126 Sequanam
3089 1061 3645 1129 contendentes,loca

2035 1157 2270 1212 quaeque
2303 1151 2498 1211 praeter
2527 1143 2775 1199 civitates
2801 1147 3058 1217 gravibus
3089 1157 3326 1204 atterunt
3359 1153 3644 1223 depraeda-

2033 1234 2276 1289 tionibus
2303 1235 2392 1301 689,
2435 1243 2744 1308 terramque
2775 1238 3232 1292 Nortmannorum
3268 1248 3640 1314 peragrantes,

2029 1323 2148 1378 loca
2180 1321 2336 1393 plura
2367 1323 2670 1392 devastant,
2715 1325 2954 1397 indeque
2987 1336 3296 1382 remeantes
3327 1330 3414 1394 69°,
3456 1347 3638 1404 regre-

2027 1417 2255 1472 diuntur
2281 1420 2345 1452 ⁶⁹¹
2379 1419 2432 1472 in
2463 1433 2560 1472 sua
2591 1418 2677 1471 69³.
2712 1418 2978 1472 Deroldus
3022 1417 3470 1474 Ambianensium
3503 1439 3640 1492 prte-

2025 1510 2109 1565 sul
2140 1511 2249 1566 vita
2277 1511 2510 1566 decessit
2550 1511 2635 1564 593.
2670 1511 2827 1566 Anno

2627 1602 3030 1658 DCCLCXLVII.

2026 1695 2174 1768 Hugo
2221 1695 2498 1767 princeps,
2557 1703 2706 1751 moto
2768 1696 3033 1762 exercitu,
3085 1697 3140 1750 in
3185 1697 3391 1752 Amulli
3437 1708 3636 1755 terram

2023 1785 2405 1855 proliciscitur,
2427 1785 2757 1856 obsidetqne
2776 1786 3039 1856 quasdam
3070 1787 3404 1842 munitiones
3422 1788 3596 1858 ipsius
3623 1809 3638 1856 ;

2022 1873 2280 1946 nulloque
2327 1884 2538 1946 patrato
2572 1884 2732 1945 prout
2779 1875 3017 1945 speravit
3055 1877 3298 1948 negotio,
3348 1879 3639 1934 revertitur

2020 1966 2073 2020 in
2088 1983 2200 2020 sua.
2225 1967 2333 2021 Rex
2359 1983 2579 2038 quoque
2605 1967 2930 2022 Ludowicus
2947 1968 3414 2038 cumquibnsdam
3439 1970 3638 2025 Lotba-

2017 2060 2292 2114 riensibus
2323 2061 2624 2114 Mosomum
2672 2063 2758 2124 59‘,
2808 2062 2954 2132 quod
2989 2062 3140 2134 llugo
3197 2064 3392 2133 praesul
3426 2065 3634 2132 ejectus

2015 2153 2082 2186 ⁵9⁵
2101 2152 2283 2206 Remis
2306 2153 2528 2207 tenebat
2555 2155 2642 2219 ⁵96,
2667 2154 2920 2220 obsedit;
2946 2155 3042 2208 sed
3069 2171 3169 2210 nec
3196 2155 3313 2226 ipse
3346 2158 3632 2228 quippiam

2009 2259 2109 2313 pro
2141 2244 2280 2298 votis
2310 2243 2578 2310 efficiens,
2623 2244 3018 2298 recedentibus
3049 2244 3267 2298 tandem
3322 2253 3443 2314 post
3475 2263 3635 2300 men-

2013 2351 2130 2389 sem
2158 2335 2637 2400 Lothariensibus,
2664 2335 2779 2405 ipse
2814 2335 3015 2390 Remos
3031 2335 3099 2370 ⁶⁹³
3131 2336 3465 2410 regreditur,
3488 2337 3632 2394 Bovo

2013 2421 2426 2478 Catalaunensis
2456 2425 2753 2494 episc0pus
2775 2424 2946 2489 obiit;
2981 2424 3306 2497 eliguntque
3337 2426 3442 2479 sibi
3474 2426 3632 2482 Cata-

2013 2516 2311 2572 launenses
2341 2517 2614 2588 quendam
2642 2517 2882 2572 nobilem
2903 2518 3312 2573 adolescentem
3342 2521 3626 2588 clericum,

2011 2607 2238 2662 nomine
2262 2606 2579 2671 Gibuinum,
2605 2607 2929 2662 Ludowicus
2960 2624 3050 2662 rex
3081 2609 3247 2679 Aquis
3275 2611 3476 2680 pascha
3502 2627 3625 2664 cum

2009 2701 2221 2756 Othone
2253 2718 2380 2776 rege
2420 2703 2682 2769 celebrat,
2715 2713 2772 2757 et
2802 2702 2969 2776 regiis
3010 2703 3078 2757 ab
3111 2719 3176 2758 eo
3218 2705 3516 2759 honoratur
3561 2707 3629 2740 ‘93

2008 2791 2351 2847 muneribus.
2410 2793 2563 2865 llugo
2605 2793 2864 2864 princeps
2913 2809 2941 2846 a
2976 2793 3308 2864 quibusdam
3366 2811 3632 2865 praesum-

2010 2883 2186 2953 ptiose
2233 2900 2547 2954 persuasus,
2579 2884 2905 2939 Remensem
2937 2901 3060 2938 cum
3111 2886 3336 2959 Hugone
3369 2888 3626 2956 praesule,

2009 2976 2164 3046 quasi
2195 2993 2317 3032 mox
2338 2984 2618 3048 capturus,
2652 2977 2971 3052 aggreditur
2997 2976 3188 3031 urbem
3214 2995 3227 3042 ;
3261 2976 3627 3049 frustratoque

2009 3073 2159 3128 voto,
2183 3065 2572 3120 resistentibus
2603 3065 2860 3120 ﬁdelibus
2881 3065 3026 3139 regis
3049 3073 3103 3120 et
3125 3065 3328 3121 Artoldi
3353 3066 3630 3138 archiepi-

2011 3153 2184 3224 sc0pi,
2216 3162 2408 3208 octavo
2455 3161 2743 3225 postquam
2772 3155 3106 3209 advenerant
3137 3155 3250 3222 die,
3296 3155 3441 3210 illusi
3475 3172 3630 3210 rece-

2009 3245 2162 3298 dunt.
2200 3243 2351 3316 llugo
2391 3244 2614 3314 praesul,
2647 3245 2928 3299 annitente
2961 3246 3028 3279 ⁶⁹⁹
3065 3245 3335 3300 avunculo
3365 3261 3462 3301 suo
3516 3247 3628 3302 Hu-

2008 3348 2172 3407 gone,
2199 3333 2414 3386 ordinat
2434 3331 2716 3385 Ambianis
2738 3334 3062 3404 episc0pum
3089 3333 3412 3387 Tetbaldum
3447 3351 3622 3405 quen-

2010 3423 2157 3487 dam,
2181 3420 2429 3475 ecclesize
2461 3420 2803 3474 Suessonicze
2837 3421 3119 3476 clericum.
3157 3422 3481 3477 Ludowicus
3508 3439 3622 3490 rex,

2011 3520 2305 3583 expetente
2345 3512 2582 3566 Arnulfo
2638 3513 2861 3579 comite,
2916 3515 3222 3570 Atrebatem
3257 3515 3626 3587 proficiscitur

2007 3622 2129 3660 cum
2157 3601 2378 3655 Artoldo
2401 3601 2685 3672 episcotio,
2715 3602 2954 3672 indeque
2977 3620 3098 3657 cum
3128 3606 3350 3661 Arnulfo
3372 3607 3438 3660 ad
3461 3607 3622 3662 obsi-

2007 3699 2252 3756 dendum
2294 3693 2766 3762 Monasteriolum,
2825 3701 3059 3748 castrum
3108 3696 3346 3768 Rotgarii
3396 3699 3464 3731 τοο
3523 3699 3620 3754 filii

2007 3791 2236 3857 Erluini,
2256 3787 2688 3864 progrediuntur
2707 3804 2720 3848 ;
2741 3793 2978 3856 postque
2997 3783 3238 3838 laborem
3255 3786 3614 3856 inefficacem,

2007 3879 2355 3952 plurinmqnc
2386 3878 2450 3912 ³⁰¹
2503 3884 2706 3932 mortes
2745 3892 2988 3942 suorum,
3042 3892 3140 3945 spe
3183 3877 3374 3946 privati
3432 3895 3618 3952 regre-

2006 3976 2236 4031 diuntur
2265 3975 2331 4028 ad
2366 3975 2608 4045 prOpria.
2648 3973 2966 4044 Tempestas
2993 3972 3207 4044 lmagna
3238 3971 3421 4025 Remis
3449 3972 3619 4028 effusa

2005 4073 2086 4120 est
2107 4081 2207 4137 per
2226 4064 2392 4117 unius
2414 4079 2576 4118 omne
2600 4061 2778 4116 noctis
2807 4062 3042 4132 spatium
3073 4077 3196 4115 cum
3217 4061 3619 4116 coruscationi-

2007 4160 2109 4213 bus
2137 4159 2206 4193 ⁷9³
2231 4157 2507 4213 continuis
2539 4156 2586 4209 ei
2617 4163 2773 4210 terrae
2801 4161 2972 4221 motu,
2997 4155 3136 4209 adeo
3166 4160 3224 4208 ut
3256 4153 3404 4224 putei
3440 4155 3616 4224 reple-

2006 4261 2194 4308 rentur
2221 4261 2274 4305 et
2304 4252 2500 4305 domus
2529 4249 2804 4304 nonnullae
2834 4248 3305 4303 subverterentur.

2076 4345 2388 4399 Conventus
2411 4341 2593 4412 placiti
2615 4357 2803 4414 regum
2830 4340 3104 4396 Ludowici
3125 4339 3421 4394 etOthonis
3452 4356 3620 4411 super

2006 4437 2226 4491 Charam
2270 4436 2376 4502 (93)
2415 4433 2637 4487 ﬂuvium
2679 4433 2920 4486 intrante
2947 4448 3139 4486 mense
3195 4434 3437 4505 Augusto
3465 4433 3615 4488 cele-

2005 4525 2209 4591 bratur,
2241 4525 2468 4598 llugone
2499 4523 2752 4594 principe
2804 4521 2947 4575 circa
2979 4521 3280 4576 Mosomnm
3311 4529 3366 4575 et
3394 4521 3614 4577 Duode-

2001 4623 2209 4677 ciacum
2256 4622 2358 4691 (9d)
2394 4627 2570 4674 castra
2600 4624 2802 4671 metato
2829 4635 2842 4682 ;
2874 4617 2965 4670 ubi
3010 4633 3096 4671 res
3126 4618 3234 4672 litis
3267 4617 3411 4672 inter
3437 4619 3612 4673 Artol-

1999 4713 2128 4766 dum
2178 4720 2233 4764 et
2291 4711 2572 4785 Hugonem
2609 4709 2890 4763 Remensis
2947 4709 3194 4764 ecclesia:
3227 4709 3489 4779 praesules
3546 4708 3614 4762 ab

1999 4800 2277 4871 episcopis
2299 4801 2537 4854 auditur.
2555 4798 2614 4852 Et
2637 4799 2763 4870 quia
2778 4798 3022 4868 synodus
3039 4806 3169 4853 tunc
3182 4806 3480 4854 convocata
3502 4816 3613 4855 non

2001 4889 2196 4955 fuerat,
2241 4888 2523 4943 altercatio
2569 4886 2923 4942 determinari
2970 4902 3077 4942 non
3122 4887 3320 4958 potuit.
3361 4888 3614 4958 Synodus

1636 5015 1852 5070 VARUS
1885 5015 2261 5070 LECTlONES.

1231 5117 1299 5151 ⁸⁷⁵
1326 5116 1663 5171 chonradum
1693 5121 1748 5175 2.

1229 5188 1296 5221 679
1329 5188 1627 5242 uniddonis
1655 5189 1708 5244 2.

355 5120 424 5154 ⁶ῖ²
459 5120 754 5173 anumcnlo
785 5117 841 5170 2.
915 5118 984 5151 ⁵⁷³
1012 5124 1064 5171 et
1097 5118 1146 5172 1.

283 5207 404 5246 eam
436 5192 490 5244 2.
559 5190 627 5223 ⁵⁷⁸
660 5189 983 5244 hcrimanno
1011 5190 1065 5252 2,
1099 5190 1148 5242 3.

279 5264 336 5316 2.
424 5263 493 5295 ⁸³⁸³
520 5262 665 5315 deest
708 5262 770 5332 1.7
857 5259 923 5292 5“
954 5259 1416 5332 maguntiacensis
1456 5259 1507 5312 2.

280 5334 351 5367 ⁸³⁸
376 5333 538 5388 deest.
577 5333 625 5384 1.
706 5331 774 5365 ⁸⁸⁷
807 5346 863 5382 n.
917 5346 966 5385 e.
1024 5348 1112 5384 v.e
1167 5332 1358 5384 desunt
1394 5331 1445 5383 2.

277 5405 347 5438 ⁶¹⁹
371 5403 760 5476 regredientur
805 5417 949 5476 _cor_r.
985 5402 1371 5476 regrediuntur

275 5476 328 5528 3.
381 5477 429 5528 Η
459 5478 525 5530 It.

1551 5400 1618 5433 "'9’
1646 5401 1736 5456 illa
1769 5404 1818 5456 1.

1832 5120 1902 5154 675

1832 5120 1902 5154 ⁸⁷⁵
1933 5120 1987 5172 h.
2013 5137 2066 5190 p.
2098 5120 2152 5172 2.
2188 5122 2238 5172 3.
2268 5120 2336 5172 H.
2372 5121 2435 5172 R.
2517 5120 2584 5148 “7“
2612 5120 2832 5171 oddone
2861 5120 2910 5171 1.
2947 5120 3114 5172 unidd

1800 5191 1867 5224 δεῖ)
1897 5192 2028 5262 quid
2061 5207 2222 5262 corr..
2256 5189 2400 5259 quod
2423 5190 2474 5242 2.
2546 5187 2608 5218 6‘“
2641 5190 3037 5262 egrederentur
3064 5191 3114 5244 2.

1596 5261 1662 5293 θεῖ’
1694 5261 1819 5331 quia
1873 5259 1951 5316 sic
2009 5261 2164 5316 sedis
2214 5261 2467 5315 Romana-3
2517 5259 2813 5312 auctoritas
2865 5262 3303 5334 promulgaverat
3349 5261 3496 5329 [Iugo
3547 5263 3609 5316 ν.

1521 5330 1587 5362 ⁵⁸⁸
1616 5331 1670 5383 d.
1722 5349 1764 5385 s.
1827 5339 1861 5387 t.
1899 5335 1949 5385 S.
1985 5335 2175 5387 desunt
2223 5334 2275 5386 2.
2360 5333 2426 5364 ‘53”
2462 5328 2890 5387 praedationibus
2936 5332 2987 5384 3.
3077 5333 3144 5367 δυο
3179 5340 3515 5387 revertentes
3553 5333 3606 5385 2.

1660 5371 1670 5383 .
1722 5349 1764 5385 s.
1827 5339 1861 5388 t.
1899 5339 1949 5385 S.
1985 5339 2175 5387 desunt
2223 5339 2275 5386 2.

1667 5401 1736 5456 lla
1769 5404 1818 5456 1.
1907 5405 1974 5437 ⁶⁹³
2005 5404 2221 5458 decedit
2252 5404 2301 5459 3.

616 5474 686 5507 ⁵³⁸
717 5471 991 5526 retinebat
1024 5471 1078 5525 2‘.
1118 5473 1170 5526 3.
1207 5471 1266 5524 Η.
1298 5475 1354 5526 lt.
1416 5471 1481 5502 “9"
1511 5472 1677 5525 remis
1727 5491 1866 5526 corr.
1910 5490 2090 5530 remos
2120 5476 2176 5528 1.

2013 5137 2066 5190 p.
2098 5120 2152 5172 2.
2188 5122 2238 5172 3.
2268 5119 2336 5172 H.
2372 5121 2435 5172 R.
2517 5117 2584 5148 (⁵ῖά
2612 5116 2832 5171 oddone
2861 5119 2910 5171 1.
2947 5118 3228 5174 uniddone
3253 5118 3308 5172 2.
3376 5119 3442 5152 δττ
3473 5119 3613 5173 ami-

2013 5193 2028 5243 l
2061 5207 2222 5243 corr..
2256 5189 2400 5243 quod
2423 5190 2474 5242 2.
2546 5187 2608 5218 6‘“
2641 5190 3037 5243 egrederentur
3064 5191 3114 5243 2.
3192 5191 3259 5222 6"”
3285 5190 3612 5243 obsidiones

3285 5207 3612 5245 ODSIUIOHOS

3077 5333 3144 5367 συθ
3179 5340 3515 5387 revertentes
3553 5333 3606 5385 2.

2937 5405 3002 5435 6°”
3028 5405 3262 5471 rejectus
3293 5405 3342 5457 Ἰ.
3381 5405 3441 5457 R.
3471 5421 3520 5458 e.
3555 5403 3608 5456 2.

2884 5475 2950 5508 ⁶⁰⁰
2978 5474 3150 5528 adnit.
3192 5475 3242 5528 2.
3292 5475 3343 5531 3.
3396 5475 3464 5508 ⁷⁰⁰
3491 5481 3609 5529 rot-

2360 5333 2426 5364 θδυ
2462 5328 2890 5400 praedationibus
2936 5332 2987 5384 3.

2391 5404 2456 5436 59"
2489 5414 2778 5453 mosonum
2810 5403 2861 5456 3.

2252 5476 2318 5508 ⁸9⁸
2350 5475 2404 5527 li.
2440 5472 2508 5526 ab
2555 5486 2620 5524 eo
2658 5470 2712 5524 2.
2748 5471 2799 5527 3.

275 5546 417 5620 gerii
455 5546 508 5601 1.
537 5545 603 5579 ⁷⁰¹
638 5542 1046 5614 plurimumque
1077 5559 1212 5597 corr.
1247 5540 1598 5610 plurittmqttc
1627 5542 1678 5595 2.
1712 5544 1779 5576 ⁷0³
1809 5545 1959 5598 chor.
1991 5547 2046 5600 2.

1849 5675 2059 5731 NOTAE.

353 5766 454 5836 (93)
495 5765 650 5822 Chor.

2070 5772 2173 5839 ιω)
2217 5775 2421 5844 Douzy.
