3972 6206
344 370 447 424 46⁵1

1468 371 1831 427 FLODOARDI
1874 371 2177 427 CANONICI
2223 374 2550 429 REMENSIS

3593 378 3710 432 468

345 514 526 603 εξυίθτη
554 509 697 603 {mea
727 508 971 603 "Tedium
999 509 1205 561 ιηθηείδ
1234 508 1556 603 Νίξνθηξδτίε
1584 511 1839 603 habenda
1891 510 1961 603 Ψ
1986 517 2038 583 Α
2062 530 2280 600 praesul,
2310 537 2363 585 et
2419 530 2633 587 locutus
2661 548 2785 587 cum
2842 531 3126 597 Rotberto,
3177 532 3452 603 synodum
3516 533 3711 590 noluit

344 596 722 650 denuntiatur.
755 596 981 649 Interim
1038 612 1168 651 vero
1208 598 1370 651 sedes
1419 599 1706 654 Remensis
1743 602 1969 662 Artoldo

346 690 687 755 conceditur,
721 689 873 764 Hugo
911 690 1051 745 alter
1082 692 1279 760 prassul
1341 692 1394 745 in
1440 693 1679 749 Mosomo
1720 712 1970 753 commo-

347 779 453 832 rari
487 778 839 849 permittitur.
875 779 1105 851 Treugae
1134 781 1218 833 vel
1260 780 1487 834 indutiae
1522 782 1650 836 belli
1700 784 1850 839 inter
1880 804 1969 841 re-

346 886 468 942 gem
504 870 850 924 Ludowicum
910 878 965 925 et
998 872 1278 940 Hugonem
1331 873 1632 943 principem
1676 893 1852 948 usque
1902 881 1968 933 ad

345 961 539 1030 synodi
566 970 803 1031 tempus,
837 961 1048 1016 Othone
1082 979 1212 1037 rege
1241 965 1543 1031 mediante,
1577 967 1967 1036 disponuntur.

2073 620 2308 693 ingredi.
2343 622 2572 677 Litteras
2624 639 2753 678 vero
2803 624 3068 695 quasdam
3098 640 3165 679 ex
3214 627 3444 681 nomine
3472 626 3707 699 Agapiti

2073 727 2227 781 papae
2260 711 2405 766 misit
2457 712 2523 766 ad
2557 712 2852 784 episc0pos
2882 730 2982 783 per
3034 714 3296 769 clericum
3353 731 3545 780 suum,
3600 715 3708 786 qui

2072 819 2166 856 eas
2223 803 2393 858 Roma
2450 804 2740 870 detulerat,
2819 806 2953 859 nihil
3012 806 3354 861 auctoritatis
3410 807 3707 861 canonica

2074 894 2459 958 continentes;
2512 895 2617 948 hoc
2672 901 2880 948 tantum
2936 893 3344 965 praecipientes,
3376 903 3436 949 ut
3481 896 3709 969 llugoni

2074 981 2350 1036 Remense
2408 981 2729 1036 redderetur
2799 981 3167 1052 episc0pium.
3228 982 3437 1047 Quibus
3491 983 3660 1037 lectis
3694 1023 3709 1048 ,

352 1051 635 1115 lleriveus,
671 1068 844 1122 nepos
876 1054 1081 1107 lierivei
1114 1056 1392 1124 quondam
1418 1057 1844 1129 archiepiscopi,
1878 1061 1975 1115 ha-

2104 1081 2328 1127 neuntes
2357 1074 2603 1144 episcopi
2634 1073 2931 1132 consilium‘
2970 1089 3092 1127 cum
3142 1074 3434 1128 abbatibus
3462 1081 3520 1128 et
3549 1082 3716 1129 cete-

350 1143 487 1197 bens
518 1144 880 1198 munitionem
912 1161 1073 1215 quam
1107 1144 1473 1199 aedificaverat
1505 1147 1647 1201 circa
1678 1150 1970 1206 Maternam
2043 1143 2154 1210 his
2180 1143 2521 1228 sapientibus
2551 1160 2643 1231 qui
2676 1159 2923 1227 aderant,
2953 1162 3381 1231 responderunt,
3431 1177 3545 1216 non
3576 1177 3713 1215 esse

352 1234 578 1289 fluvium
619 1235 776 1289 villas
806 1235 1232 1307 circumquaque
1278 1236 1348 1270 τ⁰⁴
1386 1238 1811 1307 depraedabatur
1862 1242 1974 1296 Re-
2081 1246 2306 1316 dignum
2335 1249 2419 1302 vel
2452 1264 2778 1323 congruum,
2811 1257 2867 1302 ut
2898 1250 3215 1303 mandatum
3249 1250 3546 1323 legationis
3568 1264 3718 1320 apo-

353 1324 559 1378 mensis
597 1325 904 1395 episcopii:
949 1327 1465 1381 excommunicatus
1487 1329 1556 1383 ab
1587 1331 1808 1385 Artoldo
1840 1348 1975 1402 praa-
2079 1338 2307 1405 stolicze,
2360 1354 2526 1411 quam
2582 1340 2787 1393 dudum
2856 1340 3148 1395 Rotbertus
3204 1342 3665 1412 archiepiscopus
3695 1382 3710 1406 ,

353 1415 471 1467 sule
506 1430 601 1483 pro
635 1413 717 1467 his
743 1430 879 1483 quas
910 1414 1187 1469 invaserat
1233 1416 1499 1471 recclesize
1546 1418 1712 1472 rebus
1776 1419 1974 1475 Contra
2083 1426 2368 1481 deferente
2412 1428 2698 1482 Frederico
2731 1428 2965 1497 praesule
2997 1429 3440 1503 Mogonciacensi
3479 1429 3574 1494 7”,
3606 1445 3716 1485 co—

356 1508 516 1574 cujus
545 1507 836 1577 praedones
868 1508 1075 1579 egressi
1114 1510 1351 1579 quadam
1402 1511 1492 1565 die
1533 1511 1883 1585 Ragenaldus
1914 1516 1982 1548 τ⁰⁵
2084 1534 2196 1570 ram
2228 1520 2452 1592 regibus
2497 1527 2549 1573 et
2577 1520 2857 1591 episcopis
2905 1527 3014 1574 tam
3044 1520 3232 1575 Gallia:
3260 1537 3421 1592 quam
3479 1520 3717 1574 Germa-

359 1618 544 1656 comes
591 1609 644 1655 et
694 1601 866 1666 Dodo,
919 1600 1085 1655 frater
1145 1602 1219 1673 [et
1273 1602 1483 1658 fratres.
1547 1604 1591 1657 ΙΙ
1656 1607 1742 1677 IL]
1811 1608 1983 1677 ipsius
2085 1607 2189 1661 nite
2244 1617 2584 1679 susceperat,
2618 1616 2672 1663 et
2704 1615 2911 1679 partem
2967 1610 3080 1677 jam
3112 1608 3500 1679 praeceptionis
3531 1608 3723 1679 ipsius

359 1689 630 1760 praesulis,
688 1706 810 1743 cum
878 1689 1212 1759 quibusdam
1263 1692 1537 1747 militibus
1588 1694 1657 1727 τοδ
1696 1696 1979 1760 mcclesizc,
2086 1707 2359 1772 exegerat,
2415 1708 2637 1771 prOpter
2690 1701 2811 1755 illas
2858 1701 3063 1756 litteras
3115 1702 3519 1763 intermitteret,
3575 1717 3724 1771 quas

360 1782 513 1849 ipsos
541 1789 880 1853 grassatores
912 1780 966 1833 in
997 1779 1178 1852 fugam
1211 1791 1400 1855 agunt.
1437 1784 1553 1848 Quo
1584 1785 1795 1847 audito,
1838 1788 1980 1842 idem
2011 1787 2059 1853 Β
2089 1788 2380 1844 insidiator
2434 1790 2642 1844 Artoldi
2714 1791 2967 1861 prassulis
3019 1790 3344 1855 exhibebat;
3402 1791 3513 1845 imo
3561 1791 3723 1860 quod

364 1873 625 1926 lleriveus
654 1873 744 1937 ⁷0⁷,
778 1874 1000 1926 armatis
1029 1874 1114 1927 his
1140 1890 1279 1944 quos
1310 1891 1495 1929 secum
1528 1876 1769 1932 habebat
1801 1879 1990 1932 militi-
2094 1876 2415 1950 regulariter
2444 1884 2682 1947 coeptum
2722 1878 2919 1944 fuerat,
2952 1879 3221 1934 canonice
3264 1885 3723 1949 pertractaretur.

366 1962 467 2016 bus
527 1979 556 2016 a
609 1961 920 2015 munitione
964 1977 1062 2015 sua
1107 1978 1363 2035 egressus
1415 1972 1606 2018 contra
1662 1975 1877 2020 nostros
1923 1967 1991 2001 ⁷⁸⁸
2093 1965 2291 2035 Sicque
2316 1973 2646 2037 praeceptum
2698 1974 2801 2033 est,
2834 1974 2892 2021 ut
2935 1968 3256 2023 recitaretur
3294 1967 3596 2037 capitulum
3648 1967 3726 2020 19

366 2054 434 2106 ad
466 2069 731 2126 pugnam,
762 2062 817 2106 et
856 2068 1189 2125 congressus
1222 2068 1345 2107 cum
1380 2055 1478 2117 eis,
1513 2055 1874 2125 interemptus
1913 2064 1994 2110 est
2096 2057 2501 2129 Cartaginensis
2557 2058 2777 2113 concilii
2830 2058 2902 2113 de
2953 2066 3209 2114 accusato
3262 2066 3317 2113 et
3374 2065 3727 2123 accusatore,

368 2161 491 2198 cum
523 2160 745 2198 suorum
789 2143 1120 2214 quibusdam
1150 2143 1218 2176 που
1244 2161 1258 2208 ;
1305 2145 1471 2198 ceteri
1501 2160 1693 2199 omnes
1724 2147 1778 2199 in
1810 2146 1990 2220 fugam

368 2236 511 2290 versi
568 2243 714 2296 sunt,
749 2235 1049 2289 vulneratis
1104 2251 1167 2289 ex
1219 2242 1447 2306 utraque
1488 2244 1638 2307 parte
1688 2238 1987 2291 nonnullis.

372 2331 584 2400 Corpus
634 2328 880 2396 ejusdem
941 2328 1139 2381 Remos
1167 2345 1196 2382 a
1236 2328 1539 2383 victoribus
1586 2329 1855 2399 perlatum
1888 2338 1987 2384 est.

376 2421 525 2491 llugo
576 2418 773 2489 prtesul
813 2432 1100 2471 assumens
1152 2417 1359 2487 [secum
1419 2417 1505 2487 “0]
1555 2418 1878 2472 Tetbaldum
1924 2419 1993 2473 de

376 2510 671 2565 Lauduno’
689 2524 811 2563 cum
837 2508 960 2560 aliis
982 2507 1260 2561 nonnullis
1286 2507 1747 2572 malefactoribus,
1778 2508 1831 2562 in
1862 2508 1987 2563 Cul-

374 2602 692 2656 misciacum
724 2599 791 2633 τη
823 2600 929 2667 (95,:
965 2607 1290 2669 ceterasque
1331 2600 1622 2673 contiguas
1652 2601 1810 2654 villas
1838 2608 1988 2655 tem-

374 2706 507 2760 pore
537 2688 830 2742 vindemiae
873 2687 1056 2747 venit;
1091 2686 1184 2756 qui
1213 2701 1379 2739 omne
1410 2703 1551 2755 pene
1592 2687 1776 2741 vinum
1809 2703 1875 2741 ex
1908 2688 1992 2741 his

376 2780 721 2852 colligentes,
756 2778 810 2831 in
841 2778 1090 2831 diversos
1122 2792 1293 2849 pagos
1321 2776 1617 2831 abducunt.

384 2874 431 2943 [*
449 2873 517 2926 H.
660 2887 739 2947 iv,
900 2869 958 2921 Τ.
1018 2868 1086 2947 de
1120 2868 1472 2947 lilonteacuto
1529 2869 1897 2947 (deesttameu
1938 2872 1999 2923 in

485 2943 600 2996 cod.
651 2941 1143 3008 Montispessulani)
1188 2940 1394 2992 sororis
1426 2956 1539 2993 suae
1589 2940 1886 3010 maritum.]

453 3030 706 3101 Synodus
746 3029 1006 3100 praedicta
1035 3026 1102 3059 7”
1148 3027 1373 3081 Virduni
1429 3028 1614 3082 habita
1646 3036 1750 3093 est,
1812 3029 2002 3098 praesi-

2095 2150 2209 2214 Quo
2264 2150 2512 2216 recitato,
2542 2151 2845 2219 iudicatum
2900 2160 3001 2219 est,
3059 2153 3363 2207 secundum
3422 2151 3729 2207 diffinitio-

2096 2258 2221 2295 nem
2250 2241 2318 2275 7"
2348 2243 2520 2312 ipsius
2551 2244 2800 2314 capituli,
2831 2252 2890 2298 ut
2928 2244 3149 2299 Artoldo
3184 2245 3415 2314 prmsule
3444 2244 3730 2297 retinente

2094 2332 2537 2385 communionem
2571 2339 2625 2385 et
2654 2333 3014 2402 parrmchiam
3055 2332 3124 2366 7’5
3154 2332 3506 2395 Remensem,
3540 2331 3730 2405 Hugo,

2093 2421 2185 2491 qui
2215 2422 2281 2474 ad
2344 2422 2480 2475 duas
2508 2422 2578 2457 ⁷²⁶
2597 2422 2708 2491 jam
2766 2424 3010 2494 synodos
3042 2430 3303 2479 evocatus
3340 2423 3532 2477 venire
3585 2436 3730 2476 con-

2093 2520 2414 2583 tempserat,
2471 2530 2500 2567 a
2551 2514 2944 2569 communione
2993 2523 3048 2569 et
3104 2515 3373 2590 regimine
3436 2513 3738 2567 Bernensis

2094 2604 2366 2674 episcopii
2395 2605 2719 2672 abstineret,
2750 2607 2930 2662 donec
2947 2608 3014 2661 ad
3046 2608 3413 2661 universalem
3457 2605 3523 2639 ⁷³⁷
3548 2619 3735 2675 syno-

2098 2693 2249 2759 dum,
2281 2709 2403 2763 quaa
2436 2694 2780 2749 indicebatur
2821 2695 3095 2750 Kalendas
3124 2695 3375 2770 Augusti,
3433 2709 3565 2749 sese
3594 2709 3735 2763 pur-

2098 2791 2323 2854 gaturus
2378 2794 2707 2840 occurreret.
2778 2787 3073 2857 Ipsumque
3130 2787 3431 2857 capitulum
3495 2799 3624 2839 mox
3672 2787 3735 2840 in

2101 2882 2249 2929 carta
2286 2874 2526 2928 describi
2575 2873 2820 2929 fecerunt
2865 2874 3112 2945 episcOpi
3167 2890 3349 2929 coram
3394 2891 3474 2942 se,
3520 2878 3739 2933 subne-

2103 2970 2313 3017 ctentes
2352 2964 2493 3017 hanc
2549 2964 2713 3017 etiam
2767 2964 3148 3019 definitionem
3202 2980 3380 3030 suam,
3432 2975 3489 3020 et
3543 2966 3736 3023 eidem

2108 3055 2315 3129 tlugoni
2350 3055 2638 3109 miserunt.
2694 3056 2791 3119 Qui
2834 3060 2957 3126 post
3005 3055 3229 3110 alteram
3283 3056 3430 3110 diem
3490 3060 3738 3113 eandem

385 3124 551 3177 deme
598 3121 1718 3217 30_t§ert9_'Frf3\'er?95i_Praesulegéuqi
1778 3121 1999 3217 Mlon
2032 3121 2305 3217 Quartam
2356 3144 2620 3199 Rotberto
2676 3121 2891 3215 przesuli
2946 3145 3178 3211 remisit,
3240 3146 3342 3199 hoc
3403 3147 3591 3201 verbis
3646 3164 3743 3202 re-

387 3210 761 3276 llemensi‘”,
822 3210 1070 3264 Odalrico
1120 3209 1188 3242 ηδ
1242 3210 1504 3279 Aquensi,
1554 3210 1897 3264 Adalberone
1935 3210 2003 3244 ηδ

387 3301 660 3366 Mettensi,
693 3298 930 3353 Gosleno
959 3297 1029 3331 "5
1057 3296 1322 3364 Tullensi,
1357 3297 1681 3353 llildebaldo
1713 3299 2006 3353 Transrhe-

390 3392 548 3448 nensi
599 3389 961 3454 “7,1srahele
1017 3388 1280 3453 Brittone,
1332 3396 1601 3458 praesente
1632 3388 1699 3421 ηδ
1751 3389 2004 3442 Brunone

389 3484 589 3540 abbate
620 3484 726 3552 {9(5)
760 3481 923 3534 fratre
956 3480 1099 3553 regis
1132 3480 1378 3544 Othonis,
1414 3480 1696 3553 Agenoldo
1728 3482 1837 3549 (97,.
1866 3495 2004 3550 quo-

393 3592 498 3646 que
541 3582 595 3627 et
633 3572 862 3626 Odilone
898 3570 965 3602 πθ
995 3570 1124 3639 ωδ),
1170 3585 1291 3623 cum
1326 3569 1446 3622 aliis
1473 3569 1803 3639 quibusdam
1838 3584 2006 3622 vene-

394 3666 580 3721 randis
596 3664 891 3719 abbatibus
912 3664 1042 3733 (1)9).
1082 3662 1161 3715 Ad
1190 3677 1353 3731 quam
1382 3661 1531 3735 Hugo
1554 3662 1857 3731 epiSCOpus
1879 3676 2004 3714 evo-

395 3764 567 3822 catus,
618 3754 797 3808 missis
845 3752 1006 3806 etiam
1064 3750 1282 3804 duobus
1325 3750 1393 3802 ad
1450 3765 1574 3803 eum
1618 3749 2005 3803 deducendum

396 3846 693 3920 epiSCOpis,
716 3844 1061 3899 Adalberone
1087 3849 1138 3896 et
1157 3842 1418 3908 Guslcno,
1444 3841 1630 3895 venire
1655 3841 1846 3895 noluit.
1876 3841 2009 3895 Uni-

396 3955 553 3992 versa
581 3951 709 3991 vero
739 3933 985 4004 synodus
1015 3932 1220 3985 domno
1254 3930 1474 3984 Artoldo
1514 3931 1582 3962 ⁷²⁰
1632 3931 1902 3985 Remense
1930 3938 2010 3984 te-

399 4033 640 4087 nendum
690 4027 1024 4097 adjudicavit
1081 4025 1442 4096 episCOpium.
1499 4026 1763 4081 lndicitur
1818 4026 2011 4080 iterum

398 4124 642 4196 synodus
673 4122 799 4176 ldus
828 4119 1072 4196 Januarii
1090 4117 1494 4196 “trahenda-ﬁ“.
1529 4119 1684 4173 Anno

999 4188 1422 4243 DCCCCXIA’UI.

400 4268 644 4340 synodus
674 4263 934 4335 praedicta
981 4260 1290 4315 celebratur
1327 4262 1383 4314 in
1428 4260 1665 4315 ecclesia
1713 4260 1887 4314 sancti
1920 4260 2015 4314 Pe-

401 4362 489 4429 tri,
531 4368 657 4416 ante
689 4363 1040 4429 prospectum
1074 4354 1235 4410 castri
1279 4354 1528 4420 Mosomi,
1571 4371 1601 4407 a
1632 4354 1836 4408 domno
1886 4352 2019 4408 Rot-

399 4455 556 4508 berto
587 4449 896 4519 ceterisque
927 4446 1267 4502 Trevirensis
1308 4445 1379 4478 7”
1424 4446 1709 4500 dioceseos
1741 4444 2019 4516 episcopis

401 4559 457 4605 et
509 4546 791 4619 aliquibus
826 4543 1136 4598 Remensis.
1194 4541 1433 4595 Veniens
1463 4547 1641 4594 autem
1674 4540 1804 4593 illuc
1862 4539 2012 4611 Hugo

2108 3234 2397 3297 mandans,
2429 3233 2575 3304 quod
2618 3234 2863 3303 ipsorum
2888 3233 3101 3301 judicio
3130 3249 3478 3305 nequaquam
3511 3236 3741 3290 oboedi-

2107 3336 2258 3379 turus
2314 3332 2476 3386 esset,
2528 3324 2784 3379 Arnulfus
2826 3341 3013 3379 comes
3066 3332 3303 3379 castrum
3365 3325 3739 3383 Monasterio-

2107 3418 2242 3485 lum,
2288 3420 2505 3474 favente
2539 3420 2767 3494 Hngone
2818 3419 3089 3490 principe,
3123 3420 3289 3490 capit.
3345 3421 3562 3475 Interea
3601 3437 3743 3492 pro—

2107 3512 2452 3566 clamationis
2484 3514 2675 3566 littera:
2707 3529 2737 3566 a
2773 3513 2978 3568 domno
3040 3513 3277 3568 Artoldo
3315 3512 3631 3586 diriguntur
3668 3516 3745 3570 ad

2107 3605 2294 3657 sedem
2330 3605 2647 3658 Romanam.
2684 3604 2928 3658 Domnus
2960 3604 3126 3676 igitur
3153 3604 3417 3678 Agapitus
3458 3621 3603 3675 papa
3656 3607 3742 3661 vi-

2109 3696 2500 3752 cariumisuum
2553 3696 2817 3751 Marinum
2858 3696 3182 3767 episcOpum
3239 3696 3405 3751 mittit
3436 3697 3504 3750 ad
3559 3698 3743 3753 Otho-

2112 3802 2237 3839 nem
2264 3801 2449 3856 regem
2482 3793 2706 3855 propter
2735 3786 3068 3840 evocandam
3112 3796 3167 3840 et
3195 3787 3606 3862 aggregandam
3638 3803 3743 3859 ge-

2082 3922 2083 3925 .
2112 3877 2352 3931 neralem
2381 3877 2673 3946 synodum.
2712 3877 2921 3933 Littera
2950 3893 3173 3948 quoque
3204 3879 3377 3948 ipsius
3424 3895 3581 3950 papae
3610 3880 3741 3934 mit-

2116 3979 2301 4025 tuntur
2373 3971 2440 4025 ab
2515 3969 2650 4024 urbe
2719 3970 2962 4024 Romana
3041 3970 3329 4040 speciatim
3402 3970 3741 4040 quibusdam

2116 4062 2395 4132 episeOpis
2441 4061 2625 4115 Galliae
2686 4061 3123 4131 Germaniaeque,
3181 4069 3445 4116 vocantes
3521 4078 3622 4117 eos
3672 4064 3747 4117 ad

2119 4151 2351 4204 eandem
2385 4150 2454 4184 πε
2484 4150 2775 4221 synodum.
2808 4150 2935 4213 Quae
2966 4150 3210 4219 synodus
3240 4158 3539 4224 aggregata
3566 4151 3639 4185 ’³³9
3660 4158 3749 4204 est

2119 4256 2181 4292 ex
2211 4247 2485 4309 praecepto
2518 4237 2727 4309 przefati
2760 4254 2916 4309 papas
2945 4237 3000 4291 in
3026 4238 3407 4312 Engulenhein
3440 4238 3510 4272 τεο
3539 4238 3749 4309 palatio

2121 4331 2310 4403 regali,
2375 4331 2428 4384 in
2458 4331 2716 4384 zecclesia
2773 4330 2915 4389 beati
2978 4329 3213 4401 Remigii
3267 4330 3479 4384 honore
3539 4331 3747 4397 dicata,

2121 4424 2148 4477 7
2191 4423 2255 4457 "'3‘
2292 4424 2346 4477 Id
2400 4423 2546 4477 Junii
2585 4422 2677 4488 73’,
2721 4438 2887 4476 causa
2919 4421 3179 4477 videlicet
3236 4423 3596 4477 maximarum
3631 4424 3751 4477 dis-

2042 4517 2098 4583 D
2123 4513 2467 4578 sensionum,
2502 4526 2622 4582 quae
2671 4510 3021 4585 agitabantur
3075 4509 3218 4564 inter
3246 4527 3430 4584 regem
3488 4511 3753 4566 Ludowi-

1757 4647 1989 4701 VARle
2018 4644 2393 4701 LECTIONBS.

473 4752 544 4785 ⁷0³
583 4749 800 4804 ahenda
828 4748 884 4802 2.
969 4746 1037 4780 τοι
1060 4747 1263 4800 circum

403 4824 470 4859 ποτ
503 4823 794 4876 herviveus
819 4820 871 4872 3.

404 4894 614 4949 mensis
641 4889 958 4946 novembris
986 4888 1210 4941 Virduni
1240 4886 1387 4954 Hugo
1422 4887 1486 4940 V.

403 4968 486 5031 Fl,
563 4964 632 4999 “5
653 4962 1028 5017 adhelberone
1060 4960 1094 5012 2
1144 4959 1192 5013 3.
1220 4957 1481 5031 alberone
1507 4957 1660 5031 {iugo
1690 4959 1750 5010 Fl

1309 4745 1475 4815 uique
1500 4744 1551 4797 3.
1580 4745 1732 4808 infra
1772 4743 1839 4797 ad
1887 4742 2096 4797 artaldo
2123 4746 2373 4810 typorum
2402 4755 2603 4794 errore.
2660 4740 2729 4773 "'05
2761 4756 2820 4793 ra
2861 4740 3093 4796 enoldus
3121 4741 3157 4794 2
3204 4742 3260 4795 2.
3309 4740 3379 4774 ⁷0⁵
3408 4757 3460 4795 a.
3494 4757 3571 4796 m.
3604 4742 3660 4795 2.
3689 4743 3743 4801 3.

1270 4761 1351 4846 (409
1379 4832 1411 4846 η
1461 4831 1484 4846 ρ
1540 4813 1573 4846 σ)
1620 4814 1651 4846 Q
1724 4814 1796 4846 ’110
1825 4815 1966 4846 Amm!
1998 4813 2016 4846 Ι
2115 4813 2180 4846 7H
2214 4812 2619 4846 ηηιιπίερίοηιηη
2655 4813 2676 4846 Ι
2790 4757 2859 4845 7g
2891 4813 2922 4846 ἢ
2976 4811 3301 4846 danunt-into
3331 4812 3472 4846 nil-nn
3494 4812 3741 4846 ηΊΔΑἶηπι

947 4817 1016 4851 vos
1045 4833 1147 4871 nos
1166 4818 1216 4870 2,
1283 4813 1351 4849 709
1461 4831 1505 4867 s.
1540 4813 1591 4886 3.
1619 4814 1670 4886 3.
1724 4814 1796 4847 ⁷¹⁰
1824 4815 1966 4868 deest
1998 4813 2047 4867 1.

1578 4884 1648 4918 ⁷¹³
1684 4886 1743 4939 lt.
1798 4884 2125 4956 Berengario
2154 4882 2505 4956 Virdunensi,
2651 4883 2913 4956 fiugojf.

2891 4813 2940 4864 S.
2976 4811 3306 4865 denunciata
3331 4812 3477 4866 circa
3494 4812 3742 4867 medium

2989 4882 3059 4917 7“
3092 4882 3342 4938 odolrico
3388 4882 3441 4936 2.
3491 4882 3546 4935 3.
3599 4883 3750 4951 Hugo

2115 4813 2180 4846 7“
2214 4812 2622 4866 cohnisciacum
2655 4813 2705 4864 l.
2790 4812 2831 4845 τί

1861 4956 1931 4990 ⁷¹⁶
1956 4953 2174 5028 goslino
2204 4954 2348 5028 2__3._
2386 4957 2468 5028 ita
2496 4959 2544 5006 et
2569 4954 2745 5019 infra.
2818 4953 2885 4988 ⁷¹⁷
2906 4953 3318 5028 t._Mirnegardo
3347 4953 3649 5028 )Verdensi
3676 4956 3746 5028 ξιξ

404 5025 861 5093 ριἨίιίίθὸαῑάιιε
899 5048 1019 5085 rere
1066 5028 1667 5097 Mimigardevordensis
1722 5025 1996 5097 episcopus
2028 5031 2160 5081 erat.
2236 5025 2305 5058 '“3
2338 5025 2574 5097 brittone
2625 5031 2895 5094 praesente
2948 5025 3301 5097 Brugnonel.
3336 5026 3593 5097 HugoVV.
3682 5025 3751 5097 ηε

1646 5098 1716 5132 73°
1744 5101 1903 5152 deest.
1938 5100 1990 5152 1.

1709 5169 1777 5203 τίδ
1808 5171 1994 5239 parch.

406 5109 628 5163 oddone
678 5103 1026 5159 Cluniacensi
1055 5100 1254 5155 abbate
1296 5100 1445 5168 Hugo
1480 5100 1558 5153 Fl.

408 5183 459 5243 1,
509 5176 752 5249 magoni.
796 5176 1162 5249 2_.Hmagone.
1195 5172 1246 5228 3.
1426 5171 1523 5224 def
1577 5170 1630 5249 3_.

405 5249 472 5286 ⁷²⁸
503 5247 649 5304 deest
679 5247 729 5302 3.

2058 5097 2124 5131 πί
2158 5097 2305 5151 deest
2358 5099 2400 5149 t.

2483 5096 2916 5168 7”_trevereusis
2936 5096 2997 5168 2.
3011 5165 3027 5168 Α
3042 5095 3096 5162 3,
3141 5095 3235 5168 ff"
3264 5096 3749 5168 mogonciaeensis

2158 5168 2382 5237 paroch.
2417 5166 2468 5223 3.
2550 5165 2621 5200 ⁷³⁸
2653 5167 2795 5221 duos
2834 5183 2878 5220 s.
2931 5167 2969 5220 i.
3001 5165 3036 5220 ﬂ
3139 5165 3207 5199 ⁷³⁷
3240 5165 3651 5221 anniversalem
3691 5168 3741 5221 1.

819 5247 887 5319 nio
914 5238 1249 5319 qoﬁ'gregata
1318 5242 1388 5275 73°
1417 5240 1918 5319 eungule‘nheinJl.
1948 5240 2200 5314 eglehem
2348 5239 2415 5319 7f“
2441 5238 2591 5319 [deest
2618 5241 2652 5318 ,ι
2677 5278 2715 5319 ιΔ
2731 5239 2954 5319 “legitur
2979 5240 3141 5318 ετραἷη
3180 5239 3331 5307 αΡυά
3359 5239 3648 5319 ῌξιθῗῖιθτη

404 5319 514 5376 73’!
567 5336 597 5375 a
618 5317 743 5372 948.
777 5317 888 5371 ind.
912 5318 964 5372 6.
995 5308 1156 5370 té’rtio
1176 5320 1406 5384 papatus
1428 5308 1617 5367 domui
1645 5311 1871 5384 Agapeti
1894 5308 2061 5375 anno,
2090 5309 2245 5385 regni
2264 5309 2414 5382 regis
2436 5308 2663 5363 Othonis
2694 5308 2781 5372 13,
2819 5309 3096 5364 Ludowici
3125 5324 3345 5380 quoque
3376 5309 3446 5363 13
3489 5310 3650 5378 Hugo
3684 5310 3746 5365 V.

1974 5409 2194 5465 NOTIE,

474 5492 588 5564 (95)
626 5489 899 5564 _Cormicy.
980 5507 996 5527 ε
1067 5555 1077 5564 .

473 5562 581 5625 (96)
624 5557 1100 5612 Laureshamensi.
1162 5594 1168 5601 .

472 5630 578 5697 (9'7)
620 5627 903 5697 Gorziensi

474 5694 573 5767 (98)
615 5694 948 5767 Stabule‘nsi.

474 5760 579 5836 (99)
622 5766 777 5833 Hugo
803 5764 867 5828 V,
896 5764 1081 5819 addit:
1118 5781 1147 5811 α
1177 5762 1428 5830 Synodus
1460 5768 1642 5817 autem
1674 5762 1790 5815 haec
1818 5760 1890 5816 ob
1920 5764 2023 5819 hoc

2127 5481 2354 5535 Virduni
2389 5480 2712 5535 denuntiata
2743 5480 2862 5541 fuit,
2886 5487 2946 5533 ut
2973 5479 3053 5535 sic
3074 5481 3264 5535 saltem
3298 5480 3599 5535 interesset
3619 5496 3746 5535 con-

2124 5552 2312 5607 ventui
2360 5552 2744 5625 episc0porum
2785 5550 3041 5625 praefatus
3072 5551 3748 5625 Virdnnensis_Beringa-

2127 5625 2259 5679 rius.
2291 5620 2444 5690 cujus
2472 5620 2621 5676 tanta
2650 5620 2794 5676 esset
2821 5623 3138 5684 auctoritas,
3182 5631 3240 5677 ut
3268 5620 3576 5693 improbari
3609 5620 3751 5676 vide-

2124 5703 2293 5758 retur,
2323 5694 2467 5763 quod
2528 5694 2984 5748 constantissimae
3014 5694 3316 5750 nobilitatis
3360 5694 3483 5763 ejus
3517 5696 3750 5751 authen-

2122 5765 2229 5822 tica
2253 5764 2542 5835 praesentia
2574 5780 2685 5821 non
2711 5764 3078 5821 roboraretur.
