3972 6206
178 409 290 462 477

1695 402 1779 456 AN
1786 402 2011 456 NALES.

3413 389 3518 444 478

177 557 286 613 per
317 539 541 594 ﬂuvium
572 539 820 593 Vidulam
880 537 946 572 ⁸⁷⁵
1003 537 1184 604 sitam,
1223 552 1385 608 quam
1415 543 1610 591 vocant
1640 535 1797 590 Brai-
1830 543 1878 608 Α
1903 542 2083 590 cetera
2105 533 2277 604 ipsius
2307 531 2562 586 obsidere
2591 528 2659 563 39‘
2686 526 2835 582 facit.
2861 523 3045 598 Legati
3074 521 3220 596 regis
3247 520 3520 576 Ludowici

176 649 313 686 nam
341 631 430 696 ³⁷⁵,
456 629 651 685 furtivo
683 628 906 698 capiunt
954 627 1225 700 ingressu.
1260 627 1411 681 Unde
1453 625 1624 679 iratus
1650 625 1802 696 llugo

177 726 472 797 princeps,
504 724 568 777 ad
593 740 776 796 regem
806 722 973 776 mittit
1007 731 1201 785 ;etrcx
1233 719 1324 774 illo
1359 719 1658 790 profectus,
1680 734 1805 773 eos-

176 815 314 868 dem
349 814 632 866 invasores
659 811 881 881 expellit
942 811 1094 876 inde,
1153 818 1207 865 et
1232 810 1302 843 ⁸⁷⁸
1349 810 1524 880 ipsum
1568 818 1803 864 castrum

177 905 463 976 prioribus
491 904 669 958 reddit
707 903 991 958 custodiis.
1062 902 1269 956 Deinde
1309 901 1641 972 colloquium
1671 903 1807 973 petit

177 997 465 1069 Hugonis:
521 995 667 1066 quod
723 995 849 1047 dum
908 994 1138 1048 haberet
1184 993 1272 1059 ⁸⁷⁷,
1334 994 1588 1047 custodes
1644 993 1805 1047 castri

179 1087 481 1151 Codiciaci,
517 1087 971 1157 quidesciverant
997 1086 1248 1140 adomno
1290 1085 1512 1140 Artoldo
1547 1085 1802 1155 praesule,

175 1179 508 1233 Tetbaldum
540 1178 792 1232 comitem
820 1176 870 1229 in
908 1177 1025 1245 ipso
1076 1175 1347 1245 recipiunt
1370 1175 1596 1246 oppido.
1630 1178 1803 1240 Quare

179 1269 360 1321 iratus
400 1283 487 1320 rex
547 1272 699 1339 rogat
768 1266 1070 1336 llugonem,
1131 1273 1187 1318 ut
1233 1263 1423 1317 reddat
1473 1264 1645 1333 ipsam
1697 1264 1802 1317 sibi

178 1359 578 1422 munitionem,
625 1358 721 1410 sed
771 1358 1030 1427 quoniam
1072 1356 1126 1409 id
1173 1356 1242 1390 ⁸⁷³
1287 1357 1536 1426 optinere
1568 1371 1676 1410 non
1702 1372 1802 1427 po-

180 1447 296 1502 tuit
326 1447 414 1501 879.
444 1446 706 1500 Tetbaldo
738 1446 937 1500 comite
996 1444 1330 1498 omnimodis
1380 1445 1448 1478 ⁸⁸0
1475 1443 1800 1507 obsistente,

181 1541 444 1595 infensus
477 1539 815 1604 Laudunum,
853 1538 1078 1610 llugone
1107 1535 1440 1600 inconsulto,
1467 1535 1799 1589 recessita“.

177 1629 486 1683 Tctbaldus
512 1645 542 1682 a
584 1628 870 1683 Codiciaco
915 1627 984 1660 ⁸⁸²
1021 1627 1204 1696 plures
1245 1641 1458 1689 eorum,
1490 1640 1628 1694 quos
1660 1623 1804 1676 intus

181 1723 499 1785 invenerat,
531 1720 756 1790 expulit.
801 1721 1040 1774 Domnus
1091 1717 1341 1773 Artolrlus
1374 1718 1656 1788 prail'atum
1686 1716 1800 1770 Ro-

183 1813 426 1878 dulfum,
456 1809 901 1866 Noviomensium
935 1807 1191 1866 electum,
1224 1807 1406 1860 Remis
1435 1805 1658 1880 ordinat
1683 1805 1804 1874 epi-

1907 627 1974 680 ab
2007 627 2200 681 Ottone
2223 624 2478 697 regressi,
2513 620 2786 682 nuntiant,
2837 617 2984 672 nolle
3034 616 3200 669 immo
3231 613 3522 684 prohibere

1908 717 2155 773 Ottonem
2185 731 2391 789 regem,
2447 729 2518 767 ne
2577 710 2898 766 Fredericus
2953 708 3038 762 vel
3070 707 3268 778 aliquis
3294 720 3519 760 suorum

1907 811 2071 868 ullam
2115 810 2184 845 ⁸³⁵
2238 809 2598 866 munitionem
2658 806 2712 859 in
2763 805 2866 859 hoc
2911 817 3080 874 regno
3137 801 3354 863 habeat,
3415 796 3520 864 nisi

1907 921 2235 961 consensum
2298 902 2442 976 regis
2482 897 2753 954 Ludowici
2803 912 2968 967 super
2994 897 3099 949 hoc
3127 893 3234 947 sibi
3265 891 3520 947 obtinere

1946 1001 2088 1049 ueaL

1946 1012 2088 1049 ueaL

1907 1012 1941 1066 q
1981 1081 2219 1155 Hungari
2250 1080 2318 1134 ab
2343 1078 2497 1133 ltalia
2551 1075 2884 1131 transcensis
2935 1073 3004 1106 8“
3034 1071 3259 1153 Alpibus
3285 1067 3520 1143 egressi,

1906 1173 2249 1244 Aquitaniam
2283 1170 2516 1243 ingressi
2548 1179 2675 1222 sunt
2709 1167 2935 1235 ;ibique
2977 1171 3085 1218 tota
3118 1179 3262 1232 pene
3321 1162 3519 1214 demo-

1907 1263 2006 1318 rati
2034 1268 2239 1325 aestate,
2272 1259 2458 1312 multis
2488 1258 2629 1310 hanc
2658 1255 2941 1328 regionem
2975 1250 3183 1320 rapinis
3241 1255 3295 1302 et
3351 1247 3525 1300 inter-

1909 1351 2227 1407 netionibus
2252 1349 2318 1384 397
2350 1348 2675 1403 attrivcrunt
2699 1363 2714 1409 ;
2739 1345 2930 1413 sicque
2949 1357 3047 1412 per
3078 1338 3285 1393 Italiam
3318 1334 3522 1390 reversi

1905 1453 2032 1500 sunt
2063 1444 2120 1497 in
2149 1451 2344 1496 terram
2391 1456 2564 1493 suam.
2641 1435 2962 1492 Ludowicus
3019 1447 3107 1485 rex
3160 1426 3525 1508 munitionem

1907 1536 2182 1607 quandam
2215 1533 2438 1586 nomine
2473 1532 2726 1593 Brenam,
2758 1542 2921 1598 quam
2954 1523 3176 1595 quidam
3213 1519 3522 1591 praedones,

1905 1627 2196 1682 Gotbertus
2239 1624 2448 1678 scilicet
2501 1638 2565 1676 ac
2614 1620 2779 1674 frater
2820 1617 2939 1683 ejus
2992 1612 3366 1686 Angilbertus,
3397 1625 3523 1662 mu-

1907 1713 2238 1778 nierantm,
2294 1711 2535 1775 obsidet,
2597 1706 2938 1778 penuriaque
2995 1701 3152 1756 famis
3178 1713 3520 1769 oppressam,

1906 1811 2050 1880 capit
2081 1808 2302 1864 tandem
2349 1806 2416 1840 ⁸99
2445 1820 2506 1857 ac
2533 1801 2698 1856 diruit
2733 1817 2746 1863 ;
2777 1799 2904 1852 inde
2957 1810 3227 1858 reversus,
3259 1791 3327 1845 ad
3351 1789 3523 1845 collo-

181 1921 440 1976 εοορυπισ
495 1903 856 1977 Berengal‘ius
911 1901 1132 1972 quidam
1177 1901 1433 1970 princeps
1493 1878 1676 1963 Ιῑῖὶὶὶἱθ,
1708 1878 2090 1976 V’e-Bquium
2139 1895 2342 1950 Amulli
2408 1900 2463 1947 et
2518 1888 2761 1963 llugonis
2818 1883 3204 1957 proficiscitur.
3253 1883 3316 1932 At
3348 1878 3520 1949 Hugo,

185 2011 358 2060 neno,
393 2000 450 2048 ut
471 1993 672 2060 ferunt,
701 1999 892 2046 necato
928 1991 1179 2046 Lothario
1209 2006 1358 2064 rege,
1392 1991 1633 2065 Hugonis
1669 1989 1804 2056 ﬁlio,

177 2101 279 2139 rex
304 2082 541 2138 efﬁcitur
571 2082 758 2136 Italia-3.
794 2081 948 2135 Anno

867 2169 1136 2225 DCCCCLI

259 2266 582 2321 Ludowicus
611 2279 703 2318 rex
744 2264 1089 2336 Aquitaniam
1138 2279 1258 2319 cum
1289 2264 1530 2318 exercitu
1554 2263 1692 2334 petit
1715 2264 1804 2331 ⁸⁸³,

176 2361 283 2414 sed
342 2367 633 2430 antequam
698 2357 932 2412 eandem
1014 2356 1399 2430 ingrederetur
1452 2354 1802 2424 provintiam,

177 2451 378 2506 Karlus
407 2449 809 2513 Constantinus,
833 2448 1056 2502 Vienna:
1085 2447 1364 2517 princeps,
1418 2457 1471 2501 et
1494 2447 1806 2517 Stephanus

177 2547 550 2599 Arvernorum
593 2542 792 2613 praesul
825 2542 892 2595 ad
942 2557 1067 2594 eum
1099 2539 1406 2607 venientes,
1435 2540 1519 2594 sui
1551 2539 1806 2593 efﬁciun—

179 2646 274 2692 tur
302 2656 315 2701 ;
357 2636 500 2690 idem
529 2650 658 2689 vero
681 2635 976 2705 episcopus
1020 2633 1221 2703 opimis
1264 2649 1388 2687 eum
1425 2633 1656 2688 honorat
1684 2649 1806 2685 mu-

183 2728 434 2782 neribus.
486 2726 792 2780 Willelmus
841 2740 1061 2796 quoque
1113 2725 1459 2778 Pictavcnsis
1487 2724 1704 2779 obviam
1737 2725 1805 2757 ⁸⁸⁸

181 2817 237 2872 ei
276 2815 398 2869 fuit.
432 2815 680 2885 Dumque
721 2820 964 2868 moratur
1024 2812 1369 2884 Aquitaniam
1424 2829 1517 2866 rex
1579 2813 1802 2877 intrare,

181 2907 339 2981 gravi
362 2905 653 2975 corripitur
697 2903 1056 2967 infirmitate;
1114 2917 1276 2974 quem
1335 2902 1645 2971 suscipiens
1699 2900 1804 2954 Le-

181 3002 368 3056 taldus
393 3000 481 3065 “5,
513 3000 734 3070 quidam
769 2999 1096 3071 Burgundiae
1123 2999 1429 3069 comes,qui
1482 3008 1609 3052 tunc
1641 2997 1801 3050 etiam

181 3112 323 3150 suns
351 3096 563 3150 noviter
607 3093 831 3149 effectus
861 3102 996 3159 erat,
1050 3094 1252 3155 utiliter
1280 3110 1403 3148 eum
1435 3093 1489 3146 in
1517 3093 1633 3162 ipsa
1646 3091 1804 3166 aegri-

181 3184 380 3239 tudine
401 3183 727 3238 observavit.
762 3184 1046 3254 Reparatis
1077 3183 1241 3257 igitur
1295 3182 1402 3237 sibi
1456 3182 1683 3245 viribus,
1714 3197 1801 3233 rex
1836 3229 1879 3257 1,
1907 3183 1961 3220 ιη
1991 3182 2300 3240 coniugem
2343 3182 2493 3220 υῐιαθ
2538 3182 2632 3218 rex
2663 3182 2992 3217 LUUOWICUS
3024 3182 3213 3220 ιηιιυδ,
3243 3182 3473 3256 ﬂuvium;

1867 3269 1882 3288 ‘
1906 3270 2106 3314 sanctae
2129 3260 2331 3326 Mariae,
2364 3276 2526 3330 quam
2569 3260 2687 3328 ipsa
2717 3256 2960 3311 Lauduni
2995 3254 3236 3316 tenebat,
3294 3253 3523 3318 recepit,

183 3279 243 3332 in
315 3278 595 3332 Franciam
678 3279 1004 3353 regreditur.
1096 3279 1312 3333 Interea
1365 3278 1685 3332 Fredericus
1720 3277 1807 3332 ,⁸⁸⁸

182 3367 553 3422 Adalberonis
600 3367 846 3437 episc0pi
929 3367 1112 3431 frater,
1184 3368 1276 3439 qui
1348 3365 1514 3420 ﬁliam
1566 3366 1808 3439 Hugonis

185 3460 457 3530 principis
498 3459 603 3513 sibi
649 3459 1040 3529 desponderat,
1085 3460 1138 3512 in
1170 3460 1276 3513 hoc
1301 3474 1530 3532 regnum
1557 3458 1804 3523 veniens,

185 3549 556 3604 munitionem
609 3550 660 3602 in
695 3550 815 3603 loco
856 3550 949 3620 qui
995 3549 1192 3603 dicitur
1241 3548 1401 3602 Fanis
1431 3548 1496 3581 ⁸⁸⁷
1522 3547 1689 3618 (108),
1719 3549 1810 3600 in-

187 3641 444 3697 consulto
487 3655 614 3714 rege
645 3642 730 3696 vel
778 3641 966 3713 regina
993 3649 1310 3696 construere
1369 3641 1549 3710 C(Bpit,
1598 3649 1652 3694 et
1690 3639 1810 3694 loca

184 3733 579 3804 circumposita
626 3733 833 3787 crebris
892 3733 1393 3803 deprmdationibus
1453 3733 1657 3803 diripit.
1705 3733 1804 3787 Pro

186 3842 300 3896 qua
343 3840 400 3877 re
444 3824 600 3878 valde
659 3825 920 3878 molestus
963 3842 1056 3878 rex
1104 3825 1446 3891 Ludowicus,
1475 3824 1806 3898 legationem

184 3934 341 3972 suam
363 3917 550 3990 dirigit
569 3917 635 3971 ad
663 3916 934 3970 Ottonem.
999 3917 1148 3991 llugo
1178 3917 1435 3987 princeps
1469 3917 1534 3968 ad
1571 3917 1808 3970 eundem

187 4024 375 4081 regem
427 4007 698 4074 Ottonem,
761 4008 1021 4062 invitatus
1064 4009 1130 4062 ad
1193 4008 1369 4078 ipsum
1426 4008 1516 4074 ⁸⁸³,
1582 4009 1808 4074 vadens,

187 4098 330 4150 duos
361 4096 438 4149 illi
473 4096 737 4164 prtemisit
758 4096 973 4163 leones,
1002 4096 1189 4167 etipse
1217 4111 1340 4151 mox
1369 4095 1695 4150 subsecutus
1718 4095 1809 4164 ⁸⁸9,

190 4187 498 4243 honoriﬁce
557 4189 624 4242 ab
682 4189 875 4243 eodem
926 4189 978 4243 in
1021 4189 1216 4243 diebus
1263 4190 1481 4260 pascth
1523 4195 1811 4258 susceptus

187 4285 309 4341 est;
344 4278 713 4350 decenterque
745 4278 962 4332 habitus
995 4278 1062 4332 ab
1103 4295 1192 4344 eo,
1232 4295 1329 4348 per
1353 4278 1505 4348 ipsos
1535 4277 1808 4348 paschalis

190 4367 584 4422 sollemnitatis
613 4368 732 4421 dies
757 4369 1067 4423 exultanter
1087 4368 1387 4440 Aquiscum
1412 4368 1532 4438 ipso
1559 4369 1628 4401 ⁸⁹⁰
1655 4383 1812 4422 man-

191 4463 266 4517 sit
300 4480 313 4527 ;
343 4462 642 4534 multisque
669 4463 830 4517 donis
860 4463 1043 4532 opime
1074 4464 1142 4517 ab
1170 4479 1236 4518 eo
1270 4474 1586 4518 muneratus
1631 4480 1810 4519 rever-

151 4588 154 4589 ν
193 4553 348 4617 titur,
377 4552 686 4606 dcducente
709 4569 767 4606 se
793 4553 934 4607 duce
965 4553 1252 4608 Chonrado
1285 4569 1457 4624 usque
1481 4554 1546 4606 ad
1589 4551 1812 4609 ﬂuvium

1831 4599 1887 4666 Ι)

187 4645 514 4699 Maternam.
574 4645 672 4708 Qui
723 4645 829 4698 dux
887 4644 1205 4700 Chonradus
1252 4641 1582 4716 quibusdam
1630 4648 1812 4702 infen-
1831 4641 1863 4666 "

1909 1994 2170 2066 quoniam
2221 1987 2473 2043 infensus
2529 1991 2646 2037 erat
2721 1978 2944 2034 Arnulfo
3000 1984 3224 2049 propter
3284 1980 3523 2028 castrum

1907 2065 2349 2139 Monasteriolum
2407 2087 2460 2132 et
2501 2085 2699 2132 terram
2754 2072 3030 2145 quondam
3075 2065 3300 2129 Erluini,
3358 2080 3522 2134 quam

1910 2173 2056 2226 idem
2108 2169 2366 2225 Arnulfus
2407 2171 2791 2237 occupaverat,
2834 2162 2899 2215 ad
2962 2160 3141 2228 ipsum
3183 2153 3523 2225 colloquium

1909 2263 2096 2319 venire
2137 2261 2313 2317 noluit
2368 2277 2382 2323 ;
2441 2257 2539 2311 sed
2589 2256 2762 2326 ipsam
2825 2261 3023 2306 terram
3075 2248 3355 2319 ingressus
3401 2258 3523 2296 cum

1910 2359 2185 2433 Rotgario,
2244 2354 2450 2410 Erluini
2499 2351 2632 2416 ﬁlio,
2691 2347 2967 2419 quoddam
3019 2351 3256 2398 castrum
3284 2337 3521 2433 obsedit.

1908 2429 2041 2505 Rex"
2077 2456 2282 2511 autem,
2351 2449 2574 2514 petente
2645 2440 2715 2474 ⁹⁰⁰
2766 2435 3014 2500 Arnulfo,
3065 2434 3134 2489 ad
3179 2448 3303 2487 eum
3357 2429 3522 2494 misit,

1909 2544 2191 2611 ipsamque
2221 2537 2574 2592 obsidionem
2610 2531 2808 2587 resolvi
2863 2528 3013 2594 fecit,
3047 2524 3406 2592 induciasque
3438 2517 3525 2573 vel

1906 2634 2126 2699 treugas
2158 2625 2318 2695 [inter
2345 2624 2496 2694 ipsos
2547 2621 2634 2692 90‘]
2682 2634 2856 2692 usque
2905 2617 2972 2672 ad
3006 2611 3523 2670 KalendasDecem-

1906 2716 2020 2770 bris
2054 2716 2286 2785 accepit.

1975 2804 2239 2879 Ottogeba
2269 2806 2338 2840 ⁹⁰²
2368 2804 2577 2880 regina,
2601 2813 2774 2857 mater
2806 2798 3081 2854 Ludowici
3103 2795 3273 2870 regis.
3298 2806 3525 2867 egressa

1905 2878 2190 2963 Lauduno,
2220 2878 2662 2952 conducentibus
2699 2907 2756 2945 se
2819 2885 3149 2962 quibusdam
3205 2894 3314 2938 tam
3372 2878 3529 2934 Heri-

1907 2987 2046 3040 berti
2093 3002 2262 3056 quam
2309 2985 2588 3040 Adalberti
2647 2981 2826 3037 fratris
2875 2979 3050 3050 ipsius
3080 2973 3424 3034 hominibus,
3456 2969 3525 3023 ad

1909 3075 2247 3130 lleribertum
2295 3072 2690 3144 proﬁciscitur;
2719 3071 2811 3142 qui
2857 3067 3169 3138 suscipiens
3199 3080 3342 3128 eam,
3375 3061 3528 3115 ducit

1907 3167 1961 3220 in
1991 3167 2300 3240 conjugem.
2342 3165 2493 3220 Unde
2538 3181 2632 3218 rex
2663 3162 2992 3217 Ludowicus
3023 3159 3213 3220 iratus,
3243 3154 3523 3210 abbatiam

1908 3355 1962 3402 et
1991 3347 2281 3421 Gerbergae
2336 3348 2494 3403 uxori
2545 3363 2655 3400 suae
2711 3345 2862 3398 dedit
2896 3342 3125 3410 ;ﬁscum
3175 3339 3246 3373 ⁹⁰³
3303 3351 3526 3408 quoque

1909 3437 2224 3491 Atoniacam
2271 3453 2372 3490 suo
2427 3435 2674 3490 dominio
2724 3435 2990 3488 subdidit.
3039 3433 3159 3488 Otto
3188 3446 3280 3484 rex
3314 3426 3526 3481 Italiam

1909 3533 2088 3599 adiit;
2121 3533 2359 3599 adcujus
2399 3533 2694 3586 adventum
2756 3527 3086 3599 Berengario
3135 3519 3528 3596 Longobardo-

1910 3642 2030 3680 rum
2091 3625 2159 3658 θοι
2193 3641 2321 3698 rege
2366 3625 2433 3678 ab
2496 3623 2632 3677 urbe
2677 3621 2843 3692 Papia
2899 3620 3166 3692 fugiente,
3229 3617 3346 3688 ipse
3405 3612 3528 3670 Otto

1909 3716 2142 3771 eandem
2176 3715 2483 3790 ingreditur
2514 3713 2731 3777 urbem,
2765 3727 2992 3767 uxorem
3017 3726 3238 3781 quoque
3287 3706 3528 3761 Lotharii

1911 3807 2056 3881 regis
2076 3806 2340 3877 defuncti,
2373 3806 2470 3860 ﬁlii
2515 3805 2776 3880 llugonis,
2808 3819 3052 3858 sororem
3087 3798 3358 3860 Chonradi
3382 3797 3531 3870 regis

1909 3899 2173 3960 Jurensis,
2222 3897 2328 3952 sibi
2375 3899 2666 3972 conjugem
2721 3894 2877 3948 duxit
2922 3892 3008 3944 90⁵.
3060 3888 3347 3944 Sarraccni
3378 3903 3532 3942 mea-

1915 4000 2026 4043 tum
2045 3990 2259 4059 Alpium
2297 3989 2641 4053 obsidentes,
2698 4003 2728 4040 a
2755 3983 3058 4039 viatoribus
3086 3981 3313 4033 Romam
3339 3983 3528 4046 peten-

1914 4081 2059 4135 tibus
2087 4081 2350 4136 tributum
2410 4081 2710 4152 accipiunt,
2762 4087 2815 4133 et
2870 4077 2950 4133 sic
2997 4091 3093 4131 eos
3121 4070 3358 4128 transire
3397 4085 3530 4140 per-

1911 4173 2132 4228 mittunt
2179 4175 2334 4228 Anno

2573 4260 2774 4317 DCCCC
2785 4261 2868 4315 LII

1912 4373 2033 4428 Otto
2061 4373 2130 4408 ⁹⁰⁶
2158 4388 2252 4427 rex
2274 4371 2608 4445 legationem
2649 4385 2746 4440 pro
2796 4367 3154 4438 susceptione
3183 4362 3267 4418 sui
3302 4361 3527 4416 Romam

1916 4462 2128 4537 dirigit,
2173 4478 2281 4533 qua
2335 4477 2446 4516 non
2485 4461 2735 4527 obtenta,
2781 4475 2905 4514 cum
2951 4472 3121 4514 uxore
3179 4455 3236 4509 in
3287 4470 3384 4509 sua
3437 4470 3530 4511 re-

1913 4560 2178 4634 greditur,
2211 4559 2454 4614 dimissis
2481 4559 2550 4613 ad
2601 4557 2907 4613 custodiam
2966 4555 3146 4628 Papiae
3196 4552 3526 4626 quibusdam

1915 4664 1979 4702 ex
2031 4647 2163 4703 suis.
2220 4647 2550 4703 Ludowicus
2595 4662 2719 4701 cum
2749 4645 3026 4720 Gerberga
3082 4642 3275 4715 regina
3312 4639 3530 4695 Laudu-

187 4749 286 4787 sus
315 4734 378 4766 ⁸⁹¹
405 4733 877 4800 Lothariensibus,
935 4741 1112 4788 turres
1167 4735 1513 4805 quorundam
1545 4736 1732 4802 deicit,
1761 4744 1814 4790 et
1913 4755 2046 4793 num
2099 4738 2298 4808 repetit
2346 4737 2434 4792 9‘".
2491 4736 2853 4810 Berengarius
2901 4752 2995 4791 rex
3048 4735 3115 4790 ad
3177 4732 3527 4789 Chonradum

188 4825 460 4896 quosdam
516 4825 941 4880 Virdunensium
987 4826 1292 4880 honoribus
1347 4827 1521 4897 privat
1575 4845 1589 4893 ;
1652 4828 1812 4902 Ragi-

191 4916 336 4970 nerii
364 4917 432 4951 3”
463 4932 592 4972 vero
644 4916 863 4972 comitis
910 4917 1186 4988 quoddam
1236 4917 1305 4951 393
1335 4917 1618 4972 castellum
1642 4918 1810 4988 capit,

1914 4829 2134 4894 ducem,
2164 4828 2257 4900 qui
2285 4829 2466 4899 Papia:
2511 4837 2871 4892 remanserat,
2919 4828 3105 4892 venit;
3138 4843 3168 4880 a
3199 4841 3308 4898 quo
3337 4825 3392 4878 in
3416 4821 3526 4879 ﬁde

1913 4917 2088 4988 ipsius
2121 4926 2432 4988 susceptus,
2481 4917 2550 4972 ad
2595 4916 2849 4972 Ottonem
2890 4915 3227 4987 perducitur.
3245 4915 3417 4980 Quem
3435 4911 3528 4967 ille

1532 5045 1766 5101 VARl/E
1819 5047 2195 5103 LECTIONES.

267 5140 336 5173 ⁸⁷⁸
369 5139 634 5194 uidullam
666 5142 721 5194 2:
785 5142 1043 5196 indellam
1093 5143 1145 5197 3.
1179 5144 1247 5177 ³⁸⁵
1307 5145 1548 5197 bramam
1608 5145 1658 5197 1.
1711 5146 1782 5180 ⁸⁷⁸
1827 5148 1975 5202 deest
2024 5147 2078 5200 2.
2142 5146 2194 5201 3.
2250 5146 2319 5180 ⁸⁷⁷
2373 5146 2668 5200 haberetur
2710 5148 2765 5200 2.
2823 5148 2874 5200 3.

193 5213 314 5266 obt.
344 5211 397 5264 2.
431 5211 482 5265 3.
541 5212 610 5246 ⁸⁸0
635 5213 818 5266 modis
873 5215 1139 5268 omnibus
1197 5213 1245 5269 3.
1307 5213 1371 5248 ⁸⁹¹
1443 5215 1670 5269 recessit
1704 5215 1758 5269 T.
1795 5234 1824 5270 a
1873 5218 1952 5282 C.,
2011 5229 2066 5273 et

2932 5146 3001 5180 ⁸⁷⁸
3031 5147 3173 5200 deest
3198 5144 3230 5198 3
3280 5142 3349 5176 "9
3380 5158 3434 5195 n.
3469 5159 3525 5200 ι).

2134 5234 2185 5288 ρ.
2247 5221 2294 5273 1.
2338 5217 2407 5251 ευ
2446 5217 2675 5273 codiaco
2717 5220 2767 5273 1.
2801 5219 2835 5272 2
2867 5216 2896 5270 τ
2926 5217 2996 5251 888
3033 5213 3444 5288 peciiti2.gpet_it
3471 5213 3524 5267 3.

194 5283 268 5317 ⁸⁷⁸
301 5281 497 5336 obvius
530 5283 656 5337 3.2.
685 5283 752 5317 ⁸⁸⁵
792 5284 1031 5338 letoldus
1077 5287 1131 5339 2.
1185 5285 1402 5352 letodus
1439 5287 1490 5338 3.
1552 5286 1621 5319 ³³⁸
1673 5281 1969 5344 Federicus
2026 5281 2219 5344 Ade-1b.
2277 5289 2328 5345 3.
2372 5288 2438 5322 ⁸⁸⁷
2489 5289 2654 5342 Banis
2707 5289 2760 5352 3,
2820 5289 2888 5323 ⁸⁸⁸
2920 5288 2956 5342 i.
2989 5281 3058 5342 ab
3111 5303 3178 5342 eo
3200 5287 3256 5341 2'
3289 5281 3410 5340 33”
3435 5300 3528 5338 se-

198 5359 363 5408 cutus
391 5354 448 5408 2.
507 5353 558 5408 3.

620 5354 690 5388 ⁸⁹⁰
747 5369 813 5408 eo
851 5356 904 5430 2.
1065 5355 1139 5430 Ἥ
1191 5349 1425 5430 infensis
1470 5357 1529 5430 2._
1580 5355 1648 5430 “ff
1676 5361 1926 5430 ragenari
1977 5361 2030 5414 2.
2082 5360 2132 5414 3.
2195 5361 2265 5396 393

197 5425 306 5478 lam
366 5425 418 5478 3'
482 5425 551 5458 ⁸⁰⁶
601 5426 899 5479 trascensis
960 5426 1014 5489 3,
1073 5426 1142 5460 ⁸9³
1196 5425 1767 5481 interminationibus"
1790 5430 1843 5482 2.

2319 5360 2599 5431 quondam
2645 5361 2699 5428 2,
2757 5360 2826 5395 89‘
2885 5359 3208 5431 obsideri2.
3249 5357 3302 5412 3.
3326 5356 3395 5390 ⁸9⁵
3421 5355 3528 5431 vil-

1913 5433 1963 5485 3.
2018 5431 2088 5466 9”
2151 5426 2448 5486 munerant
2502 5432 2556 5487 2.
2609 5426 2693 5466 ⁸99⁷
2723 5439 2764 5498 t,
2833 5447 2880 5484 c.
2912 5431 2965 5484 2.
3000 5431 3052 5484 3.
3095 5430 3164 5463 ⁹⁰⁰
3212 5433 3438 5499 potente
3467 5426 3524 5499 2,

285 5495 782 5574 desuntAi.A°°f_§ta
822 5499 871 5574 1_.
902 5495 1153 5574 Ajthgiva
1177 5498 1390 5574 Βὶξζιρν.
1423 5496 1691 5574 gerbenrga
1726 5501 1777 5552 2.
1812 5501 1900 5567 2a,
1933 5503 1984 5556 3.
2029 5502 2098 5537 903
2158 5503 2199 5557 f.
2232 5520 2286 5574 q.
2319 5503 2380 5557 A.
2413 5519 2460 5559 s.
2508 5504 2562 5559 d.
2602 5519 2647 5559 s.
2677 5495 2870 5560 deSunt
2896 5500 3050 5571 2,3b.
3080 5501 3148 5545 905
3179 5495 3502 5574 languob.2

189 5567 259 5600 ⁹⁰⁵
287 5566 443 5621 ducit
473 5567 527 5620 2.
561 5566 615 5622 3.
649 5566 720 5600 ⁹⁰⁶
752 5567 908 5620 ottho
930 5565 979 5620 3.
1009 5565 1227 5634 siepius.
1258 5566 1324 5600 ⁹⁰⁷
1349 5565 1559 5634 recepit
1579 5565 1629 5620 3.

1753 5669 1963 5726 ΝΟΤᾸΞ.

264 5765 406 5837 (108)
434 5767 599 5822 Fains
625 5777 800 5836 prope
822 5763 1071 5818 Barrum.
