3972 6206
505 337 610 391 679
1634 330 1999 387 FLODOARDI
2041 327 2341 384 CANONICI
2383 328 2712 385 BEMENSIS
3777 337 3892 396 480

507 475 746 548 benigne
777 473 1108 544 suscipiens,
1141 470 1610 526 concessiseidem
1637 471 1821 536 rebus,
1843 469 2121 542 proutsibi
2149 474 2197 542 Α
2226 468 2462 536 mittere,
2518 449 2666 542 quod
2747 470 2902 540 olim,
2965 473 3282 544 priusquam
3350 474 3567 530 Italiam
3623 485 3884 547 peteret.

504 567 678 620 visum
710 565 832 632 fuit,
862 565 1190 637 quibusdam
1251 564 1304 618 in
1375 563 1524 618 Italia
1580 564 1647 597 ⁸⁰⁸
1679 563 1908 634 pacifice
1943 562 2120 617 redire
2223 561 2472 620 Liudulfo
2513 562 2885 636 delegaverat,
2919 570 2974 618 et
3032 574 3318 635 magnates
3345 581 3479 620 suos
3510 567 3715 622 eidem
3745 587 3882 639 pro-

507 658 754 728 permisit
787 675 801 724 ;
831 657 948 727 ipse
979 672 1200 728 quoque
1232 655 1350 710 Otto
1374 655 1513 724 (I09)
1544 664 1665 725 post
1687 655 2116 709 celebrationem
2219 658 2436 712 mittere
2456 655 2775 710 fidelitatem
2826 655 3190 724 jurejurando
3248 655 3470 712 fecerat.
3549 659 3672 713 Ilex
3707 662 3880 736 igitur

506 751 721 820 pascha:
763 748 979 820 Papiam
1023 748 1346 821 regreditur.
1403 747 1554 820 Hugo
1612 763 1798 802 comes
1850 763 1973 801 cum
2006 745 2120 800 suis
2221 749 2568 804 Chonradum
2600 749 2664 782 9"
2709 765 2738 802 a
2765 747 2964 803 ducatu
3025 747 3461 803 Lothariensium
3493 763 3792 818 removet,
3826 766 3878 809 et

2220 843 2542 898 Chonradus
2591 842 2873 914 quaerebat
2932 851 2990 897 ut
3045 859 3230 918 regem
3270 854 3514 914 caperet.
3551 847 3685 910 Quo
3719 864 3877 902 com-

2223 943 2396 1006 perto.
2429 952 2520 990 rex
2542 936 2612 969 9"
2640 945 2798 990 caute
2829 951 2887 990 sc
2919 951 3086 1008 agere
3138 936 3326 1006 erepit,
3369 936 3436 990 de
3462 938 3706 994 interitu
3740 958 3874 998 vero

500 861 667 915 super
723 845 1022 898 Maternam
1092 843 1316 897 ﬂuvium
1358 843 1558 907 venit;
1619 843 1705 898 cui
1736 843 1976 897 occurrit
2011 843 2117 895 dux

501 932 821 987 Chonradus
861 950 982 987 cum
1041 932 1369 1004 quibusdam
1434 930 1889 986 Lothariensibus
1923 948 1937 996 ;
1971 930 2122 984 obsi-

501 1022 742 1093 dentque
796 1021 1002 1091 pariter
1039 1020 1406 1074 munitionem
1477 1019 1621 1089 apud
1682 1018 1963 1073 Maroilum
2028 1018 2118 1083 9°”,

502 1131 664 1185 quam
703 1115 1051 1186 Ragcnaldus
1077 1114 1148 1147 ⁹¹⁰
1177 1128 1365 1168 comes
1421 1128 1542 1166 cum
1573 1111 1890 1166 hominibus
1928 1111 2117 1165 domni

499 1207 704 1260 Artoldi
750 1205 996 1276 praesulis
1046 1205 1188 1258 intra
1242 1205 1420 1274 ipsum
1473 1203 1699 1256 ﬂuvium
1752 1219 1929 1273 nuper
1981 1217 2118 1257 con-

497 1301 768 1348 struxerat
811 1294 1236 1364 ;instructisque
1305 1291 1490 1345 multis
1543 1291 1790 1362 undique
1824 1291 2112 1357 machinis,

499 1379 713 1434 fortiter
769 1381 1087 1452 Opprimunt
1128 1399 1142 1444 ;
1177 1381 1510 1450 tandemque
1551 1394 1659 1434 non
1723 1379 1843 1432 sine
1891 1394 2112 1432 suorum

495 1469 700 1524 damno
731 1470 954 1539 capiunt
985 1476 1146 1540 atque
1177 1469 1538 1533 succendunt,
1573 1467 1658 1520 his
1714 1469 1802 1530 9“,
1845 1466 1936 1538 qui
1972 1468 2116 1520 intus

497 1565 649 1610 erant
689 1558 754 1610 ad
798 1558 960 1610 Iidem
1024 1556 1298 1611 Chonradi
1341 1557 1596 1629 egressis.
1656 1556 1895 1626 Nepotes
1939 1555 2115 1628 litigo-

497 1645 601 1710 nis,
661 1646 972 1699 IIeriliertus
1012 1653 1064 1698 et
1115 1645 1404 1699 Rotberlus
1448 1647 1538 1711 9",
1597 1645 1816 1698 interim
1878 1645 1931 1698 in
1998 1646 2117 1699 loco

495 1736 587 1807 qui
619 1737 818 1790 dicitur
841 1737 1222 1791 Mons-Felicis
1249 1736 1352 1790 sibi
1385 1737 1746 1790 munitionem
1806 1737 2114 1802 instruunt;

493 1829 681 1900 sicque
731 1837 836 1882 tam
881 1829 1029 1901 Ilugo
1080 1846 1241 1900 quam
1315 1827 1632 1883 Chonradus
1686 1836 2032 1883 revertuntur
2063 1828 2114 1882 in
2146 1796 2195 1863 Β

492 1934 608 1972 sua.
654 1918 763 1972 Nec
794 1935 964 1983 mora,
1027 1935 1118 1973 rex
1173 1917 1496 1972 Ludowicus
1549 1927 1604 1973 et
1662 1918 1915 1973 Artoldus
1937 1917 2118 1972 archi-

491 2009 785 2080 episcopus
815 2026 938 2064 cum
970 2011 1040 2044 ⁴³¹³
1073 2009 1388 2081 Ragenaldo
1447 2008 1649 2064 comite
1693 2009 1921 2080 projecti
1955 2024 2119 2079 super

494 2099 787 2153 Maternam
821 2098 1065 2163 ﬂuvium,
1087 2099 1476 2163 munitionem,
1519 2115 1680 2170 quam
1712 2097 1918 2169 pra'fati
1952 2097 2112 2168 prin-

494 2191 647 2262 cipes
677 2193 1410 2258 succenderant,restruunt,
1430 2193 1798 2263 custodesque
1832 2191 1906 2246 ibi
1931 2193 2116 2263 plures

494 2281 802 2335 instituunt.
860 2282 992 2335 Inde
1050 2298 1140 2336 rex
1202 2298 1323 2336 cum
1380 2281 1695 2355 Ragenaldo
1749 2280 2116 2351 proﬁciscitur

496 2370 549 2424 in
573 2379 752 2441 partes
784 2371 1072 2426 Victuriaci
1128 2373 1196 2405 9“
1243 2371 1429 2436 castri,
1473 2371 1618 2442 quod
1649 2371 1870 2425 tenebat
1908 2369 2115 2423 Walte-

494 2461 606 2516 rius
649 2463 896 2534 quidam,
963 2462 1055 2533 qui
1121 2479 1298 2533 nuper
1354 2478 1383 2515 a
1414 2477 1541 2533 rege
1582 2461 1874 2525 defecerat,
1918 2470 2112 2516 etcum

495 2551 614 2622 ipso
644 2564 822 2608 castro
879 2568 937 2606 se
979 2551 1268 2606 Heriberto
1332 2551 1675 2604 subdiderat.
1747 2549 1909 2619 Cujus
1961 2550 2117 2604 villas

497 2643 1005 2712 deprzedationibus
1077 2640 1464 2710 incendiisque
1521 2640 1828 2704 devastant,
1898 2655 2114 2694 necnon

496 2733 854 2806 Pontigonem
925 2731 1140 2797 fiscum,
1197 2747 1362 2803 quem
1432 2731 1746 2785 Heribertus
1811 2731 2113 2797 invaserat;

494 2826 766 2897 aliamque
799 2824 1157 2878 munitionem
1215 2840 1308 2877 rex
1338 2831 1526 2878 contra
1589 2823 1955 2878 Victuriacum
2017 2825 2107 2878 in-

491 2916 675 2980 struit,
715 2925 770 2970 et
803 2915 1066 2987 quosdam
1137 2915 1242 2970 sibi
1280 2914 1474 2970 fideles
1517 2932 1581 2970 ex
1609 2916 1834 2986 paribus
1865 2917 1932 2950 9‘5
1956 2916 2109 2971 Wal-

495 3009 616 3062 terii
675 3009 741 3062 ad
795 3008 1102 3063 custodiam
1159 3009 1295 3063 inibi
1349 3010 1419 3042 ³¹⁶
1473 3009 1754 3074 dimittit;
1827 3009 2112 3081 ipsamque

2224 1023 2496 1079 Chonradi
2549 1041 2846 1095 quaerere;
2881 1023 3204 1079 Chonradus
3262 1035 3444 1081 autem
3500 1029 3730 1098 oppida
3773 1048 3872 1085 sua

2222 1114 2458 1167 munire.
2505 1114 2929 1186 AtRagenarius
2954 1114 3044 1180 9’3,
3085 1115 3134 1168 ei
3160 1114 3273 1182 jam
3319 1115 3529 1169 dudum
3565 1117 3871 1188 inimicus,

2220 1208 2500 1280 quoddam
2527 1208 2701 1279 ipsius
2730 1209 3160 1264 munitissimum
3222 1209 3441 1264 obsidet
3461 1211 3534 1244 9"
3583 1221 3866 1279 castrum,

2218 1299 2454 1354 Collecta
2480 1301 2548 1333 ⁰²⁵
2581 1301 2793 1372 crgom
2826 1300 3142 1355 Chonradus
3159 1309 3363 1370 quanta
3392 1301 3578 1370 potuit
3607 1304 3865 1357 militum

2215 1407 2402 1456 manu,
2435 1391 2502 1444 ad
2543 1391 2920 1445 resolvendam
2956 1399 3214 1461 pr0perat
3244 1391 3628 1446 obsidionem.
3650 1394 3867 1458 Quibus

2219 1472 2750 1552 mutuo'congressis
2769 1489 2824 1534 et
2851 1480 3104 1550 pluribus
3137 1481 3410 1552 utrimque
3436 1499 3632 1553 perem
3645 1485 3860 1554 ptis’”,

2221 1570 2540 1625 Chonradus
2570 1572 2624 1624 in
2685 1571 2866 1646 fugam
2926 1573 3156 1626 vertitnr
3194 1574 3354 1639 9",et
3391 1574 3597 1629 urbem
3631 1577 3712 1609 εῖν
3743 1577 3860 1632 Mo-

2218 1661 2462 1733 gontiam
2505 1660 2574 1693 ⁹³⁰
2604 1661 2925 1735 ingreditur.

2295 1750 2508 1804 Interea
2555 1749 2830 1824 Gerberga
2899 1750 3090 1824 regina
3146 1750 3393 1806 Lauduni
3454 1755 3731 1824 geminos
3781 1765 3860 1810 est

2220 1842 2402 1908 enixa,
2455 1857 2686 1913 quorum
2757 1859 2899 1896 unus
2957 1842 3204 1908 Karolus,
3277 1843 3415 1896 alter
3477 1852 3722 1900 vocatus
3780 1855 3859 1900 est

2222 1931 2513 1986 Heinricus
2543 1949 2558 1997 ;
2593 1933 2688 1986 sed
2749 1933 3035 1988 Heinricus
3082 1949 3205 1988 mox
3235 1934 3299 1967 ⁹³¹
3354 1942 3478 2004 post
3505 1933 3856 2005 baptismum

2221 2023 2515 2078 defunctus
2546 2032 2646 2078 est.
2683 2024 2936 2094 Synodus
2983 2025 3229 2096 quinque
3274 2024 3680 2096 episcOporum
3715 2028 3857 2098 apud

2219 2123 2468 2169 sanctum
2521 2116 2919 2170 Theodericum
2983 2117 3038 2170 in
3081 2115 3354 2170 territorio
3405 2116 3678 2172 ltcmensi
3715 2119 3859 2173 cele-

2219 2204 2427 2271 bratur,
2457 2204 2680 2259 Artoldo
2729 2205 3148 2276 archiepiscopo
3188 2205 3646 2276 praasidente.Ad
3693 2227 3856 2282 quam

2218 2301 2444 2350 vocatus
2495 2294 2841 2370 Ragenaldus
2895 2311 3083 2350 comes
3114 2296 3185 2350 ob
3215 2312 3300 2350 res
3326 2297 3769 2353 mcclesiasticas
3795 2301 3859 2352 ab

2217 2402 2283 2442 eo
2309 2403 2584 2458 pervasas,
2601 2385 2788 2440 venire
2816 2386 3012 2453 noluit,
3041 2388 3140 2442 sed
3163 2387 3490 2458 deprecatus
3509 2398 3600 2444 est
3639 2407 3854 2466 regem,

2220 2492 2288 2531 ne
2330 2477 2922 2543 excommunicaretur,
2983 2485 3041 2531 ut
3091 2478 3156 2531 ad
3225 2479 3496 2549 synodum
3563 2483 3853 2547 mitteret;

2219 2568 2374 2640 cujus
2405 2569 2924 2637 excommunicatio,
2957 2586 3086 2644 rege
3104 2579 3351 2641 petente,
3377 2579 3508 2626 tunc
3533 2572 3856 2628 intermissa

2220 2665 2322 2712 est.
2358 2658 2478 2712 Otto
2510 2675 2601 2712 rex
2643 2659 2838 2713 urbem
2895 2659 3252 2735 Mogontiam,
3294 2660 3387 2715 ubi
3432 2662 3770 2718 Chonradus
3798 2682 3852 2720 se

2220 2758 2528 2820 receperat,
2558 2749 2777 2805 obsidet
2810 2769 2823 2817 ;
2859 2753 3194 2824 tandemque
3217 2761 3340 2824 post
3368 2754 3511 2810 duos
3542 2755 3664 2811 fere
3698 2774 3854 2811 mcn-

2215 2857 2306 2895 ses
2333 2858 2464 2896 cum
2489 2859 2713 2916 egresso
2741 2844 2808 2897 ad
2841 2860 2898 2897 se
2929 2844 3218 2900 Cltonrado
3270 2845 3510 2913 locutus,
3572 2855 3630 2902 et
3691 2849 3848 2905 obsi-

2215 2933 2378 2987 dibus
2435 2934 2504 2988 ab
2560 2951 2626 2990 eo
2683 2936 2941 3006 acceptis,
2997 2943 3144 2991 trans
3202 2937 3450 2992 Rhenum
3510 2941 3847 3014 regreditur.

2217 3025 2326 3081 Nec
2367 3043 2540 3092 mora,
2583 3027 2928 3095 Chonradus,
2987 3029 3216 3085 dimisso
3281 3029 3576 3104 Magonliae
3610 3035 3845 3089 militum

495 3101 855 3192 ηταηίιὶοηειη
885 3100 1149 3192 Οάδιῗίεοί
1195 3101 1380 3156 abbati
1435 3102 1652 3156 cumam
1696 3118 1759 3156 ex
1803 3103 2113 3174 Burgundia
2147 3123 2438 3191 Csuorum
2476 3116 2757 3187 prasidio,
2811 3117 3130 3171 Mettenscm
3162 3100 3638 3188 appetit-urbem,
3685 3137 3844 3192 quam

495 3191 785 3246 committit
841 3209 855 3257 ;
911 3199 965 3246 et
999 3191 1078 3246 sic
1137 3191 1455 3245 Laudunum
1506 3193 1722 3262 repetit.
1781 3193 1891 3247 Nec
1941 3208 2112 3258 mora,

498 3284 697 3338 Ilemos
743 3300 866 3339 cum
920 3283 1111 3357 regina
1167 3285 1479 3340 revertitur.
1537 3285 1789 3340 Artoldus
1837 3285 2118 3356 archiepi-

496 3389 696 3443 scopus
727 3374 782 3428 in
813 3374 1149 3429 monasterio
1178 3375 1350 3430 sancti
1385 3375 1560 3430 Basoli
1596 3375 1897 3431 monachos
1927 3375 2113 3439 mittit,

499 3461 742 3531 expulsis
792 3462 1010 3517 clericis
1075 3463 1167 3534 qui
1198 3463 1514 3519 serviebant
1545 3464 1618 3518 ibi
1650 3466 1740 3531 9”,
1767 3465 2115 3519 committens

497 3555 632 3610 illud
664 3555 954 3611 Ilincmaro
987 3565 1041 3611 et
1082 3557 1660 3613 Rotmaroabbatibus.
1693 3559 1850 3614 Anno

1135 3663 1455 3718 DCCCCLIII

496 3749 820 3820 incipiente,
846 3751 999 3826 Hugo
1052 3753 1310 3824 princeps
1362 3753 1570 3828 legatos
1615 3753 1782 3808 mittit
1824 3754 1890 3808 ad
1924 3770 2108 3826 regem

497 3838 841 3894 Ludovvicum
880 3857 978 3912 pro
1029 3859 1160 3912 pace
1209 3859 1271 3897 ac
1309 3844 1376 3877 9‘3
1442 3843 1736 3899 concordia
1778 3844 1917 3898 inter
1955 3844 2107 3914 ipsos

495 3927 782 3997 firmanda,
850 3939 1046 4002 petens
1104 3940 1163 3987 ut
1225 3934 1416 4007 regina
1459 3934 1734 4008 Gerberga
1764 3950 1923 3988 suum
1962 3941 2108 4004 petat

496 4017 830 4090 colloquium
886 4021 954 4053 9‘9
1013 4020 1204 4092 ;quod
1253 4030 1307 4076 et
1361 4021 1504 4087 fecit,
1577 4023 2007 4094 muneribusque
2037 4022 2104 4076 ab

495 4109 691 4164 eodem
715 4112 783 4144 93°
811 4112 1078 4167 honorata
1120 4113 1526 4180 Remosrediit;
1561 4115 1912 4186 obtinuitque
1956 4115 2106 4187 Ilugo

495 4216 525 4252 a
550 4216 702 4272 rege,
737 4208 795 4254 ut
827 4202 1082 4269 munitio,
1116 4219 1236 4274 quae
1264 4214 1454 4258 contra
1483 4204 1844 4258 Victuriacum
1867 4213 2103 4257 castrum

493 4300 805 4347 constructa
872 4292 1071 4358 fuerat,
1131 4295 1454 4350 solveretur.
1504 4295 1765 4349 Placitum
1798 4311 1928 4369 ergo
1961 4311 2101 4349 con-

490 4380 693 4435 cordia:
723 4398 783 4436 ac
824 4383 974 4452 pacis
1019 4399 1110 4438 rex
1150 4393 1207 4438 et
1247 4385 1397 4455 Hugo
1452 4384 1728 4439 mediante
1790 4384 2104 4458 quadrage-

491 4472 820 4528 simainiere
850 4477 1177 4532 Suessionis.
1231 4477 1479 4532 Exoritur
1535 4477 1748 4531 interea
1808 4478 1952 4531 inter
2016 4477 2109 4531 Ot-

2219 3225 2343 3264 mox
2374 3209 2571 3264 furtiva
2605 3209 2852 3280 pervadit
2881 3209 3184 3280 irreptione
3214 3211 3302 3263 ’3’.
3335 3210 3458 3265 Otto
3488 3228 3587 3265 rex
3620 3222 3845 3268 vocatus

2217 3320 2248 3359 a
2279 3303 2444 3359 fratre
2477 3303 2752 3370 Heinrico,
2813 3304 3117 3374 Bajoariam
3175 3304 3243 3338 933
3279 3304 3436 3375 petit,
3507 3322 3686 3376 quam
3709 3307 3845 3361 filius

2217 3397 2336 3465 ejus
2366 3396 2675 3463 Liudulfus,
2719 3397 2891 3467 captis
2930 3397 3257 3468 quibusdam
3298 3396 3551 3463 urbibus,
3591 3399 3846 3454 devasta-

2219 3486 2333 3539 I)at.
2367 3485 2691 3540 Chonradus
2722 3485 3048 3540 Mettenscm
3107 3486 3173 3519 9³⁵
3215 3502 3437 3557 quoque
3470 3486 3698 3552 urbem,
3728 3497 3845 3560 post

2216 3593 2326 3632 non
2362 3577 2636 3632 modicam
2671 3577 2847 3648 ipsius
2869 3577 3359 3648 depraedationcm,
3394 3578 3618 3632 hortatu
3648 3580 3842 3644 935,ccu

2214 3667 2406 3732 fertur,
2437 3667 2702 3738 Agenoldi
2727 3666 2946 3721 abbatis
3009 3667 3250 3738 reliquit.
3310 3666 3629 3721 Wicfredus
3688 3667 3843 3723 Colo-

2213 3757 2426 3811 niensis
2455 3757 2686 3812 antistes
2741 3757 3082 3829 defungitur,
3141 3765 3196 3811 et
3248 3757 3452 3822 Bruno,
3496 3755 3671 3811 frater
3702 3759 3841 3832 regis

2210 3849 2442 3916 Ottonis,
2472 3848 2606 3902 inibi
2637 3849 2882 3919 pontifex
2918 3849 3235 3916 ordinatur;
3266 3848 3353 3904 cui
3383 3849 3549 3903 etiam
3586 3866 3684 3904 rex
3725 3851 3838 3904 Otto

2209 3958 2437 4014 regnum
2469 3940 2824 3997 Lothariense
2849 3941 3158 3996 committit.
3186 3942 3340 3995 Anno

2811 4035 3123 4090 DCCCCLIV
3150 4035 3221 4070 ⁹³⁶

2211 4114 2656 4178 praememoratus
2730 4105 3072 4172 Chonradus,
3152 4115 3308 4178 pacto
3367 4123 3493 4161 cum
3561 4107 3826 4183 Iungaris

2206 4199 2365 4263 inito,
2395 4214 2491 4253 eos
2524 4214 2619 4270 per
2675 4215 2905 4272 regnum
2958 4199 3314 4254 Lothariense
3363 4199 3620 4266 deducit,
3653 4217 3823 4273 usque

2207 4291 2261 4344 in
2295 4298 2492 4344 terram
2527 4290 2817 4364 Ragenarii
2883 4289 2950 4323 ’37
3000 4290 3231 4356 scilicet,
3290 4289 3474 4343 remuli
3533 4291 3824 4362 sui,atque

2208 4383 2481 4438 Brunonis
2509 4381 2754 4452 episc0pi
2787 4399 2802 4446 ;
2835 4381 3115 4452 nimiaque
3169 4381 3238 4414 93"
3281 4388 3499 4452 peracta
3532 4381 3821 4453 depraeda—

2210 4475 2380 4540 tione,
2423 4491 2547 4529 cum
2603 4473 2788 4545 praeda
2824 4490 3022 4548 magna
3071 4473 3525 4545 captivorumque
3579 4475 3821 4531 multitu-

492 4571 676 4618 tonem
711 4582 894 4641 regem
927 4576 979 4622 et
1036 4567 1345 4621 Liudulfum
1379 4566 1549 4622 filium
1592 4570 1730 4636 ejus,
1761 4567 2103 4622 Chonradum
2132 4570 2330 4638 Ddine
2387 4585 2617 4641 regnum
2663 4568 3050 4644 ingrediuntur
3124 4567 3418 4623 Ludovvici.
3470 4569 3674 4641 Sicque
3729 4588 3817 4641 per

495 4673 716 4729 quoque
747 4659 943 4714 ducem
997 4666 1049 4714 et
1104 4660 1370 4731 quosdam
1424 4660 1580 4735 regni
1619 4659 1796 4730 ipsius
1827 4659 2105 4730 primates,

492 4746 790 4802 discordia.
823 4749 956 4803 Nato
987 4749 1259 4820 siquidem
1302 4749 1416 4821 regi
1450 4748 1562 4804 filio
1591 4765 1656 4802 ex
1678 4749 1946 4804 moderna
1975 4764 2108 4803 con-

484 4837 639 4912 juge,
673 4838 949 4895 ferebatur
978 4840 1160 4896 eidem
1194 4856 1364 4912 puero
1396 4856 1487 4895 rex
1529 4857 1760 4915 regnum
1787 4857 1944 4896 suum
1977 4855 2106 4910 pro-

2209 4679 2377 4734 pagos
2401 4662 2470 4695 ³³³
2502 4661 3027 4725 Veromandensem,
3062 4660 3481 4715 Laudunensem
3523 4670 3693 4733 atque
3723 4665 3815 4718 Re-

2208 4768 2476 4817 mensem,
2515 4750 2967 4804 Catalaunensem
3021 4765 3241 4821 quoque
3289 4756 3664 4816 transeuntes,
3698 4752 3818 4805 Bur-

2207 4840 2470 4914 gundiam
2522 4839 2742 4896 intrant.
2802 4840 3038 4904 Quorum
3085 4854 3193 4894 non
3252 4853 3418 4909 parva
3482 4855 3682 4895 manus
3719 4850 3813 4894 tam

1837 4975 2058 5031 VABIz’E
2083 4973 2460 5030 LECTIONES.

496 5157 531 5211 2
568 5084 1030 5192 9ffitaquibusdam,
1059 5084 1138 5211 in2
1158 5083 1364 5210 Italiam

542 5199 550 5208 .
685 5175 739 5228 p.
797 5173 842 5212 ο.
899 5173 948 5211 c.
1008 5173 1057 5228 r.
1150 5199 1158 5206 .
1249 5197 1262 5209 ο

1399 5083 1533 5156 ρεῼ.
1557 5084 1626 5118 ⁹⁰⁰
1657 5083 1966 5156 maroillum
1998 5083 2050 5137 3.
2105 5083 2175 5156 "9
2216 5081 2552 5156 ragenoldus
2585 5081 2660 5156 “2.

729 5200 739 5211 .
797 5173 842 5212 ο.
899 5173 948 5211 c.
1008 5173 1052 5211 r.
1104 5157 1158 5211 2.
1210 5157 1262 5210 3.
1323 5154 1411 5190 9”
1443 5154 1841 5210 Wicturiaciﬁl.
1892 5157 1961 5190 ⁹¹⁵
2013 5157 2095 5210 ita
2139 5155 2190 5208 1.
2248 5154 2302 5207 Ξῖ
2357 5154 2410 5206 3.

2721 5079 2777 5136 3.
2831 5081 3050 5150 saepius.
3093 5079 3157 5113 ⁹¹¹
3209 5078 3276 5132 iis
3306 5079 3359 5132 2.
3393 5079 3445 5150 3.
3475 5079 3814 5150 97'27robertus

2459 5151 2708 5224 partibus
2729 5152 2822 5224 idu
2852 5149 3067 5224 Chcsne.
3111 5152 3276 5219 Bouq.
3311 5151 3381 5183 ⁹¹⁶
3433 5149 3505 5203 ibi
3539 5149 3611 5224 3.7
3650 5152 3715 5186 θίτ
3742 5153 3810 5206 illi

503 5229 552 5282 1·
594 5223 750 5301 met
787 5228 846 5301 3.
901 5229 970 5301 θίξ
1011 5227 1426 5301 alloquium__I.
1462 5228 1559 5301 _9?°
1598 5242 1665 5282 eo
1686 5227 1770 5301 _2,
1795 5227 1880 5301 _3.
1907 5228 1991 5301 fi"
2030 5243 2102 5301 _c.
2142 5225 2186 5279 si
2228 5242 2258 5278 a
2284 5224 2343 5301 2._
2398 5223 2469 5301 υἷε
2523 5223 2771 5301 deest}.
2805 5223 2875 5256 ⁹²³
2921 5237 3112 5301 regen.
3162 5238 3305 5301 Sorr;
3347 5223 3645 5301 Mr_agen,2.
3678 5224 3808 5301 “‘9.

498 5317 570 5354 m.
622 5301 675 5355 2.
726 5300 778 5356 3.
831 5300 905 5372 _9’5
936 5296 1175 5354 Collecte
1228 5301 1282 5354 2.
1335 5299 1405 5333 ⁹²⁶
1459 5298 1751 5372 ἱεὶῐιιίτζίῖλ
1788 5298 1842 5352 3.
1904 5297 1971 5372 ⁰Α²⁷
2006 5296 2376 5372 interemptis

2649 5294 2717 5328 ⁹²⁸
2771 5309 2962 5348 versus
2987 5292 3101 5347 'est
3159 5293 3212 5346 2.
3266 5292 3315 5347 3.
3347 5293 3416 5326 9’9
3448 5292 3503 5346 in
3537 5295 3725 5349 urbem
3760 5295 3804 5350 3.

493 5371 563 5446 {3°
593 5370 943 5446 maguntiam
981 5372 1034 5424 2.
1083 5372 1137 5437 3,
1198 5363 1528 5425 constanter.
1589 5370 1653 5446 9f"
1715 5370 1858 5446 deest
1910 5369 2070 5446 2mm
2101 5363 2304 5446 inrept,
2543 5364 3073 5446 93fbaiorian12;93f
3105 5363 3434 5418 metensium
3466 5366 3520 5419 3.
3549 5365 3803 5446 mmortatu

492 5441 546 5495 2.
589 5437 890 5518 936-7‘0110'
923 5442 1062 5496 LIIII
1115 5451 1240 5512 post
1298 5441 1781 5514 nongentesimum
1836 5441 1887 5494 1.
1931 5441 1999 5474 9³⁷
2057 5437 2275 5513 ragnari
2323 5439 2374 5492 1.
2433 5439 2502 5472 9³⁸
2560 5437 2903 5508 niminiaque
2955 5437 3006 5490 3.
3052 5440 3303 5505 typomm
3357 5451 3554 5490 errore.
3610 5437 3677 5470 93°
3722 5453 3804 5507 pa-

2093 5579 2302 5636 ΝΟΤᾹΞ.

567 5689 724 5757 (109)
747 5691 819 5744 De
847 5691 1178 5761 Berengario
1215 5691 1554 5746 Flodoardus
1582 5689 1858 5762 c0gitassc
1888 5688 2142 5745 videtur:
2176 5689 2295 5745 Otto
2328 5689 2431 5745 hoc
2450 5705 2596 5746 anno
2612 5688 2842 5744 minime
2873 5686 2926 5742 in
2958 5685 3165 5742 Italiam
3181 5685 3351 5742 venit.

491 5527 623 5584 gum
651 5515 707 5568 2.
