3972 6206
200 246 306 301 485

1703 240 2018 295 ANNALES.

3435 246 3543 305 486

210 373 363 430 tharii
411 371 608 428 fideles
644 369 928 435 tenebant,
971 369 1272 426 Rotbertus
1312 370 1474 427 frater
1529 370 1817 435 Heriberti,
1844 375 1894 442 Α
1926 369 2010 423 tiit
2040 371 2150 435 ‘0’“,
2180 368 2347 441 eiqne
2376 368 2467 425 hic
2512 369 2681 426 frater
2734 372 2875 441 ejus,
2921 390 2990 430 ne
3020 375 3233 453 Hugoni
3269 365 3541 438 Remens}

213 464 425 520 fidelem
459 461 608 535 regis
636 476 693 515 se
740 459 960 526 fallens,
992 460 1120 515 dolo
1154 461 1438 534 ingressus
1468 460 1695 529 invadit,
1732 479 1823 516 re-

213 555 311 627 giis
340 552 583 623 expulsis
614 550 958 605 custodibus.
1015 550 1088 603 Ad
1121 566 1283 621 quam
1327 550 1698 620 recipiendam
1734 568 1826 605 rex

216 660 331 699 cum
375 650 546 697 matre
588 641 779 715 regina
810 640 1109 711 profectus,
1143 642 1323 711 ipsum
1356 642 1574 697 obsidet
1608 645 1696 677 “’09
1727 661 1825 699 ca-

216 746 404 792 strum.
459 735 639 789 Bruno
694 734 784 768 ¹⁰¹⁰
834 734 1035 804 praesul
1091 750 1215 788 cum
1277 734 1730 791 Letharicnsibus
1776 744 1831 792 et

219 828 334 882 aliis
386 826 489 881 sibi
529 825 767 880 subditis
806 824 935 879 illuc
983 825 1304 891 adveniens,
1346 825 1569 881 obsides
1626 845 1656 881 a
1697 829 1829 883 Rot-

220 922 367 976 berto
410 918 642 989 accepit,
703 933 843 989 quos
894 919 1009 993 regi
1066 919 1308 974 tradidit.
1378 920 1616 983 Quorum
1667 937 1831 987 unus,

221 1011 449 1067 Odelrici
484 1010 571 1044 ¹⁰¹¹
614 1010 833 1064 comitis
867 1008 1032 1076 filius,
1067 1012 1316 1081 proditor
1344 1012 1735 1083 comprobatus
1784 1020 1837 1067 et

216 1103 491 1171 judicatus
521 1109 685 1174 atque
736 1101 1041 1156 decollatus
1072 1110 1176 1168 est,
1208 1103 1340 1156 alter
1383 1103 1537 1157 vivus
1568 1112 1833 1159 retentus.

222 1195 337 1249 Otto
369 1200 422 1248 et
445 1194 618 1266 Hugo,
654 1192 748 1247 filii
781 1194 1044 1268 Hugonis,
1080 1194 1355 1249 mediante
1387 1199 1657 1253 avunculo
1690 1199 1839 1270 ipso-

225 1307 338 1345 rum
371 1291 647 1356 Brunone,
696 1290 762 1343 ad
798 1304 983 1364 regem
1015 1289 1246 1343 veniunt
1293 1307 1356 1344 ac
1386 1292 1469 1344 sui
1503 1292 1835 1348 efficiuntur.

224 1385 458 1450 Quorum
493 1385 774 1459 Hugonem
814 1401 909 1439 rex
958 1385 1153 1440 ducem
1185 1388 1488 1453 constituit,
1535 1389 1720 1443 addito
1762 1388 1838 1442 illi

227 1490 362 1550 pago
417 1475 721 1529 Pictavensi
764 1474 831 1529 ad
882 1480 1080 1529 terram
1128 1492 1291 1546 quam
1335 1484 1488 1547 pater
1540 1478 1712 1548 ipsius
1759 1486 1843 1532 te-

228 1576 451 1632 nuerat;
482 1582 744 1622 concessa
776 1566 956 1621 Ottoni
1008 1568 1342 1643 Burgundia.
1376 1572 1617 1625 Audiens
1658 1579 1837 1627 autem

228 1658 429 1726 Bruno,
462 1658 728 1729 quosdam
758 1658 1049 1713 adversum
1082 1676 1141 1715 se
1188 1660 1623 1715 Lothariensium
1658 1663 1842 1716 insur-

530 1769 654 1806 cum
687 1753 1038 1808 festinatione
1064 1755 1388 1827 regreditur,
1423 1772 1553 1830 rege
1584 1757 1651 1810 ad
1686 1757 1841 1811 obsi-

225 1843 446 1898 dionem
478 1860 603 1898 cum
639 1844 757 1898 suis
786 1844 1138 1899 consobrinis
1159 1846 1406 1900 dimisso.
1450 1847 1678 1911 Quidam
1708 1850 1844 1903 Bru-

227 1936 382 1991 nonis
425 1936 690 1999 hostium,
751 1936 1042 1991 Rotbertus
1079 1938 1323 2005 nomine,
1376 1938 1711 1993 Namuurum
1754 1942 1844 1975 ¹⁰¹²

226 2032 368 2100 (113)
417 2039 659 2086 castrum
698 2030 1018 2097 muniebat;
1074 2031 1212 2086 alter
1253 2032 1422 2088 Immo
1477 2034 1842 2089 munitionem

226 2140 383 2193 quam
439 2123 633 2177 dicunt
671 2123 1124 2193 Capreemontem.
1166 2126 1243 2179 Ad
1282 2126 1439 2193 cujns
1496 2127 1841 2182 obsidionem

226 2231 529 2287 properans
592 2216 682 2251 ¹⁰¹³
739 2217 940 2281 Bruno,
1002 2217 1121 2272 loca
1182 2217 1611 2289 circumquaque
1680 2219 1845 2273 rebus

224 2308 487 2363 exhausta
520 2307 611 2342 ¹⁰¹⁴
659 2308 939 2378 repperit;
987 2309 1179 2380 sicque
1235 2310 1511 2364 alimentis
1541 2311 1629 2345 ¹⁰¹⁵
1665 2311 1843 2365 abun-

228 2402 448 2457 dantem
479 2401 699 2458 obsidet
718 2403 955 2459 hostem.
981 2404 1128 2457 Datis
1149 2419 1278 2478 ergo
1303 2405 1530 2478 treugis,
1566 2404 1843 2460 Coloniam

229 2496 557 2568 ingreditur.
594 2496 704 2549 Rex
731 2510 953 2566 quoque
984 2494 1291 2562 Lotharius,
1326 2494 1570 2550 Divionis
1604 2496 1694 2530 ¹⁰¹⁶
1726 2512 1848 2550 mu-

230 2586 437 2640 nitione
462 2592 706 2655 recepta,
733 2584 1173 2655 intromissisque
1199 2584 1524 2639 custodibus
1547 2584 1683 2652 suis,
1719 2585 1848 2640 Lau.

230 2675 435 2731 dunum
474 2691 728 2731 reversus
758 2683 859 2730 est.
889 2678 1045 2729 Anno

823 2768 1137 2825 DCCCCLX!
1170 2771 1257 2805 ¹⁰¹⁷

227 2840 381 2898 Wido
413 2841 618 2914 praesul
668 2841 1133 2897 Antisioderensis
1179 2842 1268 2877 ¹⁰¹⁸
1335 2842 1493 2898 obiit.
1555 2843 1674 2899 Otto
1706 2843 1850 2899 filius

228 2932 477 3009 Hugonis
534 2934 812 3005 quondam
869 2933 1135 3003 principis
1172 2934 1239 2988 ad
1297 2934 1513 3010 regem]
1536 2935 1848 2991 Lotharium

229 3020 283 3075 in
310 3022 447 3092 ipsis
486 3020 608 3076 festi
642 3021 918 3092 paschalis
945 3021 1145 3075 diebus
1192 3022 1513 3077 Laudunum
1546 3025 1718 3091 venit,
1751 3026 1849 3080 sed

231 3116 282 3163 et
312 3109 573 3165 nonnulli
616 3118 724 3164 tam
778 3109 1017 3164 Francize
1058 3126 1218 3180 quam
1282 3111 1608 3186 Burgundiae
1649 3130 1851 3182 proce-

234 3214 319 3253 res
370 3200 491 3253 ¹⁰¹9.
526 3198 785 3253 Placitum
841 3199 1024 3271 regale
1080 3199 1533 3272 diversorumque
1592 3202 1853 3257 10“con-

233 3295 427 3345 ventus
466 3289 778 3360 principum
812 3289 1126 3344 Suessionis
1158 3289 1422 3354 habetur;
1457 3291 1525 3344 ad
1557 3292 1704 3361 quod
1745 3292 1856 3346 im-

233 3382 602 3451 pediendum,
635 3381 681 3436 si
730 3381 848 3437 fieri
909 3389 1114 3452 posset,
1176 3382 1503 3448 Richardus,
1537 3382 1685 3438 ﬁlius
1723 3384 1862 3438 Wil-

233 3474 381 3529 lelmi
414 3475 772 3539 Nortmanni,
827 3475 1119 3541 accedens,
1161 3491 1191 3529 a
1222 3474 1480 3529 fidelibus
1539 3477 1684 3549 regis
1714 3475 1861 3547 qui-

235 3562 468 3619 busdam
520 3580 807 3635 pervasus,
843 3572 898 3618 et
928 3564 1289 3635 interemptis
1326 3580 1551 3619 suorum
1583 3565 1866 3619 nonnullis

236 3651 292 3705 in
347 3653 539 3727 fugam
584 3668 880 3708 conversus
937 3654 1024 3688 ¹⁰²¹
1055 3660 1156 3707 est.
1208 3654 1379 3727 Hugo,
1424 3653 1570 3708 filius
1623 3654 1861 3726 Rotgarii

236 3746 519 3814 quondam
542 3745 782 3811 comitis,
807 3745 1133 3801 adolescens
1160 3745 1251 3779 ¹⁰²²
1277 3745 1616 3818 defungitur,
1641 3753 1694 3800 et
1718 3746 1865 3816 apud

235 3843 489 3890 sanctum
552 3836 860 3910 Remigium
919 3837 1203 3908 sepelitur.
1268 3837 1523 3892 Artoldus
1580 3837 1868 3891 Remensis

241 3925 701 3995 archiepisc0pus
730 3924 970 3979 decessit
1009 3925 1100 3958 ¹⁰²³
1132 3925 1310 3995 pridie
1335 3924 1560 3979 Kalend.
1596 3925 1864 3981 Octobris.

244 4010 541 4066 Lothanus
570 4028 663 4066 rex
702 4028 824 4066 eum
875 4019 1049 4066 matre
1084 4012 1380 4088 [Gerberga
1412 4013 1553 4083 ¹⁰²³Ἲ
1596 4013 1787 4087 regina
1816 4021 1870 4068 et

246 4102 585 4172 quibusdam
620 4102 858 4158 Francire
893 4104 1213 4174 proceribus
1243 4104 1617 4180 Burgundiam
1666 4106 1824 4175 petiit
1857 4124 1871 4172 ;

1928 461 2183 516 redderet
2235 462 2326 495 ¹⁰²⁰
2364 462 2727 534 episcopium,
2782 475 2942 536 prout
2992 468 3188 525 fratres
3232 472 3406 542 ipsius
3459 476 3547 510 ¹⁰²⁷

1929 555 2189 626 petebant
2250 554 2423 624 (114),
2484 557 2777 629 suggessit.
2843 560 2963 614 Otto
3022 578 3112 615 rex
3173 564 3397 619 Romam
3454 585 3553 637 pa-

1930 647 2087 703 cifice
2142 647 2297 713 adiit,
2351 657 2407 702 et
2445 648 2758 703 amabiliter
2790 660 3073 721 exceptus,
3132 666 3295 727 atque
3338 659 3551 715 honore

1932 736 2045 791 illic
2077 736 2352 807 imperiali
2383 737 2707 791 sublimatus
2736 746 2838 792 est.
2875 740 3025 803 Quod
3060 744 3423 818 Berengarius
3456 751 3554 804 lta-

1937 825 2023 880 liae
2052 841 2143 879 rex
2174 826 2401 899 indigne
2432 825 2637 891 ferens,
2672 828 2949 901 regiones,
2984 846 3122 901 quas
3160 849 3351 905 regere
3382 836 3555 890 debe-

1935 916 2049 982 bat,
2098 916 2395 970 incendere
2435 924 2599 987 atque
2626 926 2837 973 vastare
2865 922 3051 991 coepit.
3101 924 3553 993 Rex',Lotharius

1935 1008 2152 1062 locutus
2183 1024 2304 1062 cum
2338 1008 2566 1082 Hugone
2607 1010 2941 1067 consobrino
2970 1028 3091 1080 suo,
3144 1016 3346 1083 petitus
3373 1029 3457 1072 est
3485 1020 3551 1073 ab

1937 1119 2024 1170 eo,
2056 1110 2114 1156 ut
2142 1102 2369 1173 praefato
2416 1104 2627 1176 llugoni
2659 1104 2985 1160 Remensem
3044 1109 3294 1164 restituat
3332 1113 3553 1181 episco-

1939 1203 2155 1263 patum;
2190 1194 2433 1265 indeque
2462 1194 2713 1249 inducias
2744 1197 3095 1265 paciscuntur
3123 1216 3295 1272 usque
3343 1205 3408 1257 ad
3438 1222 3557 1258 me-

1940 1282 2089 1336 dium
2115 1282 2321 1337 mensis
2348 1283 2568 1353 Aprilis.
2599 1286 2851 1355 Synodus
2877 1290 3137 1343 tredecim
3168 1292 3555 1360 episcoporum

1942 1371 1995 1424 in
2031 1387 2169 1445 pago
2196 1371 2461 1425 Meldensi
2514 1389 2683 1443 super
2709 1374 2998 1430 Maternam
3048 1378 3296 1444 fluvium,
3346 1396 3409 1434 ex
3444 1382 3554 1436 Re-

1942 1464 2115 1517 mensi
2165 1463 2424 1518 videlicet
2481 1481 2542 1517 ac
2599 1467 2905 1521 Senonensi
2956 1468 3185 1534 diocesi,
3228 1472 3556 1542 celebratur,

1946 1554 2272 1625 praesidente
2303 1555 2607 1610 Senonensi
2644 1559 2899 1631 praesule,
2927 1564 3301 1636 satagentibus
3333 1567 3563 1637 quibus-

1943 1644 2068 1698 dam
2111 1644 2408 1715 episc0pis,
2442 1656 2498 1699 ut
2528 1647 2738 1719 Hugoni
2768 1652 3068 1718 saepedicto
3120 1653 3387 1709 Remense
3418 1658 3564 1711 redi-

1947 1733 2270 1787 beretur‘m
2296 1736 2658 1805 episcopium.
2678 1737 3058 1792 Renitentibus
3079 1748 3259 1796 autem
3285 1746 3562 1815 praecipue

1944 1825 2215 1880 Roricone
2249 1827 2597 1881 Laudunensi
2647 1836 2700 1882 et
2727 1828 2964 1884 Gibuino
2993 1830 3376 1889 Catalaunensi
3421 1854 3565 1907 prae-

1943 1921 2179 1983 sulibus,
2236 1930 2291 1975 et
2339 1922 2731 1986 asserentibus,
2763 1926 2909 1994 quod
2965 1943 2995 1980 a
3040 1935 3118 1982 tot
3146 1930 3421 2002 episc0pis
3475 1951 3564 1988 ex.

1944 2011 2381 2065 communicatus
2427 2028 2456 2066 a
2487 2012 2696 2069 minore
2739 2031 2968 2071 numero
3000 2018 3208 2074 absolvi
3268 2038 3375 2075 non
3409 2032 3567 2093 pote-

1944 2108 2025 2155 rat
2078 2102 2190 2167 ‘0”,
2237 2102 2310 2156 ita
2360 2104 2691 2175 relinquitur
2730 2122 2905 2177 usque
2955 2109 3020 2162 ad
3076 2110 3565 2184 interrogationem

1945 2209 2103 2264 papae
2156 2194 2409 2249 Romani.
2458 2196 2552 2250 Die
2588 2198 2680 2230 ¹⁰³⁰
2723 2199 3021 2254 nativitatis
3072 2201 3311 2257 dominae
3373 2215 3573 2259 nostra:

1946 2283 2042 2337 Dei
2085 2284 2373 2357 genitricis
2402 2285 2777 2342 daemoniacus
2825 2290 3071 2359 quidam,
3128 2307 3317 2347 servus
3352 2294 3574 2356 Gerber,

1946 2394 2028 2450 gae
2060 2378 2286 2451 reginae,
2332 2381 2514 2435 nudus
2545 2397 2811 2437 accurens
2857 2400 2955 2453 per
2985 2385 3222 2440 mediam
3262 2389 3569 2442 aécclesiam

1949 2481 2125 2535 usque
2175 2468 2240 2519 ad
2271 2467 2461 2533 altare,
2522 2469 2729 2523 ibidem
2766 2479 3065 2541 prostratus
3098 2476 3271 2542 jacuit
3326 2480 3571 2548 ut'gmor-

1949 2562 2098 2621 tuus,
2130 2558 2350 2611 tandem
2384 2558 2520 2613 ¹⁰³¹ει
2553 2576 2789 2631 nequam
2820 2564 3014 2633 spiritu
3047 2581 3281 2634 surgens
3313 2579 3575 2642 purgatus

1950 2652 2050 2701 est.
2088 2647 2209 2717 Ipsa
2256 2646 2347 2700 die
2387 2648 2610 2718 quidam
2643 2666 2822 2705 caecus
2862 2653 3085 2708 nomine
3136 2655 3431 2711 Harbertus
3482 2659 3574 2691 ¹⁰³²

1951 2731 2158 2787 ibidem
2191 2743 2273 2788 est
2303 2734 2643 2791 illuminatus
2686 2738 2793 2792 ‘033.

2025 2822 2137 2876 Rex
2178 2823 2269 2856 ¹⁰³⁵
2298 2822 2582 2879 Lotharius
2619 2842 2742 2881 cum
2775 2828 3000 2884 Arnulfo
3052 2831 3302 2902 principe
3335 2833 3573 2899 locutus,

1951 2928 2142 2982 pacem
2199 2912 2327 2969 fecit
2369 2915 2511 2969 inter
2540 2917 2716 2987 ipsum
2751 2926 2804 2972 et
2843 2927 3100 2990 nepotem
3140 2922 3311 2992 ipsius
3361 2924 3580 2977 omoni-

1952 3020 2099 3057 mum
2138 3005 2228 3039 ¹⁰³⁵
2268 3006 2416 3073 ejus;
2475 3026 2640 3079 quem
2702 3010 2980 3065 infensum
3034 3014 3052 3081 [
3087 3013 3175 3069 hic
3223 3030 3407 3069 comes
3439 3016 3575 3085 103“]

1956 3089 2192 3145 habebat
2236 3092 2308 3147 ob
2366 3111 2558 3149 necem
2602 3096 2784 3152 fratris
2833 3100 3083 3167 ejusdem
3124 3118 3284 3173 quem
3335 3104 3404 3158 de
3453 3102 3585 3177 infi-

1957 3180 2182 3235 delitate
2216 3183 2303 3217 ¹⁰³⁷
2336 3201 2434 3238 sua
2466 3186 2554 3221 ³0³⁸
2590 3187 2998 3258 deprehensum
3033 3192 3175 3246 idem
3214 3209 3399 3249 comes
3440 3195 3585 3249 inte-

1962 3271 2083 3325 rimi
2142 3271 2364 3328 fecerat.
2418 3275 2566 3331 Tunc
2624 3279 2740 3348 ipse
2806 3282 3062 3352 princeps
3112 3299 3331 3339 omnem
3383 3292 3582 3340 terram

1965 3378 2119 3416 suam
2160 3362 2217 3416 in
2270 3381 2434 3419 manu
2476 3368 2621 3441 regis
2676 3370 2849 3438 dedit,
2892 3374 2963 3428 ita
2995 3384 3177 3431 tamen
3224 3385 3283 3431 ut
3340 3378 3457 3448 ipse
3495 3380 3585 3412 ¹⁰³⁹

1966 3454 2020 3507 in
2051 3454 2160 3507 vita
2190 3471 2289 3509 sua
2332 3456 2457 3510 inde
2491 3458 2793 3515 honoratus
2824 3465 3101 3522 existeret.
3135 3467 3431 3524 Tetbaldus
3463 3471 3589 3541 qui-

1964 3546 2089 3600 dam
2120 3546 2212 3580 ¹⁰⁴⁰
2262 3563 2385 3601 cum
2416 3550 2765 3606 Nortmannis
2810 3557 3138 3631 confligens,
3182 3561 3358 3615 victus
3398 3569 3480 3616 est
3517 3563 3587 3616 ab

1966 3638 2068 3704 eis,
2123 3646 2177 3693 et
2234 3638 2357 3714 fuga
2422 3641 2668 3712 dilapsus
2710 3648 2901 3700 evasit.
2963 3650 3063 3713 Qui
3102 3653 3377 3708 seniorem
3427 3670 3590 3711 suum

1968 3727 2251 3800 Hugonem
2306 3731 2537 3799 proinde
2576 3732 2850 3788 infensum
2906 3738 2990 3772 '0“
3026 3740 3259 3807 habens,
3307 3744 3374 3797 ad
3404 3760 3589 3819 regem

1965 3816 2145 3882 venit;
2181 3835 2211 3872 a
2239 3835 2369 3889 quo,
2405 3821 2500 3874 sed
2552 3828 2605 3875 et
2635 3839 2665 3877 a
2717 3825 2903 3897 regina
2953 3827 3229 3905 Gerberga
3270 3833 3379 3899 '0“,
3432 3816 3593 3889 beni-

1966 3925 2075 3980 gne
2155 3920 2468 3982 susceptus,
2525 3921 2579 3968 et
2631 3915 2746 3969 miti
2807 3919 3182 3975 consolatione
3251 3922 3591 3995 refocilatus,

1972 3996 2254 4053 abscessit.
2316 3999 2598 4055 Vulfaldus
2649 4002 2988 4074 ‘0”,Labbas
3044 4012 3359 4064 monasterii
3413 4016 3590 4068 sancti

1979 4092 2280 4159 Benedicti,
2340 4096 2538 4165 praesul
2580 4094 2816 4151 efﬁcitur
2870 4099 3025 4153 urbis
3073 4102 3161 4135 ‘0“
3217 4104 3587 4162 Carnotensis.

242 4211 356 4265 quo
389 4197 623 4268 quidam
655 4213 717 4251 ex
752 4196 1041 4268 Aquitania
1091 4197 1176 4231 1°“
1230 4198 1493 4268 praesules
1524 4213 1588 4253 ac
1618 4198 1846 4267 primate

1978 4183 2200 4257 Legatio
2229 4185 2458 4240 veniens
2496 4202 2525 4239 a
2559 4186 2647 4221 ¹⁰⁴⁵
2677 4187 2929 4243 Johanne
2985 4208 3146 4261 papa,
3180 4194 3393 4249 intimat
3444 4213 3590 4265 prae.-

252 4288 321 4341 ad
356 4304 491 4343 eum
513 4297 808 4344 venerunt.
844 4290 999 4344 Anno

886 4379 1245 4436 DCCCCLX“.

1978 4274 2146 4331 fatum
2201 4277 2481 4352 llugonem
2514 4280 2789 4350 quondam
2848 4282 3169 4353 episcOpum
3204 4294 3312 4340 tam
3374 4288 3441 4341 ab
3474 4289 3593 4359 ipso

1978 4381 2119 4436 papa
2149 4381 2312 4437 quam
2352 4366 2419 4420 ab
2444 4366 2589 4421 omni
2625 4367 2866 4421 Romana
2894 4371 3105 4440 synodo
3138 4376 3589 4430 excommunica-

242 4448 533 4526 Gerberga
572 4450 763 4525 regina
816 4430 1327 4508 fratrisvﬁru—nonis
1378 4451 1719 4525 colloquium
1777 4430 2109 4524 pe-Dtum,
2151 4430 2247 4511 sed
2279 4464 2334 4511 et
2362 4457 2453 4492 ¹⁰⁵⁶
2497 4458 2564 4512 ab
2618 4459 2724 4514 alia
2762 4430 2973 4531 synodo
3002 4464 3149 4533 apud
3190 4464 3409 4536 Papiam
3442 4466 3591 4523 cele-

1605 4606 1827 4662 VARl/E
1865 4607 2246 4664 LECTIONES.

321 4701 417 4736 ¹⁰⁰⁹
444 4702 594 4757 deest
640 4703 691 4758 1.
778 4703 869 4739 ¹⁰¹⁰
925 4712 1161 4759 castrum
1218 4704 1396 4760 bruno
1444 4707 1492 4760 1.

247 4772 761 4855 “uapproperans
793 4775 833 4855 ξ
1022 4777 1119 4855 ἰξξιέ
1158 4784 1380 4855 exausta
1418 4776 1471 4829 2.

248 4860 475 4947 gesnmo
510 4862 687 4913 primo
714 4860 761 4900 1.
791 4860 843 4899 Ζ.
889 4860 940 4901 :5.
1021 4860 1109 4881 ιυισ
1135 4860 1456 4929 auusnodor.
1489 4860 1523 4901 2
1574 4860 1716 4928 antis

272 4914 342 4948 ⁰²¹
377 4931 582 4969 versus
616 4918 651 4970 2
713 4916 765 4973 3.
850 4916 939 4951 ¹⁰²²
968 4918 1112 4971 deest
1150 4918 1199 4973 3.
1282 4918 1372 4953 ³0³³
1404 4926 1632 4973 recessnt
1668 4919 1720 4973 2.

248 4984 344 5059 ff)?“
372 4986 717 5059 redderetur
762 4989 815 5042 2.
846 4988 898 5041 3.
987 4989 1075 5022 ¹⁰²⁷
1114 4988 1278 5043 frater
1316 4989 1434 5055 ejus
1485 4989 1704 5059 petebat
1732 4990 1785 5043 2.
1820 4991 1871 5044 3.

250 5055 612 5128 illuminatus
640 5062 699 5113 in
734 5062 843 5128 ﬁne
867 5063 1000 5114 anni
1032 5060 1295 5114 habentur
1325 5060 1377 5113 2.
1412 5055 1499 5115 2‘.
1530 5061 1563 5113 3

249 5126 449 5182 bertus
477 5128 513 5181 3
613 5126 775 5184 ¹⁰³³ῖη
815 5131 854 5183 Ι.
902 5129 954 5183 2.
988 5130 1040 5185 3.

248 5197 417 5273 2.3.
514 5197 606 5273 ¹⁰²ξ⁰
636 5201 689 5273 d.
737 5209 797 5273 ut
849 5201 1052 5273 tripse
1078 5201 1134 5255 2.
1209 5202 1318 5273 ί¹⁰⁴⁰
1344 5201 1570 5273 quidem
1600 5202 1651 5257 2.
1688 5202 1737 5256 3.

250 5268 689 5338 meamne.
756 5268 1012 5325 ‘°‘5ab2.
1041 5273 1094 5328 3.
1180 5268 1445 5327 ιωθάεῐεει
1482 5273 1539 5327 2.

1573 4704 1919 4759 muodalrici
1972 4706 2025 4759 2.
2086 4708 2137 4760 3.

1556 4777 1645 4811 ¹⁰¹⁵
1685 4777 1769 4830 ab.
1805 4776 1853 4829 al
1914 4777 1969 4829 2.
2011 4778 2062 4829 3.

288 4845 475 4899 esimo
510 4846 687 4913 primo
714 4849 761 4900 1.
791 4846 843 4899 2.
889 4846 940 4901 3.
1021 4845 1109 4881 ¹⁰¹⁸
1135 4848 1456 4902 antisiodor.
1489 4848 1523 4901 2
1574 4847 1897 4902 antisiodor.
1930 4848 1982 4903 3.
2060 4847 2148 4881 ¹⁰¹⁹
2180 4849 2323 4903 deest
2352 4853 2400 4903 1.

1809 4919 1899 4952 ¹⁰²³
1919 4920 2059 4972 deest
2092 4920 2141 4970 1.

1672 5060 1756 5094 1031

1133 5068 1295 5114 tentur
1325 5068 1377 5113 2.
1412 5068 1488 5115 2'.
1530 5068 1563 5113 3
1672 5068 1756 5094 ¹υ³ι
1790 5068 1826 5114 t.
1852 5077 1934 5130 sp.
1967 5077 2010 5114 s.
2049 5076 2204 5163 purg.
2259 5068 2345 5114 est
2371 5068 2637 5118 inmundo
2664 5068 2715 5118 2.
2752 5068 2784 5119 3
2810 5069 2860 5120 h.
2946 5069 3035 5103 1°33
3067 5070 3220 5124 herbe

1133 5131 1223 5165 ¹⁰³⁴
1253 5132 1469 5185 deest2.
1542 5130 1633 5165 ¹⁰³³
1662 5146 1964 5186 ononmum
2000 5133 2021 5184 1
2146 5134 2160 5165 ¹
2191 5130 2236 5164 ³⁸
2263 5131 2452 5185 desunt
2491 5134 2541 5186 1.
2610 5135 2697 5167 ¹⁰³⁷
2730 5137 3045 5194 infirmitate
3088 5140 3143 5195 2.
3187 5140 3220 5196 3

1831 5203 1917 5236 19“
1951 5201 2222 5257 olfensum
2253 5202 2306 5256 2.
2342 5203 2393 5256 3.
2466 5203 2556 5236 ‘0”
2585 5221 2639 5276 g.
2685 5222 2727 5259 ι’.
2777 5208 2830 5263 2.
2864 5210 2913 5262 3.

2220 4708 2411 4763 “mite
2466 4710 2516 4765 1.
2575 4712 2891 4767 manuvium
2946 4713 2999 4766 2.
3044 4712 3095 4767 3.
3144 4714 3457 4769 manurium
3509 4715 3591 4772 2'.

2145 4778 2233 4857 Ψιςῖ
2256 4780 2559 4857 divioneu2.
2614 4785 2716 4857 ,ἔθη
2750 4792 2872 4855 post
2914 4784 3401 4857 nongentesimum
3435 4802 3597 4841 sexa-

2476 4852 2566 4886 ¹υ²⁰
2595 4852 2934 4910 diversarum
2956 4852 3095 4909 corr.
3158 4856 3498 4913 diversorum
3541 4860 3595 4917 1.

2238 4921 2689 4997 ‘Waquitaniam
2744 4926 2777 4981 3
2879 4928 2967 4961 “’35
3002 4927 3166 4997 peciit
3218 4928 3271 4981 2.
3322 4934 3372 4983 et
3413 4931 3589 4995 infra.

1962 4989 2050 5023 1°33
2075 4988 2419 5067 redderetur
2441 4992 2498 5044 Β.
2541 4995 2597 5067 2.
2637 4996 2683 5067 3,
2771 4998 2859 5031 ³0³9
2894 4988 3215 5067 potuerat2.
3288 4999 3377 5033 ¹⁰³⁰
3403 4988 3497 5053 Die
3530 5031 3600 5041 —

2259 5068 2345 5114 est
2371 5061 2637 5118 inmundo
2664 5066 2715 5118 2.
2752 5068 2784 5119 3
2810 5069 2860 5120 h.
2894 5061 2907 5067 ’
2946 5069 3035 5103 ι⁰³²
3067 5070 3350 5125 herbertus
3371 5071 3422 5123 2.
3450 5072 3599 5125 heri-

3336 5142 3426 5176 ¹⁰³⁸
3457 5143 3598 5197 deest

3004 5211 3096 5244 “"3
3127 5211 3404 5268 vulioldus
3455 5213 3509 5269 2.
3543 5212 3595 5269 3.

1840 5370 2047 5425 ΝΟΤΑΞ.

334 5468 383 5537 (1
406 5466 491 5535 l3)
542 5468 775 5521 Namur.

2071 5472 2213 5543 (114)
2252 5471 2470 5527 Scilicet
2501 5471 2767 5545 Hugonis,
2800 5475 3068 5531 Heriberti
3111 5478 3228 5534 ﬁlii.
