  <div class='ocr_page' id='page_1' title='image "/cluster/home/n/w/nwhite01/storage/ocr_20150623/134-135/uva.x000829784/825.png"; bbox 0 0 3972 6206; ppageno 0'>
   <div class='ocr_carea' id='block_1_1' title="bbox 378 291 488 349">
    <p class='ocr_par' dir='ltr' id='par_1_1' title="bbox 378 291 488 349">
     <span class='ocr_line' id='line_1_1' title="bbox 378 291 488 349; baseline -0.027 -1"><span class='ocrx_word' id='word_1_1' title='bbox 378 291 488 349; x_wconf 77' lang='grc'><strong>487</strong></span> 
     </span>
    </p>
   </div>
   <div class='ocr_carea' id='block_1_2' title="bbox 1524 279 2603 339">
    <p class='ocr_par' dir='ltr' id='par_1_2' title="bbox 1524 279 2603 339">
     <span class='ocr_line' id='line_1_2' title="bbox 1524 279 2603 339; baseline -0.006 -1"><span class='ocrx_word' id='word_1_2' title='bbox 1524 282 1892 338; x_wconf 78' lang='lat' dir='ltr'><strong>FLODOARDI</strong></span> <span class='ocrx_word' id='word_1_3' title='bbox 1934 283 2008 337; x_wconf 84' lang='lat' dir='ltr'><strong>CA</strong></span> <span class='ocrx_word' id='word_1_4' title='bbox 2019 283 2146 339; x_wconf 87' lang='lat' dir='ltr'><strong>NON</strong></span> <span class='ocrx_word' id='word_1_5' title='bbox 2153 281 2238 337; x_wconf 83' lang='lat' dir='ltr'><strong>[Cl</strong></span> <span class='ocrx_word' id='word_1_6' title='bbox 2278 279 2603 336; x_wconf 81' lang='lat' dir='ltr'><strong>REMENSIS</strong></span> 
     </span>
    </p>
   </div>
   <div class='ocr_carea' id='block_1_3' title="bbox 3632 276 3749 332">
    <p class='ocr_par' dir='ltr' id='par_1_3' title="bbox 3632 276 3749 332">
     <span class='ocr_line' id='line_1_3' title="bbox 3632 276 3749 332; baseline 0 0"><span class='ocrx_word' id='word_1_7' title='bbox 3632 276 3749 332; x_wconf 73' lang='grc'><strong>488</strong></span> 
     </span>
    </p>
   </div>
   <div class='ocr_carea' id='block_1_4' title="bbox 376 405 3749 491">
    <p class='ocr_par' dir='ltr' id='par_1_4' title="bbox 376 405 3749 491">
     <span class='ocr_line' id='line_1_4' title="bbox 376 405 3749 491; baseline -0.004 -17"><span class='ocrx_word' id='word_1_8' title='bbox 376 405 551 477; x_wconf 63' lang='lat' dir='ltr'><strong>biata.</strong></span> <span class='ocrx_word' id='word_1_9' title='bbox 607 419 768 489; x_wconf 86' lang='lat' dir='ltr'><strong>Cujus</strong></span> <span class='ocrx_word' id='word_1_10' title='bbox 798 416 1091 491; x_wconf 75' lang='lat' dir='ltr'><strong>legationis</strong></span> <span class='ocrx_word' id='word_1_11' title='bbox 1123 413 1325 471; x_wconf 77' lang='lat' dir='ltr'><strong>redditi</strong></span> <span class='ocrx_word' id='word_1_12' title='bbox 1354 413 1619 469; x_wconf 78' lang='lat' dir='ltr'><strong>certiores</strong></span> <span class='ocrx_word' id='word_1_13' title='bbox 1660 429 1761 484; x_wconf 91' lang='lat' dir='ltr'><strong>per</strong></span> <span class='ocrx_word' id='word_1_14' title='bbox 1790 413 1999 469; x_wconf 90' lang='lat' dir='ltr'><strong>Bruno-</strong></span> <span class='ocrx_word' id='word_1_15' title='bbox 2022 420 2071 488; x_wconf 71' lang='grc' dir='ltr'><strong>Α</strong></span> <span class='ocrx_word' id='word_1_16' title='bbox 2175 412 2297 468; x_wconf 90' lang='lat' dir='ltr'><strong>Otto</strong></span> <span class='ocrx_word' id='word_1_17' title='bbox 2349 411 2647 482; x_wconf 83' lang='lat' dir='ltr'><strong>imperator</strong></span> <span class='ocrx_word' id='word_1_18' title='bbox 2697 407 2767 463; x_wconf 90' lang='lat' dir='ltr'><strong>ab</strong></span> <span class='ocrx_word' id='word_1_19' title='bbox 2818 406 2956 463; x_wconf 88' lang='lat' dir='ltr'><strong>urbe</strong></span> <span class='ocrx_word' id='word_1_20' title='bbox 3006 406 3179 463; x_wconf 89' lang='lat' dir='ltr'><strong>Roma</strong></span> <span class='ocrx_word' id='word_1_21' title='bbox 3219 405 3569 480; x_wconf 83' lang='lat' dir='ltr'><strong>regrediens,</strong></span> <span class='ocrx_word' id='word_1_22' title='bbox 3631 405 3749 461; x_wconf 83' lang='lat' dir='ltr'><strong>Co-</strong></span> 
     </span>
    </p>
   </div>
   <div class='ocr_carea' id='block_1_5' title="bbox 376 502 1999 577">
    <p class='ocr_par' dir='ltr' id='par_1_5' title="bbox 376 502 1999 577">
     <span class='ocr_line' id='line_1_5' title="bbox 376 502 1999 577; baseline -0.004 -14"><span class='ocrx_word' id='word_1_23' title='bbox 376 525 503 565; x_wconf 91' lang='lat' dir='ltr'><strong>nem</strong></span> <span class='ocrx_word' id='word_1_24' title='bbox 533 507 1035 577; x_wconf 84' lang='lat' dir='ltr'><strong>archiepiscopum,</strong></span> <span class='ocrx_word' id='word_1_25' title='bbox 1067 504 1336 576; x_wconf 76' lang='lat' dir='ltr'><strong>elegimus</strong></span> <span class='ocrx_word' id='word_1_26' title='bbox 1374 503 1442 557; x_wconf 88' lang='lat' dir='ltr'><strong>ad</strong></span> <span class='ocrx_word' id='word_1_27' title='bbox 1473 502 1855 572; x_wconf 80' lang='lat' dir='ltr'><strong>episcOpatum</strong></span> <span class='ocrx_word' id='word_1_28' title='bbox 1910 502 1999 537; x_wconf 73' lang='grc'><strong>¹⁰⁸⁷</strong></span> 
     </span>
    </p>
   </div>
   <div class='ocr_carea' id='block_1_6' title="bbox 377 591 2004 660">
    <p class='ocr_par' dir='ltr' id='par_1_6' title="bbox 377 591 2004 660">
     <span class='ocr_line' id='line_1_6' title="bbox 377 591 2004 660; baseline -0.005 -7"><span class='ocrx_word' id='word_1_29' title='bbox 377 599 705 653; x_wconf 88' lang='lat' dir='ltr'><strong>Remensem</strong></span> <span class='ocrx_word' id='word_1_30' title='bbox 762 593 1073 649; x_wconf 89' lang='lat' dir='ltr'><strong>Odelricum</strong></span> <span class='ocrx_word' id='word_1_31' title='bbox 1124 592 1213 627; x_wconf 76' lang='grc'><strong>¹⁰⁴⁸</strong></span> <span class='ocrx_word' id='word_1_32' title='bbox 1261 592 1527 647; x_wconf 82' lang='lat' dir='ltr'><strong>illustrem</strong></span> <span class='ocrx_word' id='word_1_33' title='bbox 1572 591 1856 660; x_wconf 83' lang='lat' dir='ltr'><strong>clericum,</strong></span> <span class='ocrx_word' id='word_1_34' title='bbox 1892 592 2004 646; x_wconf 82' lang='lat' dir='ltr'><strong>Hu-</strong></span> 
     </span>
    </p>
   </div>
   <div class='ocr_carea' id='block_1_7' title="bbox 378 679 2001 759">
    <p class='ocr_par' dir='ltr' id='par_1_7' title="bbox 378 679 2001 759">
     <span class='ocr_line' id='line_1_7' title="bbox 378 679 2001 759; baseline -0.003 -19"><span class='ocrx_word' id='word_1_35' title='bbox 378 684 540 759; x_wconf 80' lang='lat' dir='ltr'><strong>gonis</strong></span> <span class='ocrx_word' id='word_1_36' title='bbox 582 682 867 752; x_wconf 81' lang='lat' dir='ltr'><strong>cujusdam</strong></span> <span class='ocrx_word' id='word_1_37' title='bbox 920 681 1137 737; x_wconf 91' lang='lat' dir='ltr'><strong>comitis</strong></span> <span class='ocrx_word' id='word_1_38' title='bbox 1199 679 1394 747; x_wconf 84' lang='lat' dir='ltr'><strong>ﬁlium,</strong></span> <span class='ocrx_word' id='word_1_39' title='bbox 1452 679 1671 735; x_wconf 76' lang='lat' dir='ltr'><strong>favente</strong></span> <span class='ocrx_word' id='word_1_40' title='bbox 1743 680 2001 735; x_wconf 89' lang='lat' dir='ltr'><strong>Lothario</strong></span> 
     </span>
    </p>
   </div>
   <div class='ocr_carea' id='block_1_8' title="bbox 384 768 2005 846">
    <p class='ocr_par' dir='ltr' id='par_1_8' title="bbox 384 768 2005 846">
     <span class='ocr_line' id='line_1_8' title="bbox 384 768 2005 846; baseline -0.005 -17"><span class='ocrx_word' id='word_1_41' title='bbox 384 789 512 846; x_wconf 76' lang='lat' dir='ltr'><strong>rege</strong></span> <span class='ocrx_word' id='word_1_42' title='bbox 563 788 685 827; x_wconf 92' lang='lat' dir='ltr'><strong>cum</strong></span> <span class='ocrx_word' id='word_1_43' title='bbox 717 770 909 845; x_wconf 81' lang='lat' dir='ltr'><strong>regina</strong></span> <span class='ocrx_word' id='word_1_44' title='bbox 964 777 1137 824; x_wconf 92' lang='lat' dir='ltr'><strong>matre</strong></span> <span class='ocrx_word' id='word_1_45' title='bbox 1178 768 1513 840; x_wconf 79' lang='lat' dir='ltr'><strong>praefatoque</strong></span> <span class='ocrx_word' id='word_1_46' title='bbox 1570 769 1843 823; x_wconf 90' lang='lat' dir='ltr'><strong>Brunone.</strong></span> <span class='ocrx_word' id='word_1_47' title='bbox 1881 768 2005 833; x_wconf 83' lang='lat' dir='ltr'><strong>Qui-</strong></span> 
     </span>
    </p>
   </div>
   <div class='ocr_carea' id='block_1_9' title="bbox 377 856 2000 934">
    <p class='ocr_par' dir='ltr' id='par_1_9' title="bbox 377 856 2000 934">
     <span class='ocr_line' id='line_1_9' title="bbox 377 856 2000 934; baseline -0.004 -18"><span class='ocrx_word' id='word_1_48' title='bbox 377 877 487 934; x_wconf 92' lang='lat' dir='ltr'><strong>que</strong></span> <span class='ocrx_word' id='word_1_49' title='bbox 526 860 713 916; x_wconf 84' lang='lat' dir='ltr'><strong>Remis</strong></span> <span class='ocrx_word' id='word_1_50' title='bbox 741 858 1032 915; x_wconf 89' lang='lat' dir='ltr'><strong>ordinatur</strong></span> <span class='ocrx_word' id='word_1_51' title='bbox 1080 857 1147 911; x_wconf 89' lang='lat' dir='ltr'><strong>ab</strong></span> <span class='ocrx_word' id='word_1_52' title='bbox 1184 857 1461 927; x_wconf 85' lang='lat' dir='ltr'><strong>episcopis</strong></span> <span class='ocrx_word' id='word_1_53' title='bbox 1490 856 1724 912; x_wconf 89' lang='lat' dir='ltr'><strong>Widone</strong></span> <span class='ocrx_word' id='word_1_54' title='bbox 1771 856 2000 911; x_wconf 90' lang='lat' dir='ltr'><strong>Suesso-</strong></span> 
     </span>
    </p>
   </div>
   <div class='ocr_carea' id='block_1_10' title="bbox 382 946 2003 1018">
    <p class='ocr_par' dir='ltr' id='par_1_10' title="bbox 382 946 2003 1018">
     <span class='ocr_line' id='line_1_10' title="bbox 382 946 2003 1018; baseline -0.004 -11"><span class='ocrx_word' id='word_1_55' title='bbox 382 951 530 1018; x_wconf 90' lang='lat' dir='ltr'><strong>nico,</strong></span> <span class='ocrx_word' id='word_1_56' title='bbox 565 950 833 1006; x_wconf 89' lang='lat' dir='ltr'><strong>Roricone</strong></span> <span class='ocrx_word' id='word_1_57' title='bbox 894 948 1267 1014; x_wconf 89' lang='lat' dir='ltr'><strong>Laudunensi,</strong></span> <span class='ocrx_word' id='word_1_58' title='bbox 1328 947 1560 1001; x_wconf 84' lang='lat' dir='ltr'><strong>Gibuino</strong></span> <span class='ocrx_word' id='word_1_59' title='bbox 1600 946 2003 1013; x_wconf 86' lang='lat' dir='ltr'><strong>Catalaunensi,</strong></span> 
     </span>
    </p>
   </div>
   <div class='ocr_carea' id='block_1_11' title="bbox 380 1036 2004 1106">
    <p class='ocr_par' dir='ltr' id='par_1_11' title="bbox 380 1036 2004 1106">
     <span class='ocr_line' id='line_1_11' title="bbox 380 1036 2004 1106; baseline -0.003 -9"><span class='ocrx_word' id='word_1_60' title='bbox 380 1040 617 1097; x_wconf 81' lang='lat' dir='ltr'><strong>Hadulfo</strong></span> <span class='ocrx_word' id='word_1_61' title='bbox 669 1039 1047 1106; x_wconf 87' lang='lat' dir='ltr'><strong>Noviomensi,</strong></span> <span class='ocrx_word' id='word_1_62' title='bbox 1100 1036 1379 1093; x_wconf 86' lang='lat' dir='ltr'><strong>Wicfredo</strong></span> <span class='ocrx_word' id='word_1_63' title='bbox 1443 1037 1789 1091; x_wconf 82' lang='lat' dir='ltr'><strong>Virdunensi.</strong></span> <span class='ocrx_word' id='word_1_64' title='bbox 1849 1039 2004 1092; x_wconf 86' lang='lat' dir='ltr'><strong>Anno</strong></span> 
     </span>
    </p>
   </div>
   <div class='ocr_carea' id='block_1_12' title="bbox 1000 1128 1387 1185">
    <p class='ocr_par' dir='ltr' id='par_1_12' title="bbox 1000 1128 1387 1185">
     <span class='ocr_line' id='line_1_12' title="bbox 1000 1128 1387 1185; baseline -0.008 0"><span class='ocrx_word' id='word_1_65' title='bbox 1000 1128 1387 1185; x_wconf 81' lang='lat' dir='ltr'><strong>DCCCCLXIII.</strong></span> 
     </span>
    </p>
   </div>
   <div class='ocr_carea' id='block_1_13' title="bbox 383 1218 2005 1289">
    <p class='ocr_par' dir='ltr' id='par_1_13' title="bbox 383 1218 2005 1289">
     <span class='ocr_line' id='line_1_13' title="bbox 383 1218 2005 1289; baseline -0.004 -10"><span class='ocrx_word' id='word_1_66' title='bbox 383 1222 669 1279; x_wconf 82' lang='lat' dir='ltr'><strong>Odelricus</strong></span> <span class='ocrx_word' id='word_1_67' title='bbox 719 1220 809 1255; x_wconf 75' lang='grc'><strong>¹⁰⁴⁹</strong></span> <span class='ocrx_word' id='word_1_68' title='bbox 875 1220 1167 1274; x_wconf 90' lang='lat' dir='ltr'><strong>Remensis</strong></span> <span class='ocrx_word' id='word_1_69' title='bbox 1222 1218 1674 1289; x_wconf 86' lang='lat' dir='ltr'><strong>archiepiscOpus</strong></span> <span class='ocrx_word' id='word_1_70' title='bbox 1749 1233 2005 1289; x_wconf 86' lang='lat' dir='ltr'><strong>proceres</strong></span> 
     </span>
    </p>
   </div>
   <div class='ocr_carea' id='block_1_14' title="bbox 383 1306 2006 1381">
    <p class='ocr_par' dir='ltr' id='par_1_14' title="bbox 383 1306 2006 1381">
     <span class='ocr_line' id='line_1_14' title="bbox 383 1306 2006 1381; baseline -0.006 -13"><span class='ocrx_word' id='word_1_71' title='bbox 383 1313 644 1377; x_wconf 80' lang='lat' dir='ltr'><strong>Franciae,</strong></span> <span class='ocrx_word' id='word_1_72' title='bbox 693 1310 787 1381; x_wconf 88' lang='lat' dir='ltr'><strong>qui</strong></span> <span class='ocrx_word' id='word_1_73' title='bbox 828 1308 1208 1379; x_wconf 83' lang='lat' dir='ltr'><strong>possessiones</strong></span> <span class='ocrx_word' id='word_1_74' title='bbox 1263 1308 1530 1378; x_wconf 91' lang='lat' dir='ltr'><strong>quasdam</strong></span> <span class='ocrx_word' id='word_1_75' title='bbox 1590 1306 1879 1361; x_wconf 86' lang='lat' dir='ltr'><strong>Remensis</strong></span> <span class='ocrx_word' id='word_1_76' title='bbox 1916 1320 2006 1360; x_wconf 91' lang='lat' dir='ltr'><strong>oc-</strong></span> 
     </span>
    </p>
   </div>
   <div class='ocr_carea' id='block_1_15' title="bbox 386 1396 2006 1476">
    <p class='ocr_par' dir='ltr' id='par_1_15' title="bbox 386 1396 2006 1476">
     <span class='ocr_line' id='line_1_15' title="bbox 386 1396 2006 1476; baseline -0.006 -16"><span class='ocrx_word' id='word_1_77' title='bbox 386 1408 724 1476; x_wconf 88' lang='lat' dir='ltr'><strong>cupaverant</strong></span> <span class='ocrx_word' id='word_1_78' title='bbox 773 1401 1061 1467; x_wconf 66' lang='lat' dir='ltr'><strong>aecclesiae,</strong></span> <span class='ocrx_word' id='word_1_79' title='bbox 1108 1399 1292 1454; x_wconf 87' lang='lat' dir='ltr'><strong>vocari</strong></span> <span class='ocrx_word' id='word_1_80' title='bbox 1347 1398 1495 1453; x_wconf 87' lang='lat' dir='ltr'><strong>fecit.</strong></span> <span class='ocrx_word' id='word_1_81' title='bbox 1553 1399 1664 1472; x_wconf 83' lang='lat' dir='ltr'><strong>Ego</strong></span> <span class='ocrx_word' id='word_1_82' title='bbox 1708 1414 1859 1461; x_wconf 86' lang='lat' dir='ltr'><strong>vero,</strong></span> <span class='ocrx_word' id='word_1_83' title='bbox 1902 1396 2006 1451; x_wconf 82' lang='lat' dir='ltr'><strong>fra-</strong></span> 
     </span>
    </p>
   </div>
   <div class='ocr_carea' id='block_1_16' title="bbox 385 1489 2009 1558">
    <p class='ocr_par' dir='ltr' id='par_1_16' title="bbox 385 1489 2009 1558">
     <span class='ocr_line' id='line_1_16' title="bbox 385 1489 2009 1558; baseline -0.004 -7"><span class='ocrx_word' id='word_1_84' title='bbox 385 1503 505 1551; x_wconf 89' lang='lat' dir='ltr'><strong>ctus</strong></span> <span class='ocrx_word' id='word_1_85' title='bbox 551 1501 709 1550; x_wconf 65' lang='lat' dir='ltr'><strong>aetate</strong></span> <span class='ocrx_word' id='word_1_86' title='bbox 751 1500 805 1549; x_wconf 91' lang='lat' dir='ltr'><strong>et</strong></span> <span class='ocrx_word' id='word_1_87' title='bbox 848 1493 1065 1547; x_wconf 90' lang='lat' dir='ltr'><strong>attritus</strong></span> <span class='ocrx_word' id='word_1_88' title='bbox 1118 1490 1455 1558; x_wconf 84' lang='lat' dir='ltr'><strong>infirmitate,</strong></span> <span class='ocrx_word' id='word_1_89' title='bbox 1508 1490 1875 1545; x_wconf 85' lang='lat' dir='ltr'><strong>ministerium</strong></span> <span class='ocrx_word' id='word_1_90' title='bbox 1920 1489 2009 1524; x_wconf 78' lang='grc'><strong>¹⁰⁵⁰</strong></span> 
     </span>
    </p>
   </div>
   <div class='ocr_carea' id='block_1_17' title="bbox 387 1582 2009 1657">
    <p class='ocr_par' dir='ltr' id='par_1_17' title="bbox 387 1582 2009 1657">
     <span class='ocr_line' id='line_1_17' title="bbox 387 1582 2009 1657; baseline -0.004 -14"><span class='ocrx_word' id='word_1_91' title='bbox 387 1587 636 1643; x_wconf 85' lang='lat' dir='ltr'><strong>abdicavi</strong></span> <span class='ocrx_word' id='word_1_92' title='bbox 654 1586 957 1657; x_wconf 60' lang='lat' dir='ltr'><strong>praelatum:</strong></span> <span class='ocrx_word' id='word_1_93' title='bbox 986 1600 1169 1639; x_wconf 89' lang='lat' dir='ltr'><strong>coram</strong></span> <span class='ocrx_word' id='word_1_94' title='bbox 1193 1583 1387 1638; x_wconf 90' lang='lat' dir='ltr'><strong>eodem</strong></span> <span class='ocrx_word' id='word_1_95' title='bbox 1410 1583 1661 1654; x_wconf 69' lang='lat' dir='ltr'><strong>praesule.</strong></span> <span class='ocrx_word' id='word_1_96' title='bbox 1694 1582 1902 1654; x_wconf 86' lang='lat' dir='ltr'><strong>Quique</strong></span> <span class='ocrx_word' id='word_1_97' title='bbox 1920 1598 2009 1637; x_wconf 91' lang='lat' dir='ltr'><strong>me</strong></span> 
     </span>
    </p>
   </div>
   <div class='ocr_carea' id='block_1_18' title="bbox 387 1674 2008 1751">
    <p class='ocr_par' dir='ltr' id='par_1_18' title="bbox 387 1674 2008 1751">
     <span class='ocr_line' id='line_1_18' title="bbox 387 1674 2008 1751; baseline -0.002 -18"><span class='ocrx_word' id='word_1_98' title='bbox 387 1681 491 1735; x_wconf 87' lang='lat' dir='ltr'><strong>hoc</strong></span> <span class='ocrx_word' id='word_1_99' title='bbox 540 1680 832 1734; x_wconf 86' lang='lat' dir='ltr'><strong>absolvens</strong></span> <span class='ocrx_word' id='word_1_100' title='bbox 879 1677 1036 1751; x_wconf 83' lang='lat' dir='ltr'><strong>jugo,</strong></span> <span class='ocrx_word' id='word_1_101' title='bbox 1070 1676 1333 1746; x_wconf 90' lang='lat' dir='ltr'><strong>imposuit</strong></span> <span class='ocrx_word' id='word_1_102' title='bbox 1387 1675 1519 1729; x_wconf 92' lang='lat' dir='ltr'><strong>illud</strong></span> <span class='ocrx_word' id='word_1_103' title='bbox 1554 1691 1653 1745; x_wconf 87' lang='lat' dir='ltr'><strong>per</strong></span> <span class='ocrx_word' id='word_1_104' title='bbox 1677 1674 2008 1731; x_wconf 88' lang='lat' dir='ltr'><strong>electionem</strong></span> 
     </span>
    </p>
   </div>
   <div class='ocr_carea' id='block_1_19' title="bbox 386 1748 2091 1836">
    <p class='ocr_par' dir='ltr' id='par_1_19' title="bbox 386 1748 2091 1836">
     <span class='ocr_line' id='line_1_19' title="bbox 386 1748 2091 1836; baseline -0.005 -11"><span class='ocrx_word' id='word_1_105' title='bbox 386 1769 610 1825; x_wconf 80' lang='lat' dir='ltr'><strong>fratrum</strong></span> <span class='ocrx_word' id='word_1_106' title='bbox 660 1748 972 1823; x_wconf 76' lang='lat' dir='ltr'><strong>nostrorum</strong></span> <span class='ocrx_word' id='word_1_107' title='bbox 1012 1768 1097 1801; x_wconf 76' lang='grc'><strong>¹⁰⁵¹</strong></span> <span class='ocrx_word' id='word_1_108' title='bbox 1142 1765 1330 1836; x_wconf 90' lang='lat' dir='ltr'><strong>nepoti</strong></span> <span class='ocrx_word' id='word_1_109' title='bbox 1365 1780 1489 1820; x_wconf 90' lang='lat' dir='ltr'><strong>meo</strong></span> <span class='ocrx_word' id='word_1_110' title='bbox 1537 1765 1843 1820; x_wconf 82' lang='lat' dir='ltr'><strong>Flodoardo</strong></span> <span class='ocrx_word' id='word_1_111' title='bbox 1904 1764 2015 1831; x_wconf 64' lang='lat'><strong>“’5’,</strong></span> <span class='ocrx_word' id='word_1_112' title='bbox 2042 1748 2091 1816; x_wconf 84' lang='grc' dir='ltr'>Β</span> 
     </span>
    </p>
   </div>
   <div class='ocr_carea' id='block_1_20' title="bbox 384 1853 2005 1932">
    <p class='ocr_par' dir='ltr' id='par_1_20' title="bbox 384 1853 2005 1932">
     <span class='ocr_line' id='line_1_20' title="bbox 384 1853 2005 1932; baseline -0.004 -19"><span class='ocrx_word' id='word_1_113' title='bbox 384 1858 791 1932; x_wconf 86' lang='lat' dir='ltr'><strong>septuagesimo</strong></span> <span class='ocrx_word' id='word_1_114' title='bbox 830 1856 1005 1911; x_wconf 65' lang='lat' dir='ltr'><strong>aetatis</strong></span> <span class='ocrx_word' id='word_1_115' title='bbox 1036 1871 1170 1909; x_wconf 58' lang='lat' dir='ltr'><strong>mea;</strong></span> <span class='ocrx_word' id='word_1_116' title='bbox 1216 1870 1383 1909; x_wconf 87' lang='lat' dir='ltr'><strong>anno.</strong></span> <span class='ocrx_word' id='word_1_117' title='bbox 1420 1853 1878 1909; x_wconf 87' lang='lat' dir='ltr'><strong>Catalaunensem</strong></span> <span class='ocrx_word' id='word_1_118' title='bbox 1910 1869 2005 1907; x_wconf 92' lang='lat' dir='ltr'><strong>ur-</strong></span> 
     </span>
    </p>
   </div>
   <div class='ocr_carea' id='block_1_21' title="bbox 385 1944 2003 2021">
    <p class='ocr_par' dir='ltr' id='par_1_21' title="bbox 385 1944 2003 2021">
     <span class='ocr_line' id='line_1_21' title="bbox 385 1944 2003 2021; baseline -0.004 -16"><span class='ocrx_word' id='word_1_119' title='bbox 385 1951 535 2017; x_wconf 89' lang='lat' dir='ltr'><strong>bem,</strong></span> <span class='ocrx_word' id='word_1_120' title='bbox 582 1950 811 2021; x_wconf 65' lang='lat' dir='ltr'><strong>praesule</strong></span> <span class='ocrx_word' id='word_1_121' title='bbox 840 1948 1075 2003; x_wconf 85' lang='lat' dir='ltr'><strong>Gibuino</strong></span> <span class='ocrx_word' id='word_1_122' title='bbox 1105 1962 1349 2021; x_wconf 76' lang='lat' dir='ltr'><strong>egresso,</strong></span> <span class='ocrx_word' id='word_1_123' title='bbox 1412 1946 1733 2001; x_wconf 86' lang='lat' dir='ltr'><strong>Heribertus</strong></span> <span class='ocrx_word' id='word_1_124' title='bbox 1772 1953 1827 2000; x_wconf 90' lang='lat' dir='ltr'><strong>et</strong></span> <span class='ocrx_word' id='word_1_125' title='bbox 1876 1944 2003 2000; x_wconf 86' lang='lat' dir='ltr'><strong>Rot-</strong></span> 
     </span>
    </p>
   </div>
   <div class='ocr_carea' id='block_1_22' title="bbox 386 2022 2006 2106">
    <p class='ocr_par' dir='ltr' id='par_1_22' title="bbox 386 2022 2006 2106">
     <span class='ocr_line' id='line_1_22' title="bbox 386 2022 2006 2106; baseline -0.003 -13"><span class='ocrx_word' id='word_1_126' title='bbox 386 2040 573 2094; x_wconf 89' lang='lat' dir='ltr'><strong>bertus</strong></span> <span class='ocrx_word' id='word_1_127' title='bbox 628 2037 819 2093; x_wconf 86' lang='lat' dir='ltr'><strong>fratres</strong></span> <span class='ocrx_word' id='word_1_128' title='bbox 859 2037 1148 2101; x_wconf 89' lang='lat' dir='ltr'><strong>obsident;</strong></span> <span class='ocrx_word' id='word_1_129' title='bbox 1206 2022 1589 2106; x_wconf 74' lang='lat' dir='ltr'><strong>explicitisque</strong></span> <span class='ocrx_word' id='word_1_130' title='bbox 1635 2034 1858 2089; x_wconf 85' lang='lat' dir='ltr'><strong>tandem</strong></span> <span class='ocrx_word' id='word_1_131' title='bbox 1916 2034 2006 2069; x_wconf 77' lang='grc'><strong>¹⁰⁵³</strong></span> 
     </span>
    </p>
   </div>
   <div class='ocr_carea' id='block_1_23' title="bbox 387 2130 2007 2205">
    <p class='ocr_par' dir='ltr' id='par_1_23' title="bbox 387 2130 2007 2205">
     <span class='ocr_line' id='line_1_23' title="bbox 387 2130 2007 2205; baseline -0.002 -17"><span class='ocrx_word' id='word_1_132' title='bbox 387 2134 673 2201; x_wconf 86' lang='lat' dir='ltr'><strong>nundinis,</strong></span> <span class='ocrx_word' id='word_1_133' title='bbox 706 2134 831 2205; x_wconf 78' lang='lat' dir='ltr'><strong>igne</strong></span> <span class='ocrx_word' id='word_1_134' title='bbox 863 2132 1241 2197; x_wconf 85' lang='lat' dir='ltr'><strong>succendunt;</strong></span> <span class='ocrx_word' id='word_1_135' title='bbox 1272 2131 1477 2186; x_wconf 87' lang='lat' dir='ltr'><strong>milites</strong></span> <span class='ocrx_word' id='word_1_136' title='bbox 1502 2145 1630 2185; x_wconf 90' lang='lat' dir='ltr'><strong>vero</strong></span> <span class='ocrx_word' id='word_1_137' title='bbox 1660 2130 1714 2184; x_wconf 92' lang='lat' dir='ltr'><strong>in</strong></span> <span class='ocrx_word' id='word_1_138' title='bbox 1746 2130 1837 2165; x_wconf 72' lang='grc'>¹⁰⁵⁴</span> <span class='ocrx_word' id='word_1_139' title='bbox 1858 2137 2007 2185; x_wconf 89' lang='lat' dir='ltr'><strong>turre</strong></span> 
     </span>
    </p>
   </div>
   <div class='ocr_carea' id='block_1_24' title="bbox 386 2219 1785 2295">
    <p class='ocr_par' dir='ltr' id='par_1_24' title="bbox 386 2219 1785 2295">
     <span class='ocr_line' id='line_1_24' title="bbox 386 2219 1785 2295; baseline -0.004 -18"><span class='ocrx_word' id='word_1_140' title='bbox 386 2223 623 2295; x_wconf 90' lang='lat' dir='ltr'><strong>quadam</strong></span> <span class='ocrx_word' id='word_1_141' title='bbox 666 2222 754 2256; x_wconf 72' lang='grc' dir='ltr'><strong>¹⁰δδ</strong></span> <span class='ocrx_word' id='word_1_142' title='bbox 784 2221 891 2278; x_wconf 91' lang='lat' dir='ltr'><strong>loci</strong></span> <span class='ocrx_word' id='word_1_143' title='bbox 923 2236 1230 2277; x_wconf 88' lang='lat' dir='ltr'><strong>conscensa</strong></span> <span class='ocrx_word' id='word_1_144' title='bbox 1268 2219 1593 2274; x_wconf 87' lang='lat' dir='ltr'><strong>liberantur.</strong></span> <span class='ocrx_word' id='word_1_145' title='bbox 1629 2220 1785 2273; x_wconf 79' lang='lat' dir='ltr'><strong>Anno</strong></span> 
     </span>
    </p>
   </div>
   <div class='ocr_carea' id='block_1_25' title="bbox 1008 2329 1385 2386">
    <p class='ocr_par' dir='ltr' id='par_1_25' title="bbox 1008 2329 1385 2386">
     <span class='ocr_line' id='line_1_25' title="bbox 1008 2329 1385 2386; baseline -0.008 0"><span class='ocrx_word' id='word_1_146' title='bbox 1008 2329 1385 2386; x_wconf 83' lang='lat' dir='ltr'><strong>DCCCCLXIV.</strong></span> 
     </span>
    </p>
   </div>
   <div class='ocr_carea' id='block_1_26' title="bbox 387 2418 2010 2495">
    <p class='ocr_par' dir='ltr' id='par_1_26' title="bbox 387 2418 2010 2495">
     <span class='ocr_line' id='line_1_26' title="bbox 387 2418 2010 2495; baseline -0.003 -19"><span class='ocrx_word' id='word_1_147' title='bbox 387 2421 601 2492; x_wconf 86' lang='lat' dir='ltr'><strong>hiemps</strong></span> <span class='ocrx_word' id='word_1_148' title='bbox 642 2422 733 2456; x_wconf 76' lang='grc'><strong>¹⁰⁵⁶</strong></span> <span class='ocrx_word' id='word_1_149' title='bbox 759 2437 957 2495; x_wconf 87' lang='lat' dir='ltr'><strong>magna</strong></span> <span class='ocrx_word' id='word_1_150' title='bbox 994 2426 1048 2475; x_wconf 87' lang='lat' dir='ltr'><strong>et</strong></span> <span class='ocrx_word' id='word_1_151' title='bbox 1100 2435 1294 2490; x_wconf 83' lang='lat' dir='ltr'><strong>aspera</strong></span> <span class='ocrx_word' id='word_1_152' title='bbox 1344 2419 1505 2473; x_wconf 89' lang='lat' dir='ltr'><strong>valde</strong></span> <span class='ocrx_word' id='word_1_153' title='bbox 1536 2418 1638 2473; x_wconf 88' lang='lat' dir='ltr'><strong>fuit</strong></span> <span class='ocrx_word' id='word_1_154' title='bbox 1690 2418 1778 2452; x_wconf 78' lang='grc'>¹⁰⁵⁷</span> <span class='ocrx_word' id='word_1_155' title='bbox 1831 2432 2010 2489; x_wconf 88' lang='lat' dir='ltr'><strong>usque</strong></span> 
     </span>
    </p>
   </div>
   <div class='ocr_carea' id='block_1_27' title="bbox 388 2510 2015 2583">
    <p class='ocr_par' dir='ltr' id='par_1_27' title="bbox 388 2510 2015 2583">
     <span class='ocr_line' id='line_1_27' title="bbox 388 2510 2015 2583; baseline -0.004 -13"><span class='ocrx_word' id='word_1_156' title='bbox 388 2515 659 2571; x_wconf 85' lang='lat' dir='ltr'><strong>Kalendas</strong></span> <span class='ocrx_word' id='word_1_157' title='bbox 680 2515 961 2570; x_wconf 86' lang='lat' dir='ltr'><strong>Februarii</strong></span> <span class='ocrx_word' id='word_1_158' title='bbox 978 2514 1102 2548; x_wconf 71' lang='grc' dir='ltr'><strong>ίοδτ*</strong></span> <span class='ocrx_word' id='word_1_159' title='bbox 1123 2513 1348 2568; x_wconf 88' lang='lat' dir='ltr'><strong>mensis.</strong></span> <span class='ocrx_word' id='word_1_160' title='bbox 1370 2514 1613 2568; x_wconf 89' lang='lat' dir='ltr'><strong>Domnus</strong></span> <span class='ocrx_word' id='word_1_161' title='bbox 1628 2512 1826 2583; x_wconf 63' lang='lat' dir='ltr'><strong>praesul</strong></span> <span class='ocrx_word' id='word_1_162' title='bbox 1852 2510 2015 2566; x_wconf 88' lang='lat' dir='ltr'><strong>Odel-</strong></span> 
     </span>
    </p>
   </div>
   <div class='ocr_carea' id='block_1_28' title="bbox 390 2603 2015 2678">
    <p class='ocr_par' dir='ltr' id='par_1_28' title="bbox 390 2603 2015 2678">
     <span class='ocr_line' id='line_1_28' title="bbox 390 2603 2015 2678; baseline -0.004 -15"><span class='ocrx_word' id='word_1_163' title='bbox 390 2609 536 2664; x_wconf 90' lang='lat' dir='ltr'><strong>ricus</strong></span> <span class='ocrx_word' id='word_1_164' title='bbox 589 2608 913 2662; x_wconf 87' lang='lat' dir='ltr'><strong>Tetbaldum</strong></span> <span class='ocrx_word' id='word_1_165' title='bbox 973 2605 1251 2678; x_wconf 89' lang='lat' dir='ltr'><strong>quendam</strong></span> <span class='ocrx_word' id='word_1_166' title='bbox 1297 2620 1586 2676; x_wconf 86' lang='lat' dir='ltr'><strong>procerem</strong></span> <span class='ocrx_word' id='word_1_167' title='bbox 1643 2603 2015 2659; x_wconf 85' lang='lat' dir='ltr'><strong>excommuni-</strong></span> 
     </span>
    </p>
   </div>
   <div class='ocr_carea' id='block_1_29' title="bbox 389 2692 2009 2765">
    <p class='ocr_par' dir='ltr' id='par_1_29' title="bbox 389 2692 2009 2765">
     <span class='ocr_line' id='line_1_29' title="bbox 389 2692 2009 2765; baseline -0.003 -14"><span class='ocrx_word' id='word_1_168' title='bbox 389 2704 476 2751; x_wconf 88' lang='lat' dir='ltr'><strong>cat</strong></span> <span class='ocrx_word' id='word_1_169' title='bbox 532 2696 622 2730; x_wconf 72' lang='grc'><strong>10⁵⁸</strong></span> <span class='ocrx_word' id='word_1_170' title='bbox 678 2701 902 2765; x_wconf 91' lang='lat' dir='ltr'><strong>pr0pter</strong></span> <span class='ocrx_word' id='word_1_171' title='bbox 955 2702 1191 2747; x_wconf 88' lang='lat' dir='ltr'><strong>castrum</strong></span> <span class='ocrx_word' id='word_1_172' title='bbox 1250 2692 1597 2748; x_wconf 90' lang='lat' dir='ltr'><strong>Codiciacum</strong></span> <span class='ocrx_word' id='word_1_173' title='bbox 1652 2699 1707 2747; x_wconf 92' lang='lat' dir='ltr'><strong>et</strong></span> <span class='ocrx_word' id='word_1_174' title='bbox 1757 2692 2009 2763; x_wconf 67' lang='lat' dir='ltr'><strong>quaedam</strong></span> 
     </span>
    </p>
   </div>
   <div class='ocr_carea' id='block_1_30' title="bbox 391 2784 2015 2860">
    <p class='ocr_par' dir='ltr' id='par_1_30' title="bbox 391 2784 2015 2860">
     <span class='ocr_line' id='line_1_30' title="bbox 391 2784 2015 2860; baseline -0.002 -17"><span class='ocrx_word' id='word_1_175' title='bbox 391 2788 598 2860; x_wconf 73' lang='lat' dir='ltr'><strong>praedia</strong></span> <span class='ocrx_word' id='word_1_176' title='bbox 627 2787 801 2841; x_wconf 88' lang='lat' dir='ltr'><strong>sancti</strong></span> <span class='ocrx_word' id='word_1_177' title='bbox 836 2786 1092 2859; x_wconf 81' lang='lat' dir='ltr'><strong>Remigii,</strong></span> <span class='ocrx_word' id='word_1_178' title='bbox 1144 2802 1265 2857; x_wconf 62' lang='lat' dir='ltr'><strong>quae</strong></span> <span class='ocrx_word' id='word_1_179' title='bbox 1307 2785 1557 2855; x_wconf 91' lang='lat' dir='ltr'><strong>improbe</strong></span> <span class='ocrx_word' id='word_1_180' title='bbox 1617 2784 1933 2840; x_wconf 90' lang='lat' dir='ltr'><strong>obtinuerat</strong></span> <span class='ocrx_word' id='word_1_181' title='bbox 1961 2791 2015 2840; x_wconf 88' lang='lat' dir='ltr'><strong>et</strong></span> 
     </span>
    </p>
   </div>
   <div class='ocr_carea' id='block_1_31' title="bbox 392 2879 2013 2954">
    <p class='ocr_par' dir='ltr' id='par_1_31' title="bbox 392 2879 2013 2954">
     <span class='ocr_line' id='line_1_31' title="bbox 392 2879 2013 2954; baseline -0.002 -17"><span class='ocrx_word' id='word_1_182' title='bbox 392 2881 749 2954; x_wconf 86' lang='lat' dir='ltr'><strong>pertinaciter</strong></span> <span class='ocrx_word' id='word_1_183' title='bbox 816 2879 1112 2934; x_wconf 90' lang='lat' dir='ltr'><strong>retinebat.</strong></span> <span class='ocrx_word' id='word_1_184' title='bbox 1187 2879 1506 2934; x_wconf 87' lang='lat' dir='ltr'><strong>Heribertus</strong></span> <span class='ocrx_word' id='word_1_185' title='bbox 1583 2895 1769 2935; x_wconf 91' lang='lat' dir='ltr'><strong>comes</strong></span> <span class='ocrx_word' id='word_1_186' title='bbox 1829 2879 2013 2934; x_wconf 87' lang='lat' dir='ltr'><strong>villam</strong></span> 
     </span>
    </p>
   </div>
   <div class='ocr_carea' id='block_1_32' title="bbox 393 2970 2015 3044">
    <p class='ocr_par' dir='ltr' id='par_1_32' title="bbox 393 2970 2015 3044">
     <span class='ocr_line' id='line_1_32' title="bbox 393 2970 2015 3044; baseline 0.001 -19"><span class='ocrx_word' id='word_1_187' title='bbox 393 2974 728 3044; x_wconf 88' lang='lat' dir='ltr'><strong>Sparnacum</strong></span> <span class='ocrx_word' id='word_1_188' title='bbox 783 2971 833 3025; x_wconf 92' lang='lat' dir='ltr'><strong>ei</strong></span> <span class='ocrx_word' id='word_1_189' title='bbox 882 2971 1082 3039; x_wconf 90' lang='lat' dir='ltr'><strong>reddit,</strong></span> <span class='ocrx_word' id='word_1_190' title='bbox 1144 2979 1199 3026; x_wconf 91' lang='lat' dir='ltr'><strong>et</strong></span> <span class='ocrx_word' id='word_1_191' title='bbox 1252 2971 1560 3026; x_wconf 89' lang='lat' dir='ltr'><strong>amiciciam</strong></span> <span class='ocrx_word' id='word_1_192' title='bbox 1612 2970 1824 3042; x_wconf 67' lang='lat' dir='ltr'><strong>praefati</strong></span> <span class='ocrx_word' id='word_1_193' title='bbox 1876 2986 2015 3044; x_wconf 72' lang='lat' dir='ltr'><strong>prae-</strong></span> 
     </span>
    </p>
   </div>
   <div class='ocr_carea' id='block_1_33' title="bbox 2104 498 3750 573">
    <p class='ocr_par' dir='ltr' id='par_1_33' title="bbox 2104 498 3750 573">
     <span class='ocr_line' id='line_1_33' title="bbox 2104 498 3750 573; baseline -0.002 -15"><span class='ocrx_word' id='word_1_194' title='bbox 2104 504 2310 560; x_wconf 90' lang='lat' dir='ltr'><strong>loniam</strong></span> <span class='ocrx_word' id='word_1_195' title='bbox 2356 503 2529 568; x_wconf 82' lang='lat' dir='ltr'><strong>venit,</strong></span> <span class='ocrx_word' id='word_1_196' title='bbox 2600 500 2793 572; x_wconf 89' lang='lat' dir='ltr'><strong>ibique</strong></span> <span class='ocrx_word' id='word_1_197' title='bbox 2864 499 3198 573; x_wconf 82' lang='lat' dir='ltr'><strong>Gerbergam</strong></span> <span class='ocrx_word' id='word_1_198' title='bbox 3272 498 3519 572; x_wconf 83' lang='lat' dir='ltr'><strong>reginam</strong></span> <span class='ocrx_word' id='word_1_199' title='bbox 3577 508 3750 554; x_wconf 83' lang='lat' dir='ltr'><strong>soro-</strong></span> 
     </span>
    </p>
   </div>
   <div class='ocr_carea' id='block_1_34' title="bbox 2104 590 3752 665">
    <p class='ocr_par' dir='ltr' id='par_1_34' title="bbox 2104 590 3752 665">
     <span class='ocr_line' id='line_1_34' title="bbox 2104 590 3752 665; baseline -0.004 -12"><span class='ocrx_word' id='word_1_200' title='bbox 2104 615 2218 652; x_wconf 89' lang='lat' dir='ltr'><strong>rem</strong></span> <span class='ocrx_word' id='word_1_201' title='bbox 2277 613 2456 663; x_wconf 88' lang='lat' dir='ltr'><strong>suam,</strong></span> <span class='ocrx_word' id='word_1_202' title='bbox 2515 611 2639 649; x_wconf 91' lang='lat' dir='ltr'><strong>cum</strong></span> <span class='ocrx_word' id='word_1_203' title='bbox 2699 594 2789 628; x_wconf 75' lang='grc' dir='ltr'><strong>¹⁰⁶θ</strong></span> <span class='ocrx_word' id='word_1_204' title='bbox 2860 591 2989 647; x_wconf 82' lang='lat' dir='ltr'><strong>ﬁliis</strong></span> <span class='ocrx_word' id='word_1_205' title='bbox 3054 590 3308 647; x_wconf 89' lang='lat' dir='ltr'><strong>Lothario</strong></span> <span class='ocrx_word' id='word_1_206' title='bbox 3376 605 3508 665; x_wconf 85' lang='lat' dir='ltr'><strong>rege</strong></span> <span class='ocrx_word' id='word_1_207' title='bbox 3569 590 3752 646; x_wconf 83' lang='lat' dir='ltr'><strong>Karo—</strong></span> 
     </span>
    </p>
   </div>
   <div class='ocr_carea' id='block_1_35' title="bbox 2105 682 3745 761">
    <p class='ocr_par' dir='ltr' id='par_1_35' title="bbox 2105 682 3745 761">
     <span class='ocr_line' id='line_1_35' title="bbox 2105 682 3745 761; baseline -0.005 -16"><span class='ocrx_word' id='word_1_208' title='bbox 2105 691 2269 761; x_wconf 91' lang='lat' dir='ltr'><strong>loque</strong></span> <span class='ocrx_word' id='word_1_209' title='bbox 2331 703 2502 760; x_wconf 90' lang='lat' dir='ltr'><strong>puero</strong></span> <span class='ocrx_word' id='word_1_210' title='bbox 2562 686 2630 741; x_wconf 91' lang='lat' dir='ltr'><strong>ad</strong></span> <span class='ocrx_word' id='word_1_211' title='bbox 2681 701 2743 740; x_wconf 87' lang='lat' dir='ltr'><strong>se</strong></span> <span class='ocrx_word' id='word_1_212' title='bbox 2795 685 3134 749; x_wconf 76' lang='lat' dir='ltr'><strong>venientem,</strong></span> <span class='ocrx_word' id='word_1_213' title='bbox 3192 682 3452 754; x_wconf 85' lang='lat' dir='ltr'><strong>excepit;</strong></span> <span class='ocrx_word' id='word_1_214' title='bbox 3498 689 3554 737; x_wconf 92' lang='lat' dir='ltr'><strong>et</strong></span> <span class='ocrx_word' id='word_1_215' title='bbox 3614 699 3745 738; x_wconf 89' lang='lat' dir='ltr'><strong>cum</strong></span> 
     </span>
    </p>
   </div>
   <div class='ocr_carea' id='block_1_36' title="bbox 2105 772 3745 849">
    <p class='ocr_par' dir='ltr' id='par_1_36' title="bbox 2105 772 3745 849">
     <span class='ocr_line' id='line_1_36' title="bbox 2105 772 3745 849; baseline -0.005 -16"><span class='ocrx_word' id='word_1_216' title='bbox 2105 779 2185 833; x_wconf 87' lang='lat' dir='ltr'><strong>eis</strong></span> <span class='ocrx_word' id='word_1_217' title='bbox 2232 778 2465 849; x_wconf 88' lang='lat' dir='ltr'><strong>aliisque</strong></span> <span class='ocrx_word' id='word_1_218' title='bbox 2530 775 2717 830; x_wconf 91' lang='lat' dir='ltr'><strong>multis</strong></span> <span class='ocrx_word' id='word_1_219' title='bbox 2780 772 3105 845; x_wconf 89' lang='lat' dir='ltr'><strong>proceribus</strong></span> <span class='ocrx_word' id='word_1_220' title='bbox 3155 773 3416 843; x_wconf 89' lang='lat' dir='ltr'><strong>placitum</strong></span> <span class='ocrx_word' id='word_1_221' title='bbox 3472 788 3745 847; x_wconf 83' lang='lat' dir='ltr'><strong>magnum</strong></span> 
     </span>
    </p>
   </div>
   <div class='ocr_carea' id='block_1_37' title="bbox 2106 863 3745 935">
    <p class='ocr_par' dir='ltr' id='par_1_37' title="bbox 2106 863 3745 935">
     <span class='ocr_line' id='line_1_37' title="bbox 2106 863 3745 935; baseline -0.004 -12"><span class='ocrx_word' id='word_1_222' title='bbox 2106 869 2320 924; x_wconf 88' lang='lat' dir='ltr'><strong>habuit.</strong></span> <span class='ocrx_word' id='word_1_223' title='bbox 2386 868 2486 933; x_wconf 82' lang='lat' dir='ltr'><strong>Qui</strong></span> <span class='ocrx_word' id='word_1_224' title='bbox 2539 868 2748 932; x_wconf 70' lang='lat' dir='ltr'><strong>Romze,</strong></span> <span class='ocrx_word' id='word_1_225' title='bbox 2808 865 3110 920; x_wconf 80' lang='lat' dir='ltr'><strong>Octaviano</strong></span> <span class='ocrx_word' id='word_1_226' title='bbox 3142 880 3304 935; x_wconf 90' lang='lat' dir='ltr'><strong>papa,</strong></span> <span class='ocrx_word' id='word_1_227' title='bbox 3364 880 3397 917; x_wconf 91' lang='lat' dir='ltr'><strong>a</strong></span> <span class='ocrx_word' id='word_1_228' title='bbox 3444 878 3558 934; x_wconf 91' lang='lat' dir='ltr'><strong>quo</strong></span> <span class='ocrx_word' id='word_1_229' title='bbox 3610 863 3745 917; x_wconf 89' lang='lat' dir='ltr'><strong>fue-</strong></span> 
     </span>
    </p>
   </div>
   <div class='ocr_carea' id='block_1_38' title="bbox 2108 959 3748 1035">
    <p class='ocr_par' dir='ltr' id='par_1_38' title="bbox 2108 959 3748 1035">
     <span class='ocr_line' id='line_1_38' title="bbox 2108 959 3748 1035; baseline -0.005 -15"><span class='ocrx_word' id='word_1_230' title='bbox 2108 973 2190 1020; x_wconf 91' lang='lat' dir='ltr'><strong>rat</strong></span> <span class='ocrx_word' id='word_1_231' title='bbox 2240 970 2528 1035; x_wconf 91' lang='lat' dir='ltr'><strong>susceptus</strong></span> <span class='ocrx_word' id='word_1_232' title='bbox 2574 972 2628 1018; x_wconf 92' lang='lat' dir='ltr'><strong>et</strong></span> <span class='ocrx_word' id='word_1_233' title='bbox 2682 963 2751 1017; x_wconf 87' lang='lat' dir='ltr'><strong>ad</strong></span> <span class='ocrx_word' id='word_1_234' title='bbox 2798 961 3017 1033; x_wconf 89' lang='lat' dir='ltr'><strong>imperii</strong></span> <span class='ocrx_word' id='word_1_235' title='bbox 3065 960 3308 1035; x_wconf 86' lang='lat' dir='ltr'><strong>regenda</strong></span> <span class='ocrx_word' id='word_1_236' title='bbox 3363 959 3748 1034; x_wconf 86' lang='lat' dir='ltr'><strong>gubernacula</strong></span> 
     </span>
    </p>
   </div>
   <div class='ocr_carea' id='block_1_39' title="bbox 2105 1049 3746 1127">
    <p class='ocr_par' dir='ltr' id='par_1_39' title="bbox 2105 1049 3746 1127">
     <span class='ocr_line' id='line_1_39' title="bbox 2105 1049 3746 1127; baseline -0.003 -20"><span class='ocrx_word' id='word_1_237' title='bbox 2105 1054 2458 1119; x_wconf 81' lang='lat' dir='ltr'><strong>benedictus,</strong></span> <span class='ocrx_word' id='word_1_238' title='bbox 2518 1053 2586 1107; x_wconf 88' lang='lat' dir='ltr'><strong>ab</strong></span> <span class='ocrx_word' id='word_1_239' title='bbox 2661 1052 2802 1108; x_wconf 91' lang='lat' dir='ltr'><strong>Urbe</strong></span> <span class='ocrx_word' id='word_1_240' title='bbox 2872 1052 3147 1127; x_wconf 90' lang='lat' dir='ltr'><strong>digresso,</strong></span> <span class='ocrx_word' id='word_1_241' title='bbox 3225 1057 3281 1105; x_wconf 92' lang='lat' dir='ltr'><strong>et</strong></span> <span class='ocrx_word' id='word_1_242' title='bbox 3356 1065 3507 1120; x_wconf 72' lang='lat' dir='ltr'><strong>saepe</strong></span> <span class='ocrx_word' id='word_1_243' title='bbox 3584 1049 3746 1103; x_wconf 90' lang='lat' dir='ltr'><strong>illum</strong></span> 
     </span>
    </p>
   </div>
   <div class='ocr_carea' id='block_1_40' title="bbox 2108 1140 3751 1217">
    <p class='ocr_par' dir='ltr' id='par_1_40' title="bbox 2108 1140 3751 1217">
     <span class='ocr_line' id='line_1_40' title="bbox 2108 1140 3751 1217; baseline -0.004 -17"><span class='ocrx_word' id='word_1_244' title='bbox 2108 1154 2403 1200; x_wconf 83' lang='lat' dir='ltr'><strong>revocante</strong></span> <span class='ocrx_word' id='word_1_245' title='bbox 2461 1145 2819 1217; x_wconf 87' lang='lat' dir='ltr'><strong>imperatore,</strong></span> <span class='ocrx_word' id='word_1_246' title='bbox 2891 1160 2922 1197; x_wconf 91' lang='lat' dir='ltr'><strong>a</strong></span> <span class='ocrx_word' id='word_1_247' title='bbox 2989 1158 3120 1215; x_wconf 92' lang='lat' dir='ltr'><strong>quo,</strong></span> <span class='ocrx_word' id='word_1_248' title='bbox 3194 1141 3321 1214; x_wconf 88' lang='lat' dir='ltr'><strong>quia</strong></span> <span class='ocrx_word' id='word_1_249' title='bbox 3399 1141 3470 1195; x_wconf 92' lang='lat' dir='ltr'><strong>de</strong></span> <span class='ocrx_word' id='word_1_250' title='bbox 3555 1140 3751 1194; x_wconf 85' lang='lat' dir='ltr'><strong>inreli-</strong></span> 
     </span>
    </p>
   </div>
   <div class='ocr_carea' id='block_1_41' title="bbox 2106 1237 3750 1314">
    <p class='ocr_par' dir='ltr' id='par_1_41' title="bbox 2106 1237 3750 1314">
     <span class='ocr_line' id='line_1_41' title="bbox 2106 1237 3750 1314; baseline -0.002 -20"><span class='ocrx_word' id='word_1_251' title='bbox 2106 1240 2361 1314; x_wconf 80' lang='lat' dir='ltr'><strong>giositate</strong></span> <span class='ocrx_word' id='word_1_252' title='bbox 2410 1257 2510 1296; x_wconf 87' lang='lat' dir='ltr'><strong>sua</strong></span> <span class='ocrx_word' id='word_1_253' title='bbox 2567 1239 2971 1311; x_wconf 89' lang='lat' dir='ltr'><strong>corripiebatur</strong></span> <span class='ocrx_word' id='word_1_254' title='bbox 3042 1237 3243 1293; x_wconf 82' lang='lat' dir='ltr'><strong>reverti</strong></span> <span class='ocrx_word' id='word_1_255' title='bbox 3301 1237 3545 1293; x_wconf 89' lang='lat' dir='ltr'><strong>nolente.</strong></span> <span class='ocrx_word' id='word_1_256' title='bbox 3605 1252 3750 1291; x_wconf 87' lang='lat' dir='ltr'><strong>con-</strong></span> 
     </span>
    </p>
   </div>
   <div class='ocr_carea' id='block_1_42' title="bbox 2106 1326 3745 1405">
    <p class='ocr_par' dir='ltr' id='par_1_42' title="bbox 2106 1326 3745 1405">
     <span class='ocr_line' id='line_1_42' title="bbox 2106 1326 3745 1405; baseline -0.004 -19"><span class='ocrx_word' id='word_1_257' title='bbox 2106 1341 2330 1405; x_wconf 80' lang='lat' dir='ltr'><strong>gregata</strong></span> <span class='ocrx_word' id='word_1_258' title='bbox 2363 1332 2598 1403; x_wconf 85' lang='lat' dir='ltr'><strong>synodo,</strong></span> <span class='ocrx_word' id='word_1_259' title='bbox 2638 1331 2907 1387; x_wconf 82' lang='lat' dir='ltr'><strong>Johanem</strong></span> <span class='ocrx_word' id='word_1_260' title='bbox 2940 1329 3089 1401; x_wconf 87' lang='grc'>(115)</span> <span class='ocrx_word' id='word_1_261' title='bbox 3134 1328 3409 1384; x_wconf 89' lang='lat' dir='ltr'><strong>illustrem</strong></span> <span class='ocrx_word' id='word_1_262' title='bbox 3454 1326 3745 1399; x_wconf 89' lang='lat' dir='ltr'><strong>quendam</strong></span> 
     </span>
    </p>
   </div>
   <div class='ocr_carea' id='block_1_43' title="bbox 2110 1417 3747 1490">
    <p class='ocr_par' dir='ltr' id='par_1_43' title="bbox 2110 1417 3747 1490">
     <span class='ocr_line' id='line_1_43' title="bbox 2110 1417 3747 1490; baseline -0.001 -16"><span class='ocrx_word' id='word_1_263' title='bbox 2110 1421 2359 1489; x_wconf 82' lang='lat' dir='ltr'><strong>ejusdem</strong></span> <span class='ocrx_word' id='word_1_264' title='bbox 2418 1420 2685 1476; x_wconf 66' lang='lat' dir='ltr'><strong>zecelesiae</strong></span> <span class='ocrx_word' id='word_1_265' title='bbox 2742 1420 3004 1475; x_wconf 92' lang='lat' dir='ltr'><strong>clericum</strong></span> <span class='ocrx_word' id='word_1_266' title='bbox 3061 1434 3163 1490; x_wconf 89' lang='lat' dir='ltr'><strong>per</strong></span> <span class='ocrx_word' id='word_1_267' title='bbox 3229 1419 3559 1473; x_wconf 89' lang='lat' dir='ltr'><strong>electionem</strong></span> <span class='ocrx_word' id='word_1_268' title='bbox 3625 1417 3747 1472; x_wconf 88' lang='lat' dir='ltr'><strong>Ro-</strong></span> 
     </span>
    </p>
   </div>
   <div class='ocr_carea' id='block_1_44' title="bbox 2110 1509 3747 1583">
    <p class='ocr_par' dir='ltr' id='par_1_44' title="bbox 2110 1509 3747 1583">
     <span class='ocr_line' id='line_1_44' title="bbox 2110 1509 3747 1583; baseline -0.003 -17"><span class='ocrx_word' id='word_1_269' title='bbox 2110 1527 2397 1567; x_wconf 89' lang='lat' dir='ltr'><strong>manorum</strong></span> <span class='ocrx_word' id='word_1_270' title='bbox 2443 1529 2638 1583; x_wconf 88' lang='lat' dir='ltr'><strong>papam</strong></span> <span class='ocrx_word' id='word_1_271' title='bbox 2696 1511 2937 1567; x_wconf 90' lang='lat' dir='ltr'><strong>ordinari</strong></span> <span class='ocrx_word' id='word_1_272' title='bbox 2994 1510 3143 1566; x_wconf 81' lang='lat' dir='ltr'><strong>fecit.</strong></span> <span class='ocrx_word' id='word_1_273' title='bbox 3209 1510 3317 1564; x_wconf 87' lang='lat' dir='ltr'><strong>Sed</strong></span> <span class='ocrx_word' id='word_1_274' title='bbox 3375 1525 3442 1565; x_wconf 91' lang='lat' dir='ltr'><strong>eo</strong></span> <span class='ocrx_word' id='word_1_275' title='bbox 3516 1509 3747 1580; x_wconf 88' lang='lat' dir='ltr'><strong>Papiam</strong></span> 
     </span>
    </p>
   </div>
   <div class='ocr_carea' id='block_1_45' title="bbox 2112 1597 3744 1675">
    <p class='ocr_par' dir='ltr' id='par_1_45' title="bbox 2112 1597 3744 1675">
     <span class='ocr_line' id='line_1_45' title="bbox 2112 1597 3744 1675; baseline -0.003 -20"><span class='ocrx_word' id='word_1_276' title='bbox 2112 1602 2459 1675; x_wconf 86' lang='lat' dir='ltr'><strong>regrediente</strong></span> <span class='ocrx_word' id='word_1_277' title='bbox 2537 1601 2648 1667; x_wconf 63' lang='lat'><strong>“‘69,</strong></span> <span class='ocrx_word' id='word_1_278' title='bbox 2699 1600 3027 1656; x_wconf 80' lang='lat' dir='ltr'><strong>Octavianus</strong></span> <span class='ocrx_word' id='word_1_279' title='bbox 3104 1616 3136 1653; x_wconf 90' lang='lat' dir='ltr'><strong>a</strong></span> <span class='ocrx_word' id='word_1_280' title='bbox 3209 1597 3473 1655; x_wconf 82' lang='lat' dir='ltr'><strong>Romanis</strong></span> <span class='ocrx_word' id='word_1_281' title='bbox 3538 1597 3744 1667; x_wconf 87' lang='lat' dir='ltr'><strong>recipi-</strong></span> 
     </span>
    </p>
   </div>
   <div class='ocr_carea' id='block_1_46' title="bbox 2111 1691 3748 1764">
    <p class='ocr_par' dir='ltr' id='par_1_46' title="bbox 2111 1691 3748 1764">
     <span class='ocr_line' id='line_1_46' title="bbox 2111 1691 3748 1764; baseline -0.002 -16"><span class='ocrx_word' id='word_1_282' title='bbox 2111 1700 2227 1761; x_wconf 90' lang='lat' dir='ltr'><strong>tur;</strong></span> <span class='ocrx_word' id='word_1_283' title='bbox 2287 1710 2390 1749; x_wconf 92' lang='lat' dir='ltr'><strong>nec</strong></span> <span class='ocrx_word' id='word_1_284' title='bbox 2441 1692 2612 1749; x_wconf 90' lang='lat' dir='ltr'><strong>multo</strong></span> <span class='ocrx_word' id='word_1_285' title='bbox 2668 1701 2791 1764; x_wconf 92' lang='lat' dir='ltr'><strong>post</strong></span> <span class='ocrx_word' id='word_1_286' title='bbox 2833 1693 2943 1747; x_wconf 90' lang='lat' dir='ltr'><strong>vita</strong></span> <span class='ocrx_word' id='word_1_287' title='bbox 2992 1691 3251 1758; x_wconf 89' lang='lat' dir='ltr'><strong>decessit,</strong></span> <span class='ocrx_word' id='word_1_288' title='bbox 3310 1691 3566 1746; x_wconf 86' lang='lat' dir='ltr'><strong>Johanne</strong></span> <span class='ocrx_word' id='word_1_289' title='bbox 3612 1704 3748 1745; x_wconf 87' lang='lat' dir='ltr'><strong>vero</strong></span> 
     </span>
    </p>
   </div>
   <div class='ocr_carea' id='block_1_47' title="bbox 2109 1779 3751 1853">
    <p class='ocr_par' dir='ltr' id='par_1_47' title="bbox 2109 1779 3751 1853">
     <span class='ocr_line' id='line_1_47' title="bbox 2109 1779 3751 1853; baseline -0.004 -16"><span class='ocrx_word' id='word_1_290' title='bbox 2109 1799 2230 1837; x_wconf 91' lang='lat' dir='ltr'><strong>cum</strong></span> <span class='ocrx_word' id='word_1_291' title='bbox 2292 1783 2626 1853; x_wconf 89' lang='lat' dir='ltr'><strong>imperatore</strong></span> <span class='ocrx_word' id='word_1_292' title='bbox 2658 1783 2982 1837; x_wconf 90' lang='lat' dir='ltr'><strong>demorante</strong></span> <span class='ocrx_word' id='word_1_293' title='bbox 3037 1780 3240 1853; x_wconf 65' lang='lat' dir='ltr'><strong>Papim,</strong></span> <span class='ocrx_word' id='word_1_294' title='bbox 3287 1779 3520 1835; x_wconf 88' lang='lat' dir='ltr'><strong>Romani</strong></span> <span class='ocrx_word' id='word_1_295' title='bbox 3572 1794 3751 1850; x_wconf 88' lang='lat' dir='ltr'><strong>quen-</strong></span> 
     </span>
    </p>
   </div>
   <div class='ocr_carea' id='block_1_48' title="bbox 2106 1869 3755 1944">
    <p class='ocr_par' dir='ltr' id='par_1_48' title="bbox 2106 1869 3755 1944">
     <span class='ocr_line' id='line_1_48' title="bbox 2106 1869 3755 1944; baseline -0.002 -17"><span class='ocrx_word' id='word_1_296' title='bbox 2106 1874 2229 1928; x_wconf 90' lang='lat' dir='ltr'><strong>dam</strong></span> <span class='ocrx_word' id='word_1_297' title='bbox 2279 1874 2638 1929; x_wconf 89' lang='lat' dir='ltr'><strong>Benedictum</strong></span> <span class='ocrx_word' id='word_1_298' title='bbox 2694 1873 2870 1944; x_wconf 90' lang='lat' dir='ltr'><strong>ipsius</strong></span> <span class='ocrx_word' id='word_1_299' title='bbox 2920 1872 3185 1928; x_wconf 71' lang='lat' dir='ltr'><strong>azcclesia:</strong></span> <span class='ocrx_word' id='word_1_300' title='bbox 3237 1871 3589 1926; x_wconf 89' lang='lat' dir='ltr'><strong>scriniarium</strong></span> <span class='ocrx_word' id='word_1_301' title='bbox 3645 1869 3755 1924; x_wconf 86' lang='lat' dir='ltr'><strong>eli-</strong></span> 
     </span>
    </p>
   </div>
   <div class='ocr_carea' id='block_1_49' title="bbox 2107 1960 3752 2041">
    <p class='ocr_par' dir='ltr' id='par_1_49' title="bbox 2107 1960 3752 2041">
     <span class='ocr_line' id='line_1_49' title="bbox 2107 1960 3752 2041; baseline -0.002 -22"><span class='ocrx_word' id='word_1_302' title='bbox 2107 1972 2244 2041; x_wconf 86' lang='lat' dir='ltr'><strong>gunt</strong></span> <span class='ocrx_word' id='word_1_303' title='bbox 2297 1973 2461 2037; x_wconf 89' lang='lat' dir='ltr'><strong>atque</strong></span> <span class='ocrx_word' id='word_1_304' title='bbox 2514 1963 2835 2036; x_wconf 80' lang='lat' dir='ltr'><strong>pontificem</strong></span> <span class='ocrx_word' id='word_1_305' title='bbox 2888 1962 2993 2017; x_wconf 87' lang='lat' dir='ltr'><strong>sibi</strong></span> <span class='ocrx_word' id='word_1_306' title='bbox 3049 1962 3296 2017; x_wconf 89' lang='lat' dir='ltr'><strong>ordinari</strong></span> <span class='ocrx_word' id='word_1_307' title='bbox 3356 1960 3588 2028; x_wconf 84' lang='lat' dir='ltr'><strong>faciunt,</strong></span> <span class='ocrx_word' id='word_1_308' title='bbox 3652 1961 3752 2032; x_wconf 87' lang='lat' dir='ltr'><strong>qui</strong></span> 
     </span>
    </p>
   </div>
   <div class='ocr_carea' id='block_1_50' title="bbox 2109 2052 3743 2129">
    <p class='ocr_par' dir='ltr' id='par_1_50' title="bbox 2109 2052 3743 2129">
     <span class='ocr_line' id='line_1_50' title="bbox 2109 2052 3743 2129; baseline -0.004 -17"><span class='ocrx_word' id='word_1_309' title='bbox 2109 2075 2167 2129; x_wconf 71' lang='lat' dir='ltr'><strong>in</strong></span> <span class='ocrx_word' id='word_1_310' title='bbox 2202 2058 2470 2113; x_wconf 83' lang='lat' dir='ltr'><strong>Johannis</strong></span> <span class='ocrx_word' id='word_1_311' title='bbox 2542 2059 2812 2115; x_wconf 89' lang='lat' dir='ltr'><strong>electione</strong></span> <span class='ocrx_word' id='word_1_312' title='bbox 2876 2064 3236 2114; x_wconf 89' lang='lat' dir='ltr'><strong>consenserat</strong></span> <span class='ocrx_word' id='word_1_313' title='bbox 3293 2055 3387 2090; x_wconf 73' lang='grc'>¹⁰⁷⁰</span> <span class='ocrx_word' id='word_1_314' title='bbox 3452 2061 3508 2109; x_wconf 89' lang='lat' dir='ltr'><strong>et</strong></span> <span class='ocrx_word' id='word_1_315' title='bbox 3553 2052 3743 2107; x_wconf 89' lang='lat' dir='ltr'><strong>eidem</strong></span> 
     </span>
    </p>
   </div>
   <div class='ocr_carea' id='block_1_51' title="bbox 2108 2144 3750 2219">
    <p class='ocr_par' dir='ltr' id='par_1_51' title="bbox 2108 2144 3750 2219">
     <span class='ocr_line' id='line_1_51' title="bbox 2108 2144 3750 2219; baseline -0.004 -18"><span class='ocrx_word' id='word_1_316' title='bbox 2108 2147 2363 2202; x_wconf 90' lang='lat' dir='ltr'><strong>subditus</strong></span> <span class='ocrx_word' id='word_1_317' title='bbox 2418 2146 2693 2203; x_wconf 85' lang='lat' dir='ltr'><strong>extiterat.</strong></span> <span class='ocrx_word' id='word_1_318' title='bbox 2736 2147 3039 2219; x_wconf 88' lang='lat' dir='ltr'><strong>Imperator</strong></span> <span class='ocrx_word' id='word_1_319' title='bbox 3092 2146 3216 2202; x_wconf 89' lang='lat' dir='ltr'><strong>Otto</strong></span> <span class='ocrx_word' id='word_1_320' title='bbox 3272 2144 3499 2200; x_wconf 89' lang='lat' dir='ltr'><strong>Romam</strong></span> <span class='ocrx_word' id='word_1_321' title='bbox 3551 2158 3750 2197; x_wconf 87' lang='lat' dir='ltr'><strong>rever-</strong></span> 
     </span>
    </p>
   </div>
   <div class='ocr_carea' id='block_1_52' title="bbox 2112 2232 3749 2312">
    <p class='ocr_par' dir='ltr' id='par_1_52' title="bbox 2112 2232 3749 2312">
     <span class='ocr_line' id='line_1_52' title="bbox 2112 2232 3749 2312; baseline -0.005 -19"><span class='ocrx_word' id='word_1_322' title='bbox 2112 2255 2226 2304; x_wconf 89' lang='lat' dir='ltr'><strong>sus,</strong></span> <span class='ocrx_word' id='word_1_323' title='bbox 2283 2244 2584 2295; x_wconf 87' lang='lat' dir='ltr'><strong>convocata</strong></span> <span class='ocrx_word' id='word_1_324' title='bbox 2633 2254 2834 2312; x_wconf 89' lang='lat' dir='ltr'><strong>magna</strong></span> <span class='ocrx_word' id='word_1_325' title='bbox 2903 2236 3140 2308; x_wconf 85' lang='lat' dir='ltr'><strong>synodo,</strong></span> <span class='ocrx_word' id='word_1_326' title='bbox 3216 2241 3272 2291; x_wconf 92' lang='lat' dir='ltr'><strong>et</strong></span> <span class='ocrx_word' id='word_1_327' title='bbox 3337 2234 3426 2269; x_wconf 78' lang='grc'>¹⁰⁷¹</span> <span class='ocrx_word' id='word_1_328' title='bbox 3486 2232 3749 2288; x_wconf 71' lang='lat' dir='ltr'><strong>Iohanne</strong></span> 
     </span>
    </p>
   </div>
   <div class='ocr_carea' id='block_1_53' title="bbox 2112 2323 3754 2394">
    <p class='ocr_par' dir='ltr' id='par_1_53' title="bbox 2112 2323 3754 2394">
     <span class='ocr_line' id='line_1_53' title="bbox 2112 2323 3754 2394; baseline -0.004 -10"><span class='ocrx_word' id='word_1_329' title='bbox 2112 2332 2168 2386; x_wconf 91' lang='lat' dir='ltr'><strong>in</strong></span> <span class='ocrx_word' id='word_1_330' title='bbox 2220 2328 2352 2383; x_wconf 89' lang='lat' dir='ltr'><strong>sede</strong></span> <span class='ocrx_word' id='word_1_331' title='bbox 2408 2344 2508 2383; x_wconf 91' lang='lat' dir='ltr'><strong>sua</strong></span> <span class='ocrx_word' id='word_1_332' title='bbox 2558 2328 2833 2389; x_wconf 85' lang='lat' dir='ltr'><strong>restituto.</strong></span> <span class='ocrx_word' id='word_1_333' title='bbox 2875 2327 3234 2383; x_wconf 90' lang='lat' dir='ltr'><strong>Benedictum</strong></span> <span class='ocrx_word' id='word_1_334' title='bbox 3283 2325 3395 2391; x_wconf 81' lang='grc'>¹⁰⁷²,</span> <span class='ocrx_word' id='word_1_335' title='bbox 3452 2323 3754 2394; x_wconf 88' lang='lat' dir='ltr'><strong>episcopo—</strong></span> 
     </span>
    </p>
   </div>
   <div class='ocr_carea' id='block_1_54' title="bbox 2111 2414 3756 2490">
    <p class='ocr_par' dir='ltr' id='par_1_54' title="bbox 2111 2414 3756 2490">
     <span class='ocr_line' id='line_1_54' title="bbox 2111 2414 3756 2490; baseline -0.004 -16"><span class='ocrx_word' id='word_1_336' title='bbox 2111 2436 2231 2475; x_wconf 92' lang='lat' dir='ltr'><strong>rum</strong></span> <span class='ocrx_word' id='word_1_337' title='bbox 2303 2420 2394 2453; x_wconf 69' lang='grc' dir='ltr'><strong>¹⁰τ³</strong></span> <span class='ocrx_word' id='word_1_338' title='bbox 2457 2420 2628 2475; x_wconf 87' lang='lat' dir='ltr'><strong>totius</strong></span> <span class='ocrx_word' id='word_1_339' title='bbox 2686 2418 2882 2490; x_wconf 83' lang='lat' dir='ltr'><strong>synodi</strong></span> <span class='ocrx_word' id='word_1_340' title='bbox 2944 2418 3157 2487; x_wconf 89' lang='lat' dir='ltr'><strong>judicio</strong></span> <span class='ocrx_word' id='word_1_341' title='bbox 3232 2416 3579 2489; x_wconf 88' lang='lat' dir='ltr'><strong>depositum,</strong></span> <span class='ocrx_word' id='word_1_342' title='bbox 3652 2414 3756 2469; x_wconf 86' lang='lat' dir='ltr'><strong>ab-</strong></span> 
     </span>
    </p>
   </div>
   <div class='ocr_carea' id='block_1_55' title="bbox 2115 2507 3569 2566">
    <p class='ocr_par' dir='ltr' id='par_1_55' title="bbox 2115 2507 3569 2566">
     <span class='ocr_line' id='line_1_55' title="bbox 2115 2507 3569 2566; baseline -0.004 0"><span class='ocrx_word' id='word_1_343' title='bbox 2115 2510 2270 2566; x_wconf 84' lang='lat' dir='ltr'><strong>duxit</strong></span> <span class='ocrx_word' id='word_1_344' title='bbox 2310 2510 2403 2545; x_wconf 72' lang='grc'><strong>¹⁰⁷⁶</strong></span> <span class='ocrx_word' id='word_1_345' title='bbox 2432 2526 2621 2566; x_wconf 87' lang='lat' dir='ltr'><strong>secum</strong></span> <span class='ocrx_word' id='word_1_346' title='bbox 2653 2517 2707 2565; x_wconf 90' lang='lat' dir='ltr'><strong>et</strong></span> <span class='ocrx_word' id='word_1_347' title='bbox 2736 2510 2793 2564; x_wconf 94' lang='lat' dir='ltr'><strong>in</strong></span> <span class='ocrx_word' id='word_1_348' title='bbox 2823 2508 3117 2564; x_wconf 86' lang='lat' dir='ltr'><strong>Saxoniam</strong></span> <span class='ocrx_word' id='word_1_349' title='bbox 3151 2507 3372 2563; x_wconf 81' lang='lat' dir='ltr'><strong>direxit.</strong></span> <span class='ocrx_word' id='word_1_350' title='bbox 3406 2507 3569 2560; x_wconf 81' lang='lat' dir='ltr'><strong>Anno</strong></span> 
     </span>
    </p>
   </div>
   <div class='ocr_carea' id='block_1_56' title="bbox 2742 2617 3121 2673">
    <p class='ocr_par' dir='ltr' id='par_1_56' title="bbox 2742 2617 3121 2673">
     <span class='ocr_line' id='line_1_56' title="bbox 2742 2617 3121 2673; baseline -0.003 0"><span class='ocrx_word' id='word_1_351' title='bbox 2742 2617 3098 2673; x_wconf 80' lang='lat' dir='ltr'><strong>DCCCCLXVI</strong></span> <span class='ocrx_word' id='word_1_352' title='bbox 3109 2659 3121 2672; x_wconf 93' lang='lat'><strong>.</strong></span> 
     </span>
    </p>
   </div>
   <div class='ocr_carea' id='block_1_57' title="bbox 2187 2705 3752 2782">
    <p class='ocr_par' dir='ltr' id='par_1_57' title="bbox 2187 2705 3752 2782">
     <span class='ocr_line' id='line_1_57' title="bbox 2187 2705 3752 2782; baseline 0 -17"><span class='ocrx_word' id='word_1_353' title='bbox 2187 2710 2478 2767; x_wconf 90' lang='lat' dir='ltr'><strong>Lotharius</strong></span> <span class='ocrx_word' id='word_1_354' title='bbox 2508 2728 2603 2767; x_wconf 87' lang='lat' dir='ltr'><strong>rex</strong></span> <span class='ocrx_word' id='word_1_355' title='bbox 2633 2726 2860 2767; x_wconf 87' lang='lat' dir='ltr'><strong>uxorem</strong></span> <span class='ocrx_word' id='word_1_356' title='bbox 2911 2710 3125 2782; x_wconf 86' lang='lat' dir='ltr'><strong>accepit</strong></span> <span class='ocrx_word' id='word_1_357' title='bbox 3152 2705 3419 2778; x_wconf 85' lang='lat' dir='ltr'><strong>Emmam,</strong></span> <span class='ocrx_word' id='word_1_358' title='bbox 3452 2707 3752 2765; x_wconf 82' lang='lat' dir='ltr'><strong>filiam.....</strong></span> 
     </span>
    </p>
   </div>
   <div class='ocr_carea' id='block_1_58' title="bbox 2117 2802 3758 2878">
    <p class='ocr_par' dir='ltr' id='par_1_58' title="bbox 2117 2802 3758 2878">
     <span class='ocr_line' id='line_1_58' title="bbox 2117 2802 3758 2878; baseline -0.001 -21"><span class='ocrx_word' id='word_1_359' title='bbox 2117 2803 2257 2874; x_wconf 80' lang='grc'>(116)</span> <span class='ocrx_word' id='word_1_360' title='bbox 2303 2804 2453 2878; x_wconf 83' lang='lat' dir='ltr'><strong>regis</strong></span> <span class='ocrx_word' id='word_1_361' title='bbox 2481 2804 2763 2878; x_wconf 90' lang='lat' dir='ltr'><strong>quondam</strong></span> <span class='ocrx_word' id='word_1_362' title='bbox 2804 2803 2976 2859; x_wconf 85' lang='lat' dir='ltr'><strong>Italici</strong></span> <span class='ocrx_word' id='word_1_363' title='bbox 3010 2804 3121 2859; x_wconf 76' lang='grc'>¹⁰⁷⁵.</span> <span class='ocrx_word' id='word_1_364' title='bbox 3164 2802 3450 2859; x_wconf 89' lang='lat' dir='ltr'><strong>Odelricus</strong></span> <span class='ocrx_word' id='word_1_365' title='bbox 3480 2803 3758 2873; x_wconf 86' lang='lat' dir='ltr'><strong>archiepi-</strong></span> 
     </span>
    </p>
   </div>
   <div class='ocr_carea' id='block_1_59' title="bbox 2116 2894 3754 2971">
    <p class='ocr_par' dir='ltr' id='par_1_59' title="bbox 2116 2894 3754 2971">
     <span class='ocr_line' id='line_1_59' title="bbox 2116 2894 3754 2971; baseline -0.001 -20"><span class='ocrx_word' id='word_1_366' title='bbox 2116 2911 2318 2967; x_wconf 90' lang='lat' dir='ltr'><strong>scopus</strong></span> <span class='ocrx_word' id='word_1_367' title='bbox 2374 2896 2752 2971; x_wconf 81' lang='lat' dir='ltr'><strong>Ragenaldum</strong></span> <span class='ocrx_word' id='word_1_368' title='bbox 2807 2896 3065 2952; x_wconf 90' lang='lat' dir='ltr'><strong>comitem</strong></span> <span class='ocrx_word' id='word_1_369' title='bbox 3147 2894 3597 2951; x_wconf 82' lang='lat' dir='ltr'><strong>excommunicat</strong></span> <span class='ocrx_word' id='word_1_370' title='bbox 3651 2909 3754 2965; x_wconf 90' lang='lat' dir='ltr'><strong>pro</strong></span> 
     </span>
    </p>
   </div>
   <div class='ocr_carea' id='block_1_60' title="bbox 2114 2982 3757 3056">
    <p class='ocr_par' dir='ltr' id='par_1_60' title="bbox 2114 2982 3757 3056">
     <span class='ocr_line' id='line_1_60' title="bbox 2114 2982 3757 3056; baseline -0.001 -18"><span class='ocrx_word' id='word_1_371' title='bbox 2114 2984 2262 3038; x_wconf 91' lang='lat' dir='ltr'><strong>villis</strong></span> <span class='ocrx_word' id='word_1_372' title='bbox 2298 2984 2561 3040; x_wconf 63' lang='lat' dir='ltr'><strong>tecclesite</strong></span> <span class='ocrx_word' id='word_1_373' title='bbox 2610 2984 2915 3052; x_wconf 90' lang='lat' dir='ltr'><strong>Remensis,</strong></span> <span class='ocrx_word' id='word_1_374' title='bbox 2960 3000 3099 3056; x_wconf 87' lang='lat' dir='ltr'><strong>quas</strong></span> <span class='ocrx_word' id='word_1_375' title='bbox 3137 2984 3494 3055; x_wconf 89' lang='lat' dir='ltr'><strong>pertinaciter</strong></span> <span class='ocrx_word' id='word_1_376' title='bbox 3539 2982 3757 3039; x_wconf 82' lang='lat' dir='ltr'><strong>retine-</strong></span> 
     </span>
    </p>
   </div>
   <div class='ocr_carea' id='block_1_61' title="bbox 393 3059 3755 3145">
    <p class='ocr_par' dir='ltr' id='par_1_61' title="bbox 393 3059 3755 3145">
     <span class='ocr_line' id='line_1_61' title="bbox 393 3059 3755 3145; baseline -0.001 -29"><span class='ocrx_word' id='word_1_377' title='bbox 393 3061 531 3116; x_wconf 88' lang='lat' dir='ltr'><strong>sulis</strong></span> <span class='ocrx_word' id='word_1_378' title='bbox 579 3059 928 3130; x_wconf 83' lang='lat' dir='ltr'><strong>impetravit;</strong></span> <span class='ocrx_word' id='word_1_379' title='bbox 984 3068 1198 3116; x_wconf 89' lang='lat' dir='ltr'><strong>ceteras</strong></span> <span class='ocrx_word' id='word_1_380' title='bbox 1249 3075 1472 3132; x_wconf 92' lang='lat' dir='ltr'><strong>quoque</strong></span> <span class='ocrx_word' id='word_1_381' title='bbox 1538 3060 1696 3117; x_wconf 87' lang='lat' dir='ltr'><strong>villas</strong></span> <span class='ocrx_word' id='word_1_382' title='bbox 1757 3061 1847 3095; x_wconf 81' lang='grc'><strong>¹⁰⁵⁹</strong></span> <span class='ocrx_word' id='word_1_383' title='bbox 1902 3060 2016 3115; x_wconf 87' lang='lat' dir='ltr'><strong>Re-</strong></span> <span class='ocrx_word' id='word_1_384' title='bbox 2048 3072 2208 3145; x_wconf 61' lang='lat' dir='ltr'><strong>nbat</strong></span> <span class='ocrx_word' id='word_1_385' title='bbox 2244 3072 2355 3124; x_wconf 61' lang='grc' dir='ltr'><strong>ιοτσ,</strong></span> <span class='ocrx_word' id='word_1_386' title='bbox 2407 3073 2613 3145; x_wconf 66' lang='grc' dir='ltr'><strong>Ειίρεθ</strong></span> <span class='ocrx_word' id='word_1_387' title='bbox 2644 3088 2829 3128; x_wconf 71' lang='lat' dir='ltr'><strong>comes</strong></span> <span class='ocrx_word' id='word_1_388' title='bbox 2882 3072 3003 3127; x_wconf 70' lang='lat' dir='ltr'>loca</span> <span class='ocrx_word' id='word_1_389' title='bbox 3057 3073 3308 3144; x_wconf 61' lang='lat' dir='ltr'><strong>quaedam</strong></span> <span class='ocrx_word' id='word_1_390' title='bbox 3336 3072 3590 3144; x_wconf 68' lang='lat' dir='ltr'><strong>ejusdem</strong></span> <span class='ocrx_word' id='word_1_391' title='bbox 3639 3072 3755 3142; x_wconf 62' lang='lat' dir='ltr'><strong>cpi.</strong></span> 
     </span>
    </p>
   </div>
   <div class='ocr_carea' id='block_1_62' title="bbox 396 3125 3753 3239">
    <p class='ocr_par' dir='ltr' id='par_1_62' title="bbox 396 3125 3753 3239">
     <span class='ocr_line' id='line_1_62' title="bbox 396 3125 3753 3239; baseline -0 -16"><span class='ocrx_word' id='word_1_392' title='bbox 396 3151 603 3223; x_wconf 81' lang='lat' dir='ltr'><strong>mensis</strong></span> <span class='ocrx_word' id='word_1_393' title='bbox 650 3150 937 3217; x_wconf 63' lang='grc' dir='ltr'><strong>εθεοὶθείεεν</strong></span> <span class='ocrx_word' id='word_1_394' title='bbox 967 3168 1104 3223; x_wconf 71' lang='lat' dir='ltr'><strong>quas</strong></span> <span class='ocrx_word' id='word_1_395' title='bbox 1156 3162 1543 3224; x_wconf 58' lang='lat' dir='ltr'><strong>occupaverat,</strong></span> <span class='ocrx_word' id='word_1_396' title='bbox 1604 3152 1784 3208; x_wconf 74' lang='lat' dir='ltr'><strong>eidem</strong></span> <span class='ocrx_word' id='word_1_397' title='bbox 1828 3152 2018 3224; x_wconf 75' lang='grc' dir='ltr'><strong>Ροηῑί·</strong></span> <span class='ocrx_word' id='word_1_398' title='bbox 2044 3125 2094 3195; x_wconf 78' lang='lat' dir='ltr'>C</span> <span class='ocrx_word' id='word_1_399' title='bbox 2117 3165 2294 3237; x_wconf 91' lang='lat' dir='ltr'><strong>scopii</strong></span> <span class='ocrx_word' id='word_1_400' title='bbox 2325 3181 2453 3222; x_wconf 89' lang='lat' dir='ltr'><strong>cum</strong></span> <span class='ocrx_word' id='word_1_401' title='bbox 2486 3166 2602 3221; x_wconf 91' lang='lat' dir='ltr'><strong>suis</strong></span> <span class='ocrx_word' id='word_1_402' title='bbox 2631 3165 2961 3239; x_wconf 88' lang='lat' dir='ltr'><strong>pervadens,</strong></span> <span class='ocrx_word' id='word_1_403' title='bbox 3006 3165 3216 3237; x_wconf 89' lang='lat' dir='ltr'><strong>rapinis</strong></span> <span class='ocrx_word' id='word_1_404' title='bbox 3246 3165 3637 3239; x_wconf 88' lang='lat' dir='ltr'><strong>incendiisque</strong></span> <span class='ocrx_word' id='word_1_405' title='bbox 3659 3167 3753 3222; x_wconf 87' lang='lat' dir='ltr'><strong>de-</strong></span> 
     </span>
    </p>
   </div>
   <div class='ocr_carea' id='block_1_63' title="bbox 395 3242 1769 3320">
    <p class='ocr_par' dir='ltr' id='par_1_63' title="bbox 395 3242 1769 3320">
     <span class='ocr_line' id='line_1_63' title="bbox 395 3242 1769 3320; baseline 0.001 -23"><span class='ocrx_word' id='word_1_406' title='bbox 395 3242 482 3298; x_wconf 81' lang='lat' dir='ltr'><strong>ﬁci</strong></span> <span class='ocrx_word' id='word_1_407' title='bbox 514 3243 787 3313; x_wconf 85' lang='lat' dir='ltr'><strong>repetenti</strong></span> <span class='ocrx_word' id='word_1_408' title='bbox 818 3243 908 3279; x_wconf 82' lang='grc'><strong>¹⁰⁶⁰</strong></span> <span class='ocrx_word' id='word_1_409' title='bbox 938 3258 1051 3299; x_wconf 90' lang='lat' dir='ltr'><strong>non</strong></span> <span class='ocrx_word' id='word_1_410' title='bbox 1078 3244 1579 3320; x_wconf 78' lang='lat' dir='ltr'><strong>ambigitreddere.</strong></span> <span class='ocrx_word' id='word_1_411' title='bbox 1612 3245 1769 3300; x_wconf 83' lang='lat' dir='ltr'><strong>Anno</strong></span> 
     </span>
    </p>
   </div>
   <div class='ocr_carea' id='block_1_64' title="bbox 1030 3356 1382 3412">
    <p class='ocr_par' dir='ltr' id='par_1_64' title="bbox 1030 3356 1382 3412">
     <span class='ocr_line' id='line_1_64' title="bbox 1030 3356 1382 3412; baseline 0.006 -2"><span class='ocrx_word' id='word_1_412' title='bbox 1030 3356 1382 3412; x_wconf 82' lang='lat' dir='ltr'><strong>DCCCCLXV.</strong></span> 
     </span>
    </p>
   </div>
   <div class='ocr_carea' id='block_1_65' title="bbox 397 3450 2013 3527">
    <p class='ocr_par' dir='ltr' id='par_1_65' title="bbox 397 3450 2013 3527">
     <span class='ocr_line' id='line_1_65' title="bbox 397 3450 2013 3527; baseline 0.001 -20"><span class='ocrx_word' id='word_1_413' title='bbox 397 3452 519 3507; x_wconf 88' lang='lat' dir='ltr'><strong>Otto</strong></span> <span class='ocrx_word' id='word_1_414' title='bbox 567 3450 714 3506; x_wconf 84' lang='lat' dir='ltr'><strong>filius</strong></span> <span class='ocrx_word' id='word_1_415' title='bbox 742 3452 1006 3527; x_wconf 87' lang='lat' dir='ltr'><strong>Hugonis,</strong></span> <span class='ocrx_word' id='word_1_416' title='bbox 1061 3453 1155 3524; x_wconf 89' lang='lat' dir='ltr'><strong>qui</strong></span> <span class='ocrx_word' id='word_1_417' title='bbox 1188 3452 1517 3527; x_wconf 70' lang='lat' dir='ltr'><strong>Burgundiaa</strong></span> <span class='ocrx_word' id='word_1_418' title='bbox 1547 3460 1803 3524; x_wconf 70' lang='lat' dir='ltr'><strong>praeerat,</strong></span> <span class='ocrx_word' id='word_1_419' title='bbox 1853 3451 2013 3522; x_wconf 90' lang='lat' dir='ltr'><strong>obiit,</strong></span> 
     </span>
    </p>
   </div>
   <div class='ocr_carea' id='block_1_66' title="bbox 394 3545 2013 3621">
    <p class='ocr_par' dir='ltr' id='par_1_66' title="bbox 394 3545 2013 3621">
     <span class='ocr_line' id='line_1_66' title="bbox 394 3545 2013 3621; baseline 0.001 -21"><span class='ocrx_word' id='word_1_420' title='bbox 394 3552 450 3600; x_wconf 90' lang='lat' dir='ltr'><strong>et</strong></span> <span class='ocrx_word' id='word_1_421' title='bbox 479 3550 720 3600; x_wconf 90' lang='lat' dir='ltr'><strong>rectores</strong></span> <span class='ocrx_word' id='word_1_422' title='bbox 745 3545 995 3613; x_wconf 90' lang='lat' dir='ltr'><strong>ejusdem</strong></span> <span class='ocrx_word' id='word_1_423' title='bbox 1029 3545 1045 3617; x_wconf 91' lang='lat'>[</span> <span class='ocrx_word' id='word_1_424' title='bbox 1075 3554 1235 3601; x_wconf 76' lang='lat' dir='ltr'><strong>terrae</strong></span> <span class='ocrx_word' id='word_1_425' title='bbox 1267 3546 1392 3617; x_wconf 78' lang='grc'>¹⁰⁶¹]</span> <span class='ocrx_word' id='word_1_426' title='bbox 1454 3546 1524 3602; x_wconf 91' lang='lat' dir='ltr'><strong>ad</strong></span> <span class='ocrx_word' id='word_1_427' title='bbox 1582 3546 1672 3581; x_wconf 83' lang='grc'>¹⁰⁶²</span> <span class='ocrx_word' id='word_1_428' title='bbox 1729 3547 2013 3621; x_wconf 82' lang='lat' dir='ltr'><strong>Hugonem</strong></span> 
     </span>
    </p>
   </div>
   <div class='ocr_carea' id='block_1_67' title="bbox 394 3632 2015 3706">
    <p class='ocr_par' dir='ltr' id='par_1_67' title="bbox 394 3632 2015 3706">
     <span class='ocr_line' id='line_1_67' title="bbox 394 3632 2015 3706; baseline 0.002 -18"><span class='ocrx_word' id='word_1_429' title='bbox 394 3639 448 3689; x_wconf 92' lang='lat' dir='ltr'><strong>et</strong></span> <span class='ocrx_word' id='word_1_430' title='bbox 520 3632 803 3688; x_wconf 90' lang='lat' dir='ltr'><strong>Oddonem</strong></span> <span class='ocrx_word' id='word_1_431' title='bbox 876 3633 967 3668; x_wconf 80' lang='grc'>¹⁰⁸³</span> <span class='ocrx_word' id='word_1_432' title='bbox 1016 3633 1275 3690; x_wconf 90' lang='lat' dir='ltr'><strong>clericum</strong></span> <span class='ocrx_word' id='word_1_433' title='bbox 1346 3633 1543 3690; x_wconf 86' lang='lat' dir='ltr'><strong>fratres</strong></span> <span class='ocrx_word' id='word_1_434' title='bbox 1600 3635 1813 3706; x_wconf 92' lang='lat' dir='ltr'><strong>ipsius,</strong></span> <span class='ocrx_word' id='word_1_435' title='bbox 1890 3651 2015 3692; x_wconf 90' lang='lat' dir='ltr'><strong>sese</strong></span> 
     </span>
    </p>
   </div>
   <div class='ocr_carea' id='block_1_68' title="bbox 398 3723 2013 3797">
    <p class='ocr_par' dir='ltr' id='par_1_68' title="bbox 398 3723 2013 3797">
     <span class='ocr_line' id='line_1_68' title="bbox 398 3723 2013 3797; baseline 0.003 -20"><span class='ocrx_word' id='word_1_436' title='bbox 398 3729 746 3779; x_wconf 88' lang='lat' dir='ltr'><strong>convertunt.</strong></span> <span class='ocrx_word' id='word_1_437' title='bbox 804 3723 1028 3781; x_wconf 83' lang='lat' dir='ltr'><strong>Arnulfo</strong></span> <span class='ocrx_word' id='word_1_438' title='bbox 1078 3741 1299 3797; x_wconf 90' lang='lat' dir='ltr'><strong>quoque</strong></span> <span class='ocrx_word' id='word_1_439' title='bbox 1360 3725 1609 3796; x_wconf 90' lang='lat' dir='ltr'><strong>principe</strong></span> <span class='ocrx_word' id='word_1_440' title='bbox 1685 3726 2013 3791; x_wconf 88' lang='lat' dir='ltr'><strong>decedente,</strong></span> 
     </span>
    </p>
   </div>
   <div class='ocr_carea' id='block_1_69' title="bbox 398 3815 2014 3890">
    <p class='ocr_par' dir='ltr' id='par_1_69' title="bbox 398 3815 2014 3890">
     <span class='ocr_line' id='line_1_69' title="bbox 398 3815 2014 3890; baseline 0.002 -20"><span class='ocrx_word' id='word_1_441' title='bbox 398 3823 601 3870; x_wconf 89' lang='lat' dir='ltr'><strong>terram</strong></span> <span class='ocrx_word' id='word_1_442' title='bbox 672 3815 819 3869; x_wconf 92' lang='lat' dir='ltr'><strong>illius</strong></span> <span class='ocrx_word' id='word_1_443' title='bbox 874 3833 967 3872; x_wconf 89' lang='lat' dir='ltr'><strong>rex</strong></span> <span class='ocrx_word' id='word_1_444' title='bbox 1019 3816 1310 3871; x_wconf 88' lang='lat' dir='ltr'><strong>Lotharius</strong></span> <span class='ocrx_word' id='word_1_445' title='bbox 1393 3817 1716 3890; x_wconf 84' lang='lat' dir='ltr'><strong>ingreditur,</strong></span> <span class='ocrx_word' id='word_1_446' title='bbox 1778 3825 1833 3873; x_wconf 87' lang='lat' dir='ltr'><strong>et</strong></span> <span class='ocrx_word' id='word_1_447' title='bbox 1887 3834 2014 3890; x_wconf 90' lang='lat' dir='ltr'><strong>pro-</strong></span> 
     </span>
    </p>
   </div>
   <div class='ocr_carea' id='block_1_70' title="bbox 395 3905 2022 3980">
    <p class='ocr_par' dir='ltr' id='par_1_70' title="bbox 395 3905 2022 3980">
     <span class='ocr_line' id='line_1_70' title="bbox 395 3905 2022 3980; baseline 0.001 -18"><span class='ocrx_word' id='word_1_448' title='bbox 395 3921 555 3962; x_wconf 89' lang='lat' dir='ltr'><strong>ceres</strong></span> <span class='ocrx_word' id='word_1_449' title='bbox 611 3905 784 3976; x_wconf 88' lang='lat' dir='ltr'><strong>ipsius</strong></span> <span class='ocrx_word' id='word_1_450' title='bbox 835 3906 1145 3977; x_wconf 71' lang='lat' dir='ltr'><strong>provintim,</strong></span> <span class='ocrx_word' id='word_1_451' title='bbox 1202 3906 1481 3963; x_wconf 89' lang='lat' dir='ltr'><strong>mediante</strong></span> <span class='ocrx_word' id='word_1_452' title='bbox 1552 3908 1825 3964; x_wconf 89' lang='lat' dir='ltr'><strong>Roricone</strong></span> <span class='ocrx_word' id='word_1_453' title='bbox 1882 3924 2022 3980; x_wconf 71' lang='lat' dir='ltr'><strong>prae-</strong></span> 
     </span>
    </p>
   </div>
   <div class='ocr_carea' id='block_1_71' title="bbox 398 3993 2020 4071">
    <p class='ocr_par' dir='ltr' id='par_1_71' title="bbox 398 3993 2020 4071">
     <span class='ocr_line' id='line_1_71' title="bbox 398 3993 2020 4071; baseline 0.002 -21"><span class='ocrx_word' id='word_1_454' title='bbox 398 3995 519 4050; x_wconf 91' lang='lat' dir='ltr'><strong>sule</strong></span> <span class='ocrx_word' id='word_1_455' title='bbox 584 3993 961 4059; x_wconf 86' lang='lat' dir='ltr'><strong>Laudunensi,</strong></span> <span class='ocrx_word' id='word_1_456' title='bbox 1036 3993 1218 4049; x_wconf 89' lang='lat' dir='ltr'><strong>eidem</strong></span> <span class='ocrx_word' id='word_1_457' title='bbox 1283 3994 1632 4052; x_wconf 89' lang='lat' dir='ltr'><strong>subiciuntur</strong></span> <span class='ocrx_word' id='word_1_458' title='bbox 1699 3997 1833 4071; x_wconf 85' lang='lat' dir='ltr'><strong>regi.</strong></span> <span class='ocrx_word' id='word_1_459' title='bbox 1904 3996 2020 4061; x_wconf 84' lang='lat' dir='ltr'><strong>Quo</strong></span> 
     </span>
    </p>
   </div>
   <div class='ocr_carea' id='block_1_72' title="bbox 402 4082 2023 4162">
    <p class='ocr_par' dir='ltr' id='par_1_72' title="bbox 402 4082 2023 4162">
     <span class='ocr_line' id='line_1_72' title="bbox 402 4082 2023 4162; baseline 0.001 -23"><span class='ocrx_word' id='word_1_460' title='bbox 402 4082 724 4139; x_wconf 90' lang='lat' dir='ltr'><strong>Laudunum</strong></span> <span class='ocrx_word' id='word_1_461' title='bbox 781 4089 1067 4154; x_wconf 89' lang='lat' dir='ltr'><strong>repetente</strong></span> <span class='ocrx_word' id='word_1_462' title='bbox 1114 4083 1224 4153; x_wconf 66' lang='lat'><strong>1°“,</strong></span> <span class='ocrx_word' id='word_1_463' title='bbox 1282 4094 1457 4141; x_wconf 90' lang='lat' dir='ltr'><strong>mater</strong></span> <span class='ocrx_word' id='word_1_464' title='bbox 1511 4085 1686 4157; x_wconf 91' lang='lat' dir='ltr'><strong>ipsius</strong></span> <span class='ocrx_word' id='word_1_465' title='bbox 1741 4085 2023 4162; x_wconf 86' lang='lat' dir='ltr'><strong>Gerberga</strong></span> 
     </span>
    </p>
   </div>
   <div class='ocr_carea' id='block_1_73' title="bbox 401 4173 2015 4251">
    <p class='ocr_par' dir='ltr' id='par_1_73' title="bbox 401 4173 2015 4251">
     <span class='ocr_line' id='line_1_73' title="bbox 401 4173 2015 4251; baseline 0.001 -20"><span class='ocrx_word' id='word_1_466' title='bbox 401 4175 593 4251; x_wconf 84' lang='lat' dir='ltr'><strong>regina</strong></span> <span class='ocrx_word' id='word_1_467' title='bbox 641 4192 764 4230; x_wconf 91' lang='lat' dir='ltr'><strong>cum</strong></span> <span class='ocrx_word' id='word_1_468' title='bbox 813 4173 928 4230; x_wconf 87' lang='lat' dir='ltr'><strong>filio</strong></span> <span class='ocrx_word' id='word_1_469' title='bbox 976 4175 1173 4231; x_wconf 88' lang='lat' dir='ltr'><strong>Karolo</strong></span> <span class='ocrx_word' id='word_1_470' title='bbox 1236 4193 1408 4248; x_wconf 90' lang='lat' dir='ltr'><strong>puero</strong></span> <span class='ocrx_word' id='word_1_471' title='bbox 1472 4177 1675 4233; x_wconf 91' lang='lat' dir='ltr'><strong>ibidem</strong></span> <span class='ocrx_word' id='word_1_472' title='bbox 1736 4178 2015 4233; x_wconf 87' lang='lat' dir='ltr'><strong>remansit.</strong></span> 
     </span>
    </p>
   </div>
   <div class='ocr_carea' id='block_1_74' title="bbox 401 4266 2020 4341">
    <p class='ocr_par' dir='ltr' id='par_1_74' title="bbox 401 4266 2020 4341">
     <span class='ocr_line' id='line_1_74' title="bbox 401 4266 2020 4341; baseline 0.001 -18"><span class='ocrx_word' id='word_1_473' title='bbox 401 4267 686 4323; x_wconf 90' lang='lat' dir='ltr'><strong>Odelricus</strong></span> <span class='ocrx_word' id='word_1_474' title='bbox 736 4266 1186 4339; x_wconf 83' lang='lat' dir='ltr'><strong>archiepiscOpus</strong></span> <span class='ocrx_word' id='word_1_475' title='bbox 1244 4269 1581 4341; x_wconf 87' lang='lat' dir='ltr'><strong>Sparnacum</strong></span> <span class='ocrx_word' id='word_1_476' title='bbox 1641 4270 1711 4324; x_wconf 89' lang='lat' dir='ltr'><strong>ab</strong></span> <span class='ocrx_word' id='word_1_477' title='bbox 1767 4270 1857 4304; x_wconf 77' lang='grc'>¹⁰⁶⁵</span> <span class='ocrx_word' id='word_1_478' title='bbox 1914 4270 2020 4325; x_wconf 79' lang='lat' dir='ltr'><strong>He-</strong></span> 
     </span>
    </p>
   </div>
   <div class='ocr_carea' id='block_1_75' title="bbox 400 4361 2024 4436">
    <p class='ocr_par' dir='ltr' id='par_1_75' title="bbox 400 4361 2024 4436">
     <span class='ocr_line' id='line_1_75' title="bbox 400 4361 2024 4436; baseline 0.002 -19"><span class='ocrx_word' id='word_1_479' title='bbox 400 4361 606 4418; x_wconf 88' lang='lat' dir='ltr'><strong>riberto</strong></span> <span class='ocrx_word' id='word_1_480' title='bbox 637 4362 866 4434; x_wconf 89' lang='lat' dir='ltr'><strong>recepit,</strong></span> <span class='ocrx_word' id='word_1_481' title='bbox 920 4372 975 4418; x_wconf 91' lang='lat' dir='ltr'><strong>et</strong></span> <span class='ocrx_word' id='word_1_482' title='bbox 1014 4361 1361 4420; x_wconf 86' lang='lat' dir='ltr'><strong>Codiciacum</strong></span> <span class='ocrx_word' id='word_1_483' title='bbox 1401 4382 1432 4420; x_wconf 92' lang='lat' dir='ltr'><strong>a</strong></span> <span class='ocrx_word' id='word_1_484' title='bbox 1481 4364 1778 4432; x_wconf 87' lang='lat' dir='ltr'><strong>Tetbaldo;</strong></span> <span class='ocrx_word' id='word_1_485' title='bbox 1824 4380 2024 4436; x_wconf 91' lang='lat' dir='ltr'><strong>quem-</strong></span> 
     </span>
    </p>
   </div>
   <div class='ocr_carea' id='block_1_76' title="bbox 403 4454 2025 4527">
    <p class='ocr_par' dir='ltr' id='par_1_76' title="bbox 403 4454 2025 4527">
     <span class='ocr_line' id='line_1_76' title="bbox 403 4454 2025 4527; baseline 0.001 -18"><span class='ocrx_word' id='word_1_486' title='bbox 403 4470 512 4527; x_wconf 90' lang='lat' dir='ltr'><strong>que</strong></span> <span class='ocrx_word' id='word_1_487' title='bbox 540 4454 633 4489; x_wconf 83' lang='grc'>¹⁰⁶⁶</span> <span class='ocrx_word' id='word_1_488' title='bbox 674 4470 705 4509; x_wconf 89' lang='lat' dir='ltr'><strong>a</strong></span> <span class='ocrx_word' id='word_1_489' title='bbox 733 4454 957 4510; x_wconf 91' lang='lat' dir='ltr'><strong>vinculo</strong></span> <span class='ocrx_word' id='word_1_490' title='bbox 998 4454 1087 4489; x_wconf 78' lang='grc'>¹⁰⁶⁷</span> <span class='ocrx_word' id='word_1_491' title='bbox 1136 4455 1723 4512; x_wconf 88' lang='lat' dir='ltr'><strong>excommunicationis</strong></span> <span class='ocrx_word' id='word_1_492' title='bbox 1760 4455 2025 4522; x_wconf 90' lang='lat' dir='ltr'><strong>absolvit;</strong></span> 
     </span>
    </p>
   </div>
   <div class='ocr_carea' id='block_1_77' title="bbox 405 4545 2024 4620">
    <p class='ocr_par' dir='ltr' id='par_1_77' title="bbox 405 4545 2024 4620">
     <span class='ocr_line' id='line_1_77' title="bbox 405 4545 2024 4620; baseline 0 -18"><span class='ocrx_word' id='word_1_493' title='bbox 405 4552 460 4602; x_wconf 86' lang='lat' dir='ltr'><strong>et</strong></span> <span class='ocrx_word' id='word_1_494' title='bbox 507 4545 621 4603; x_wconf 86' lang='lat' dir='ltr'><strong>ﬁlio</strong></span> <span class='ocrx_word' id='word_1_495' title='bbox 663 4547 857 4619; x_wconf 90' lang='lat' dir='ltr'><strong>ipsius,</strong></span> <span class='ocrx_word' id='word_1_496' title='bbox 918 4548 1010 4619; x_wconf 93' lang='lat' dir='ltr'><strong>qui</strong></span> <span class='ocrx_word' id='word_1_497' title='bbox 1066 4548 1248 4603; x_wconf 92' lang='lat' dir='ltr'><strong>eidem</strong></span> <span class='ocrx_word' id='word_1_498' title='bbox 1304 4564 1365 4603; x_wconf 91' lang='lat' dir='ltr'><strong>se</strong></span> <span class='ocrx_word' id='word_1_499' title='bbox 1415 4549 1782 4612; x_wconf 90' lang='lat' dir='ltr'><strong>commiserat,</strong></span> <span class='ocrx_word' id='word_1_500' title='bbox 1844 4547 2024 4620; x_wconf 88' lang='lat' dir='ltr'><strong>ipsum</strong></span> 
     </span>
    </p>
   </div>
   <div class='ocr_carea' id='block_1_78' title="bbox 404 4642 962 4700">
    <p class='ocr_par' dir='ltr' id='par_1_78' title="bbox 404 4642 962 4700">
     <span class='ocr_line' id='line_1_78' title="bbox 404 4642 962 4700; baseline 0.004 -2"><span class='ocrx_word' id='word_1_501' title='bbox 404 4642 679 4700; x_wconf 89' lang='lat' dir='ltr'><strong>concessit</strong></span> <span class='ocrx_word' id='word_1_502' title='bbox 703 4651 962 4700; x_wconf 83' lang='lat' dir='ltr'><strong>castrum.</strong></span> 
     </span>
    </p>
   </div>
   <div class='ocr_carea' id='block_1_79' title="bbox 2044 4501 2894 4581">
    <p class='ocr_par' dir='ltr' id='par_1_79' title="bbox 2044 4501 2894 4581">
     <span class='ocr_line' id='line_1_79' title="bbox 2044 4501 2894 4581; baseline 0 -26"><span class='ocrx_word' id='word_1_503' title='bbox 2044 4511 2099 4581; x_wconf 84' lang='lat' dir='ltr'>D</span> <span class='ocrx_word' id='word_1_504' title='bbox 2126 4501 2272 4568; x_wconf 84' lang='lat' dir='ltr'><strong>logia</strong></span> <span class='ocrx_word' id='word_1_505' title='bbox 2331 4516 2424 4555; x_wconf 81' lang='lat' dir='ltr'><strong>seu</strong></span> <span class='ocrx_word' id='word_1_506' title='bbox 2480 4501 2545 4554; x_wconf 86' lang='lat' dir='ltr'><strong>de</strong></span> <span class='ocrx_word' id='word_1_507' title='bbox 2592 4502 2894 4581; x_wconf 72' lang='lat' dir='ltr'><strong>parentem,</strong></span> 
     </span>
    </p>
   </div>
   <div class='ocr_carea' id='block_1_80' title="bbox 2117 3261 2313 3312">
    <p class='ocr_par' dir='ltr' id='par_1_80' title="bbox 2117 3261 2313 3312">
     <span class='ocr_line' id='line_1_80' title="bbox 2117 3261 2313 3312; baseline -0.005 0"><span class='ocrx_word' id='word_1_508' title='bbox 2117 3261 2292 3312; x_wconf 88' lang='lat' dir='ltr'><strong>vastat</strong></span> <span class='ocrx_word' id='word_1_509' title='bbox 2303 3300 2313 3311; x_wconf 94' lang='lat'><strong>.</strong></span> 
     </span>
    </p>
   </div>
   <div class='ocr_carea' id='block_1_81' title="bbox 2261 3393 2721 3450">
    <p class='ocr_par' dir='ltr' id='par_1_81' title="bbox 2261 3393 2721 3450">
     <span class='ocr_line' id='line_1_81' title="bbox 2261 3393 2721 3450; baseline -0.007 0"><span class='ocrx_word' id='word_1_510' title='bbox 2261 3394 2434 3450; x_wconf 81' lang='lat' dir='ltr'><strong>Addit</strong></span> <span class='ocrx_word' id='word_1_511' title='bbox 2470 3393 2637 3449; x_wconf 71' lang='lat' dir='ltr'><strong>eodem</strong></span> <span class='ocrx_word' id='word_1_512' title='bbox 2667 3393 2693 3447; x_wconf 89' lang='grc'><strong>1</strong></span> <span class='ocrx_word' id='word_1_513' title='bbox 2709 3434 2721 3448; x_wconf 94' lang='grc'>.</span> 
     </span>
    </p>
   </div>
   <div class='ocr_carea' id='block_1_82' title="bbox 3119 3394 3601 3450">
    <p class='ocr_par' dir='ltr' id='par_1_82' title="bbox 3119 3394 3601 3450">
     <span class='ocr_line' id='line_1_82' title="bbox 3119 3394 3601 3450; baseline 0 0"><span class='ocrx_word' id='word_1_514' title='bbox 3119 3394 3300 3450; x_wconf 82' lang='lat' dir='ltr'><strong>Addit</strong></span> <span class='ocrx_word' id='word_1_515' title='bbox 3335 3395 3506 3450; x_wconf 63' lang='lat' dir='ltr'><strong>eodem</strong></span> <span class='ocrx_word' id='word_1_516' title='bbox 3546 3395 3601 3450; x_wconf 86' lang='lat'><strong>2.</strong></span> 
     </span>
    </p>
   </div>
   <div class='ocr_carea' id='block_1_83' title="bbox 2188 3501 3747 3573">
    <p class='ocr_par' dir='ltr' id='par_1_83' title="bbox 2188 3501 3747 3573">
     <span class='ocr_line' id='line_1_83' title="bbox 2188 3501 3747 3573; baseline 0.001 -16"><span class='ocrx_word' id='word_1_517' title='bbox 2188 3502 2392 3558; x_wconf 85' lang='lat' dir='ltr'><strong>Eodem</strong></span> <span class='ocrx_word' id='word_1_518' title='bbox 2445 3508 2697 3573; x_wconf 92' lang='lat' dir='ltr'><strong>tempore</strong></span> <span class='ocrx_word' id='word_1_519' title='bbox 2765 3501 2915 3557; x_wconf 90' lang='lat' dir='ltr'><strong>dire-</strong></span> <span class='ocrx_word' id='word_1_520' title='bbox 3059 3503 3185 3573; x_wconf 87' lang='lat' dir='ltr'><strong>Ipso</strong></span> <span class='ocrx_word' id='word_1_521' title='bbox 3208 3518 3355 3559; x_wconf 88' lang='lat' dir='ltr'><strong>anno</strong></span> <span class='ocrx_word' id='word_1_522' title='bbox 3374 3502 3459 3558; x_wconf 89' lang='lat' dir='ltr'><strong>vir</strong></span> <span class='ocrx_word' id='word_1_523' title='bbox 3482 3502 3612 3559; x_wconf 84' lang='lat' dir='ltr'><strong>vitae</strong></span> <span class='ocrx_word' id='word_1_524' title='bbox 3644 3519 3747 3558; x_wconf 91' lang='lat' dir='ltr'><strong>ve-</strong></span> 
     </span>
    </p>
   </div>
   <div class='ocr_carea' id='block_1_84' title="bbox 2116 3574 3747 3645">
    <p class='ocr_par' dir='ltr' id='par_1_84' title="bbox 2116 3574 3747 3645">
     <span class='ocr_line' id='line_1_84' title="bbox 2116 3574 3747 3645; baseline -0.001 -15"><span class='ocrx_word' id='word_1_525' title='bbox 2116 3582 2218 3631; x_wconf 63' lang='lat' dir='ltr'><strong>ctae</strong></span> <span class='ocrx_word' id='word_1_526' title='bbox 2244 3580 2374 3630; x_wconf 89' lang='lat' dir='ltr'><strong>sunt</strong></span> <span class='ocrx_word' id='word_1_527' title='bbox 2402 3574 2910 3645; x_wconf 69' lang='lat' dir='ltr'><strong>litteraeaquodam</strong></span> <span class='ocrx_word' id='word_1_528' title='bbox 2986 3574 3276 3641; x_wconf 81' lang='lat' dir='ltr'><strong>nerabilis,</strong></span> <span class='ocrx_word' id='word_1_529' title='bbox 3335 3584 3391 3629; x_wconf 91' lang='lat' dir='ltr'><strong>et</strong></span> <span class='ocrx_word' id='word_1_530' title='bbox 3452 3574 3747 3630; x_wconf 90' lang='lat' dir='ltr'><strong>Remensis</strong></span> 
     </span>
    </p>
   </div>
   <div class='ocr_carea' id='block_1_85' title="bbox 2116 3645 3754 3717">
    <p class='ocr_par' dir='ltr' id='par_1_85' title="bbox 2116 3645 3754 3717">
     <span class='ocr_line' id='line_1_85' title="bbox 2116 3645 3754 3717; baseline -0.001 -15"><span class='ocrx_word' id='word_1_531' title='bbox 2116 3645 2312 3702; x_wconf 89' lang='lat' dir='ltr'><strong>comite</strong></span> <span class='ocrx_word' id='word_1_532' title='bbox 2382 3645 2508 3700; x_wconf 91' lang='lat' dir='ltr'><strong>duci</strong></span> <span class='ocrx_word' id='word_1_533' title='bbox 2589 3646 2897 3717; x_wconf 82' lang='lat' dir='ltr'><strong>Aquitano-</strong></span> <span class='ocrx_word' id='word_1_534' title='bbox 2973 3645 3754 3717; x_wconf 58' lang='lat' dir='ltr'><strong>acclesiaapresbitermomi-</strong></span> 
     </span>
    </p>
   </div>
   <div class='ocr_carea' id='block_1_86' title="bbox 2116 3717 3751 3783">
    <p class='ocr_par' dir='ltr' id='par_1_86' title="bbox 2116 3717 3751 3783">
     <span class='ocr_line' id='line_1_86' title="bbox 2116 3717 3751 3783; baseline 0.001 -12"><span class='ocrx_word' id='word_1_535' title='bbox 2116 3733 2274 3783; x_wconf 86' lang='lat' dir='ltr'><strong>rum,</strong></span> <span class='ocrx_word' id='word_1_536' title='bbox 2335 3718 2452 3772; x_wconf 71' lang='lat' dir='ltr'><strong>lucc</strong></span> <span class='ocrx_word' id='word_1_537' title='bbox 2523 3719 2893 3772; x_wconf 89' lang='lat' dir='ltr'><strong>continentes.</strong></span> <span class='ocrx_word' id='word_1_538' title='bbox 2974 3733 3043 3771; x_wconf 91' lang='lat' dir='ltr'><strong>nc</strong></span> <span class='ocrx_word' id='word_1_539' title='bbox 3084 3717 3448 3781; x_wconf 86' lang='lat' dir='ltr'><strong>Frodoardus,</strong></span> <span class='ocrx_word' id='word_1_540' title='bbox 3481 3718 3751 3773; x_wconf 86' lang='lat' dir='ltr'><strong>sanctita-</strong></span> 
     </span>
    </p>
   </div>
   <div class='ocr_carea' id='block_1_87' title="bbox 2116 3788 3751 3858">
    <p class='ocr_par' dir='ltr' id='par_1_87' title="bbox 2116 3788 3751 3858">
     <span class='ocr_line' id='line_1_87' title="bbox 2116 3788 3751 3858; baseline 0 -15"><span class='ocrx_word' id='word_1_541' title='bbox 2116 3789 2254 3843; x_wconf 84' lang='lat' dir='ltr'><strong>Duci</strong></span> <span class='ocrx_word' id='word_1_542' title='bbox 2341 3789 2753 3858; x_wconf 81' lang='lat' dir='ltr'><strong>Aquitanorum</strong></span> <span class='ocrx_word' id='word_1_543' title='bbox 2836 3789 2876 3845; x_wconf 84' lang='lat' dir='ltr'><strong><em>G</em></strong></span> <span class='ocrx_word' id='word_1_544' title='bbox 2976 3788 3046 3842; x_wconf 92' lang='lat' dir='ltr'><strong>tis</strong></span> <span class='ocrx_word' id='word_1_545' title='bbox 3096 3788 3305 3844; x_wconf 91' lang='lat' dir='ltr'><strong>honore</strong></span> <span class='ocrx_word' id='word_1_546' title='bbox 3339 3789 3428 3823; x_wconf 68' lang='lat'><strong>“’77</strong></span> <span class='ocrx_word' id='word_1_547' title='bbox 3472 3804 3751 3844; x_wconf 85' lang='lat' dir='ltr'><strong>veneran-</strong></span> 
     </span>
    </p>
   </div>
   <div class='ocr_carea' id='block_1_88' title="bbox 2119 3859 3753 3929">
    <p class='ocr_par' dir='ltr' id='par_1_88' title="bbox 2119 3859 3753 3929">
     <span class='ocr_line' id='line_1_88' title="bbox 2119 3859 3753 3929; baseline 0 -14"><span class='ocrx_word' id='word_1_548' title='bbox 2119 3860 2440 3928; x_wconf 81' lang='lat' dir='ltr'><strong>Raynatdus</strong></span> <span class='ocrx_word' id='word_1_549' title='bbox 2497 3875 2663 3913; x_wconf 83' lang='lat' dir='ltr'><strong>comes</strong></span> <span class='ocrx_word' id='word_1_550' title='bbox 2721 3862 2901 3914; x_wconf 81' lang='lat' dir='ltr'><strong>Parti-</strong></span> <span class='ocrx_word' id='word_1_551' title='bbox 2975 3860 3098 3926; x_wconf 91' lang='lat' dir='ltr'><strong>dus,</strong></span> <span class='ocrx_word' id='word_1_552' title='bbox 3153 3859 3417 3915; x_wconf 88' lang='lat' dir='ltr'><strong>castitatis</strong></span> <span class='ocrx_word' id='word_1_553' title='bbox 3446 3860 3753 3929; x_wconf 88' lang='lat' dir='ltr'><strong>splendore</strong></span> 
     </span>
    </p>
   </div>
   <div class='ocr_carea' id='block_1_89' title="bbox 2120 3930 3753 4036">
    <p class='ocr_par' dir='ltr' id='par_1_89' title="bbox 2120 3930 3753 4036">
     <span class='ocr_line' id='line_1_89' title="bbox 2120 3930 3753 4036; baseline 0 -51"><span class='ocrx_word' id='word_1_554' title='bbox 2120 3933 2322 4036; x_wconf 47' lang='lat' dir='ltr'><strong>pensis,</strong></span> <span class='ocrx_word' id='word_1_555' title='bbox 2370 3932 2633 4036; x_wconf 47' lang='lat' dir='ltr'><strong>qpicqzltid</strong></span> <span class='ocrx_word' id='word_1_556' title='bbox 2674 3932 2900 4014; x_wconf 66' lang='lat' dir='ltr'><strong>quilibet</strong></span> <span class='ocrx_word' id='word_1_557' title='bbox 2972 3930 3257 4036; x_wconf 69' lang='lat' dir='ltr'><strong>angeliqus</strong></span> <span class='ocrx_word' id='word_1_558' title='bbox 3286 3931 3499 4036; x_wconf 46' lang='lat' dir='ltr'><strong>fulggrge</strong></span> <span class='ocrx_word' id='word_1_559' title='bbox 3530 3931 3753 4036; x_wconf 81' lang='lat' dir='ltr'><strong>sapien-</strong></span> 
     </span>
     <span class='ocr_line' id='line_1_90' title="bbox 2157 4011 3745 4036; baseline 0 0"><span class='ocrx_word' id='word_1_560' title='bbox 2157 4017 2286 4036; x_wconf 74' lang='lat' dir='ltr'><strong>nnnc</strong></span> <span class='ocrx_word' id='word_1_561' title='bbox 2335 4018 2401 4036; x_wconf 66' lang='lat' dir='ltr'><strong>me</strong></span> <span class='ocrx_word' id='word_1_562' title='bbox 2430 4018 2540 4036; x_wconf 62' lang='lat' dir='ltr'><strong>smn</strong></span> <span class='ocrx_word' id='word_1_563' title='bbox 2629 4018 2868 4036; x_wconf 72' lang='lat' dir='ltr'><strong>nmmum</strong></span> <span class='ocrx_word' id='word_1_564' title='bbox 2972 4011 3059 4036; x_wconf 75' lang='lat' dir='ltr'><strong>hm</strong></span> <span class='ocrx_word' id='word_1_565' title='bbox 3089 4018 3172 4036; x_wconf 80' lang='lat' dir='ltr'><strong>nm</strong></span> <span class='ocrx_word' id='word_1_566' title='bbox 3200 4018 3313 4036; x_wconf 70' lang='lat' dir='ltr'><strong>Innc</strong></span> <span class='ocrx_word' id='word_1_567' title='bbox 3514 4017 3595 4036; x_wconf 67' lang='lat' dir='ltr'><strong>nm</strong></span> <span class='ocrx_word' id='word_1_568' title='bbox 3624 4018 3745 4036; x_wconf 69' lang='lat' dir='ltr'><strong>om-</strong></span> 
     </span>
    </p>
   </div>
   <div class='ocr_carea' id='block_1_90' title="bbox 2123 4002 3746 4073">
    <p class='ocr_par' dir='ltr' id='par_1_90' title="bbox 2123 4002 3746 4073">
     <span class='ocr_line' id='line_1_91' title="bbox 2123 4002 3746 4073; baseline -0.001 -16"><span class='ocrx_word' id='word_1_569' title='bbox 2123 4002 2286 4057; x_wconf 84' lang='lat' dir='ltr'><strong>bonus</strong></span> <span class='ocrx_word' id='word_1_570' title='bbox 2331 4007 2563 4057; x_wconf 72' lang='lat' dir='ltr'><strong>aestimat</strong></span> <span class='ocrx_word' id='word_1_571' title='bbox 2624 4004 2891 4073; x_wconf 79' lang='lat' dir='ltr'><strong>primum.</strong></span> <span class='ocrx_word' id='word_1_572' title='bbox 2972 4002 3073 4057; x_wconf 62' lang='lat' dir='ltr'><strong>tiaa&#39;</strong></span> <span class='ocrx_word' id='word_1_573' title='bbox 3089 4002 3316 4058; x_wconf 89' lang='lat' dir='ltr'><strong>coelicus</strong></span> <span class='ocrx_word' id='word_1_574' title='bbox 3368 4002 3460 4036; x_wconf 75' lang='grc'><strong>¹⁰⁷⁸</strong></span> <span class='ocrx_word' id='word_1_575' title='bbox 3514 4010 3746 4057; x_wconf 66' lang='lat' dir='ltr'><strong>caetera-</strong></span> 
     </span>
    </p>
   </div>
   <div class='ocr_carea' id='block_1_91' title="bbox 2120 4073 3750 4147">
    <p class='ocr_par' dir='ltr' id='par_1_91' title="bbox 2120 4073 3750 4147">
     <span class='ocr_line' id='line_1_92' title="bbox 2120 4073 3750 4147; baseline 0 -20"><span class='ocrx_word' id='word_1_576' title='bbox 2120 4076 2196 4147; x_wconf 69' lang='lat' dir='ltr'><strong>De</strong></span> <span class='ocrx_word' id='word_1_577' title='bbox 2225 4073 2569 4128; x_wconf 78' lang='lat' dir='ltr'><strong>collocatione</strong></span> <span class='ocrx_word' id='word_1_578' title='bbox 2608 4078 2814 4147; x_wconf 84' lang='lat' dir='ltr'><strong>_nostra</strong></span> <span class='ocrx_word' id='word_1_579' title='bbox 2842 4077 2894 4128; x_wconf 85' lang='lat' dir='ltr'><strong>et</strong></span> <span class='ocrx_word' id='word_1_580' title='bbox 2963 4090 3199 4147; x_wconf 75' lang='lat' dir='ltr'><strong>rumque</strong></span> <span class='ocrx_word' id='word_1_581' title='bbox 3221 4073 3481 4147; x_wconf 84' lang='lat' dir='ltr'><strong>virtutum</strong></span> <span class='ocrx_word' id='word_1_582' title='bbox 3512 4073 3750 4147; x_wconf 79' lang='lat' dir='ltr'><strong>insigni-</strong></span> 
     </span>
    </p>
   </div>
   <div class='ocr_carea' id='block_1_92' title="bbox 2121 4144 3747 4214">
    <p class='ocr_par' dir='ltr' id='par_1_92' title="bbox 2121 4144 3747 4214">
     <span class='ocr_line' id='line_1_93' title="bbox 2121 4144 3747 4214; baseline 0.001 -16"><span class='ocrx_word' id='word_1_583' title='bbox 2121 4145 2187 4198; x_wconf 88' lang='lat' dir='ltr'><strong>de</strong></span> <span class='ocrx_word' id='word_1_584' title='bbox 2208 4147 2564 4214; x_wconf 85' lang='lat' dir='ltr'><strong>profectione,</strong></span> <span class='ocrx_word' id='word_1_585' title='bbox 2586 4144 2652 4199; x_wconf 89' lang='lat' dir='ltr'><strong>de</strong></span> <span class='ocrx_word' id='word_1_586' title='bbox 2670 4160 2781 4214; x_wconf 87' lang='lat' dir='ltr'><strong>qua</strong></span> <span class='ocrx_word' id='word_1_587' title='bbox 2808 4160 2891 4199; x_wconf 86' lang='lat' dir='ltr'><strong>me</strong></span> <span class='ocrx_word' id='word_1_588' title='bbox 2963 4144 3067 4199; x_wconf 90' lang='lat' dir='ltr'><strong>bus</strong></span> <span class='ocrx_word' id='word_1_589' title='bbox 3114 4144 3465 4199; x_wconf 85' lang='lat' dir='ltr'><strong>abundanter</strong></span> <span class='ocrx_word' id='word_1_590' title='bbox 3495 4145 3589 4179; x_wconf 70' lang='lat'><strong>1°79</strong></span> <span class='ocrx_word' id='word_1_591' title='bbox 3629 4144 3747 4214; x_wconf 74' lang='grc' dir='ltr'><strong>ὀρ-</strong></span> 
     </span>
    </p>
   </div>
   <div class='ocr_carea' id='block_1_93' title="bbox 2118 4215 3749 4286">
    <p class='ocr_par' dir='ltr' id='par_1_93' title="bbox 2118 4215 3749 4286">
     <span class='ocr_line' id='line_1_94' title="bbox 2118 4215 3749 4286; baseline -0.001 -16"><span class='ocrx_word' id='word_1_592' title='bbox 2118 4217 2400 4281; x_wconf 82' lang='lat' dir='ltr'><strong>monuisti,</strong></span> <span class='ocrx_word' id='word_1_593' title='bbox 2428 4217 2761 4271; x_wconf 83' lang='lat' dir='ltr'><strong>contradicto</strong></span> <span class='ocrx_word' id='word_1_594' title='bbox 2782 4231 2893 4270; x_wconf 90' lang='lat' dir='ltr'><strong>om-</strong></span> <span class='ocrx_word' id='word_1_595' title='bbox 2968 4217 3171 4286; x_wconf 91' lang='lat' dir='ltr'><strong>pletns,</strong></span> <span class='ocrx_word' id='word_1_596' title='bbox 3380 4215 3749 4286; x_wconf 60' lang='lat' dir='ltr'><strong>pracedentis</strong></span> 
     </span>
    </p>
   </div>
   <div class='ocr_carea' id='block_1_94' title="bbox 2123 4285 3752 4360">
    <p class='ocr_par' dir='ltr' id='par_1_94' title="bbox 2123 4285 3752 4360">
     <span class='ocr_line' id='line_1_95' title="bbox 2123 4285 3752 4360; baseline 0.001 -20"><span class='ocrx_word' id='word_1_597' title='bbox 2123 4289 2305 4360; x_wconf 64' lang='grc' dir='ltr'><strong>ηἰηο.⁸</strong></span> <span class='ocrx_word' id='word_1_598' title='bbox 2341 4290 2483 4344; x_wconf 89' lang='lat' dir='ltr'><strong>Nam</strong></span> <span class='ocrx_word' id='word_1_599' title='bbox 2529 4292 2658 4360; x_wconf 71' lang='lat' dir='ltr'><strong>.etas</strong></span> <span class='ocrx_word' id='word_1_600' title='bbox 2694 4292 2744 4341; x_wconf 91' lang='lat' dir='ltr'><strong>et</strong></span> <span class='ocrx_word' id='word_1_601' title='bbox 2780 4288 2894 4341; x_wconf 85' lang='lat' dir='ltr'><strong>alia</strong></span> <span class='ocrx_word' id='word_1_602' title='bbox 2967 4285 3143 4341; x_wconf 91' lang='lat' dir='ltr'><strong>libelli</strong></span> <span class='ocrx_word' id='word_1_603' title='bbox 3199 4285 3555 4360; x_wconf 85' lang='lat' dir='ltr'><strong>aliorumque</strong></span> <span class='ocrx_word' id='word_1_604' title='bbox 3584 4286 3752 4360; x_wconf 83' lang='lat' dir='ltr'><strong>libro-</strong></span> 
     </span>
    </p>
   </div>
   <div class='ocr_carea' id='block_1_95' title="bbox 2125 4358 3748 4429">
    <p class='ocr_par' dir='ltr' id='par_1_95' title="bbox 2125 4358 3748 4429">
     <span class='ocr_line' id='line_1_96' title="bbox 2125 4358 3748 4429; baseline 0.001 -18"><span class='ocrx_word' id='word_1_605' title='bbox 2125 4358 2512 4426; x_wconf 79' lang='lat' dir='ltr'><strong>impedimenta</strong></span> <span class='ocrx_word' id='word_1_606' title='bbox 2538 4359 2787 4426; x_wconf 80' lang='lat' dir='ltr'><strong>ofﬁciunt</strong></span> <span class='ocrx_word' id='word_1_607' title='bbox 2804 4361 2896 4413; x_wconf 81' lang='lat' dir='ltr'><strong>iti-</strong></span> <span class='ocrx_word' id='word_1_608' title='bbox 2972 4374 3093 4429; x_wconf 87' lang='lat' dir='ltr'><strong>rum</strong></span> <span class='ocrx_word' id='word_1_609' title='bbox 3166 4358 3401 4414; x_wconf 91' lang='lat' dir='ltr'><strong>dictator</strong></span> <span class='ocrx_word' id='word_1_610' title='bbox 3462 4358 3748 4429; x_wconf 81' lang='lat' dir='ltr'><strong>egregius;</strong></span> 
     </span>
    </p>
   </div>
   <div class='ocr_carea' id='block_1_96' title="bbox 2127 4428 3752 4501">
    <p class='ocr_par' dir='ltr' id='par_1_96' title="bbox 2127 4428 3752 4501">
     <span class='ocr_line' id='line_1_97' title="bbox 2127 4428 3752 4501; baseline 0 -19"><span class='ocrx_word' id='word_1_611' title='bbox 2127 4431 2251 4483; x_wconf 79' lang='lat' dir='ltr'><strong>neri</strong></span> <span class='ocrx_word' id='word_1_612' title='bbox 2276 4434 2474 4484; x_wconf 88' lang='lat' dir='ltr'><strong>nostro.</strong></span> <span class='ocrx_word' id='word_1_613' title='bbox 2497 4430 2603 4486; x_wconf 88' lang='lat' dir='ltr'><strong>Sed</strong></span> <span class='ocrx_word' id='word_1_614' title='bbox 2622 4430 2687 4483; x_wconf 87' lang='lat' dir='ltr'><strong>de</strong></span> <span class='ocrx_word' id='word_1_615' title='bbox 2706 4445 2900 4497; x_wconf 85' lang='lat' dir='ltr'><strong>genea—</strong></span> <span class='ocrx_word' id='word_1_616' title='bbox 2972 4428 3166 4501; x_wconf 88' lang='lat' dir='ltr'><strong>quinto</strong></span> <span class='ocrx_word' id='word_1_617' title='bbox 3276 4430 3367 4465; x_wconf 82' lang='grc'><strong>¹⁰⁸⁰</strong></span> <span class='ocrx_word' id='word_1_618' title='bbox 3474 4428 3752 4485; x_wconf 76' lang='lat' dir='ltr'><strong>Kalenda-</strong></span> 
     </span>
    </p>
   </div>
   <div class='ocr_carea' id='block_1_97' title="bbox 2971 4501 3753 4571">
    <p class='ocr_par' dir='ltr' id='par_1_97' title="bbox 2971 4501 3753 4571">
     <span class='ocr_line' id='line_1_98' title="bbox 2971 4501 3753 4571; baseline 0.004 -18"><span class='ocrx_word' id='word_1_619' title='bbox 2971 4501 3173 4571; x_wconf 88' lang='lat' dir='ltr'><strong>Aprilis</strong></span> <span class='ocrx_word' id='word_1_620' title='bbox 3215 4501 3303 4536; x_wconf 75' lang='grc' dir='ltr'><strong>¹ι⁰⁸¹</strong></span> <span class='ocrx_word' id='word_1_621' title='bbox 3355 4507 3593 4556; x_wconf 66' lang='lat' dir='ltr'><strong>terrenae</strong></span> <span class='ocrx_word' id='word_1_622' title='bbox 3653 4518 3753 4571; x_wconf 87' lang='lat' dir='ltr'><strong>pe-</strong></span> 
     </span>
    </p>
   </div>
   <div class='ocr_carea' id='block_1_98' title="bbox 2127 4572 3750 4652">
    <p class='ocr_par' dir='ltr' id='par_1_98' title="bbox 2127 4572 3750 4652">
     <span class='ocr_line' id='line_1_99' title="bbox 2127 4572 3750 4652; baseline 0.001 -27"><span class='ocrx_word' id='word_1_623' title='bbox 2127 4588 2352 4652; x_wconf 81' lang='lat' dir='ltr'><strong>qu_a_me</strong></span> <span class='ocrx_word' id='word_1_624' title='bbox 2374 4577 2634 4652; x_wconf 56' lang='lat' dir='ltr'><strong>prasente</strong></span> <span class='ocrx_word' id='word_1_625' title='bbox 2658 4587 2893 4652; x_wconf 60' lang='lat' dir='ltr'><strong>narrare</strong></span> <span class='ocrx_word' id='word_1_626' title='bbox 2965 4572 3356 4652; x_wconf 67' lang='lat' dir='ltr'><strong>regrinationis</strong></span> <span class='ocrx_word' id='word_1_627' title='bbox 3425 4573 3750 4652; x_wconf 64' lang='lat' dir='ltr'><strong>relinquens</strong></span> 
     </span>
    </p>
   </div>
   <div class='ocr_carea' id='block_1_99' title="bbox 2124 4642 3752 4715">
    <p class='ocr_par' dir='ltr' id='par_1_99' title="bbox 2124 4642 3752 4715">
     <span class='ocr_line' id='line_1_100' title="bbox 2124 4642 3752 4715; baseline 0.001 -18"><span class='ocrx_word' id='word_1_628' title='bbox 2124 4643 2357 4711; x_wconf 82' lang='lat' dir='ltr'><strong>volebas,</strong></span> <span class='ocrx_word' id='word_1_629' title='bbox 2390 4643 2535 4713; x_wconf 84' lang='lat' dir='ltr'><strong>quod</strong></span> <span class='ocrx_word' id='word_1_630' title='bbox 2571 4643 2699 4697; x_wconf 73' lang='lat' dir='ltr'><strong>inde</strong></span> <span class='ocrx_word' id='word_1_631' title='bbox 2748 4646 2894 4710; x_wconf 82' lang='lat' dir='ltr'><strong>novi,</strong></span> <span class='ocrx_word' id='word_1_632' title='bbox 2972 4642 3159 4715; x_wconf 82' lang='lat' dir='ltr'><strong>exilia,</strong></span> <span class='ocrx_word' id='word_1_633' title='bbox 3206 4642 3402 4712; x_wconf 81' lang='lat' dir='ltr'><strong>civica,</strong></span> <span class='ocrx_word' id='word_1_634' title='bbox 3457 4653 3519 4700; x_wconf 91' lang='lat' dir='ltr'><strong>ut</strong></span> <span class='ocrx_word' id='word_1_635' title='bbox 3568 4642 3752 4700; x_wconf 80' lang='lat' dir='ltr'><strong>credis</strong></span> 
     </span>
    </p>
   </div>
   <div class='ocr_carea' id='block_1_100' title="bbox 1752 4774 2386 4832">
    <p class='ocr_par' dir='ltr' id='par_1_100' title="bbox 1752 4774 2386 4832">
     <span class='ocr_line' id='line_1_101' title="bbox 1752 4774 2386 4832; baseline -0.006 0"><span class='ocrx_word' id='word_1_636' title='bbox 1752 4776 1974 4832; x_wconf 75' lang='lat' dir='ltr'><strong>VARUE</strong></span> <span class='ocrx_word' id='word_1_637' title='bbox 2008 4774 2281 4832; x_wconf 86' lang='lat' dir='ltr'><strong>LECTION</strong></span> <span class='ocrx_word' id='word_1_638' title='bbox 2290 4775 2386 4831; x_wconf 86' lang='lat' dir='ltr'><strong>ES.</strong></span> 
     </span>
    </p>
   </div>
   <div class='ocr_carea' id='block_1_101' title="bbox 483 4900 3750 4974">
    <p class='ocr_par' dir='ltr' id='par_1_101' title="bbox 483 4900 3750 4974">
     <span class='ocr_line' id='line_1_102' title="bbox 483 4900 3750 4974; baseline -0 -17"><span class='ocrx_word' id='word_1_639' title='bbox 483 4902 573 4938; x_wconf 72' lang='grc'>¹⁰⁴⁷</span> <span class='ocrx_word' id='word_1_640' title='bbox 605 4901 928 4974; x_wconf 89' lang='lat' dir='ltr'><strong>episcopum</strong></span> <span class='ocrx_word' id='word_1_641' title='bbox 950 4901 1004 4958; x_wconf 81' lang='lat'><strong>2.</strong></span> <span class='ocrx_word' id='word_1_642' title='bbox 1035 4902 1088 4960; x_wconf 89' lang='lat'><strong>3.</strong></span> <span class='ocrx_word' id='word_1_643' title='bbox 1161 4902 1253 4938; x_wconf 75' lang='grc'><strong>¹⁰⁴⁸</strong></span> <span class='ocrx_word' id='word_1_644' title='bbox 1283 4902 1589 4974; x_wconf 76' lang='grc' dir='ltr'><strong>οάθιι-ἰουτη</strong></span> <span class='ocrx_word' id='word_1_645' title='bbox 1626 4918 1765 4958; x_wconf 81' lang='lat' dir='ltr'><strong>corr.</strong></span> <span class='ocrx_word' id='word_1_646' title='bbox 1826 4903 2070 4959; x_wconf 90' lang='lat' dir='ltr'><strong>odelrico</strong></span> <span class='ocrx_word' id='word_1_647' title='bbox 2110 4902 2161 4958; x_wconf 87' lang='grc'><strong>1.</strong></span> <span class='ocrx_word' id='word_1_648' title='bbox 2191 4902 2493 4958; x_wconf 88' lang='lat' dir='ltr'><strong>odalricum</strong></span> <span class='ocrx_word' id='word_1_649' title='bbox 2522 4901 2671 4974; x_wconf 83' lang='lat'><strong>2.3.</strong></span> <span class='ocrx_word' id='word_1_650' title='bbox 2740 4900 2830 4974; x_wconf 56' lang='grc' dir='ltr'>ίίξδθ</span> <span class='ocrx_word' id='word_1_651' title='bbox 2858 4900 3210 4974; x_wconf 57' lang='grc' dir='ltr'><strong>ρόειίτὶομιεβ.</strong></span> <span class='ocrx_word' id='word_1_652' title='bbox 3244 4900 3327 4974; x_wconf 31' lang='grc'><strong>3.,</strong></span> <span class='ocrx_word' id='word_1_653' title='bbox 3364 4900 3463 4974; x_wconf 54' lang='grc' dir='ltr'><strong>ξοξο</strong></span> <span class='ocrx_word' id='word_1_654' title='bbox 3491 4900 3750 4974; x_wconf 84' lang='lat' dir='ltr'><strong>ministe-</strong></span> 
     </span>
    </p>
   </div>
   <div class='ocr_carea' id='block_1_102' title="bbox 406 4973 828 5029">
    <p class='ocr_par' dir='ltr' id='par_1_102' title="bbox 406 4973 828 5029">
     <span class='ocr_line' id='line_1_103' title="bbox 406 4973 828 5029; baseline 0.002 -1"><span class='ocrx_word' id='word_1_655' title='bbox 406 4973 493 5029; x_wconf 92' lang='lat' dir='ltr'><strong>rio</strong></span> <span class='ocrx_word' id='word_1_656' title='bbox 534 4973 649 5029; x_wconf 87' lang='lat' dir='ltr'><strong>me</strong></span> <span class='ocrx_word' id='word_1_657' title='bbox 673 4974 728 5027; x_wconf 90' lang='grc'><strong>2.</strong></span> <span class='ocrx_word' id='word_1_658' title='bbox 776 4973 828 5029; x_wconf 85' lang='grc'><strong>3.</strong></span> 
     </span>
    </p>
   </div>
   <div class='ocr_carea' id='block_1_103' title="bbox 406 5045 1265 5115">
    <p class='ocr_par' dir='ltr' id='par_1_103' title="bbox 406 5045 1265 5115">
     <span class='ocr_line' id='line_1_104' title="bbox 406 5045 1265 5115; baseline 0.003 -17"><span class='ocrx_word' id='word_1_659' title='bbox 406 5045 500 5115; x_wconf 65' lang='grc' dir='ltr'><strong>Ψδδ</strong></span> <span class='ocrx_word' id='word_1_660' title='bbox 529 5045 760 5115; x_wconf 88' lang='lat' dir='ltr'><strong>hyemps</strong></span> <span class='ocrx_word' id='word_1_661' title='bbox 789 5046 841 5099; x_wconf 92' lang='lat'><strong>2.</strong></span> <span class='ocrx_word' id='word_1_662' title='bbox 924 5045 1011 5080; x_wconf 81' lang='grc'><strong>¹⁰⁵⁷</strong></span> <span class='ocrx_word' id='word_1_663' title='bbox 1042 5047 1187 5101; x_wconf 86' lang='lat' dir='ltr'><strong>deest</strong></span> <span class='ocrx_word' id='word_1_664' title='bbox 1213 5046 1265 5100; x_wconf 90' lang='lat'><strong>2.</strong></span> 
     </span>
    </p>
   </div>
   <div class='ocr_carea' id='block_1_104' title="bbox 408 5114 1717 5173">
    <p class='ocr_par' dir='ltr' id='par_1_104' title="bbox 408 5114 1717 5173">
     <span class='ocr_line' id='line_1_105' title="bbox 408 5114 1717 5173; baseline 0.004 -6"><span class='ocrx_word' id='word_1_665' title='bbox 408 5114 496 5150; x_wconf 83' lang='grc'>¹⁰⁶¹</span> <span class='ocrx_word' id='word_1_666' title='bbox 528 5114 743 5171; x_wconf 71' lang='lat' dir='ltr'><strong>deesti.</strong></span> <span class='ocrx_word' id='word_1_667' title='bbox 818 5116 909 5152; x_wconf 78' lang='grc'>¹⁰⁶²</span> <span class='ocrx_word' id='word_1_668' title='bbox 930 5122 983 5171; x_wconf 92' lang='lat' dir='ltr'><strong>et</strong></span> <span class='ocrx_word' id='word_1_669' title='bbox 1034 5117 1087 5172; x_wconf 91' lang='lat'><strong>2.</strong></span> <span class='ocrx_word' id='word_1_670' title='bbox 1157 5116 1515 5173; x_wconf 64' lang='lat' dir='ltr'><strong>1modonem</strong></span> <span class='ocrx_word' id='word_1_671' title='bbox 1555 5117 1591 5171; x_wconf 90' lang='lat'><strong>2</strong></span> <span class='ocrx_word' id='word_1_672' title='bbox 1664 5117 1717 5172; x_wconf 89' lang='lat'><strong>3.</strong></span> 
     </span>
    </p>
   </div>
   <div class='ocr_carea' id='block_1_105' title="bbox 407 5186 1838 5245">
    <p class='ocr_par' dir='ltr' id='par_1_105' title="bbox 407 5186 1838 5245">
     <span class='ocr_line' id='line_1_106' title="bbox 407 5186 1838 5245; baseline 0.002 -7"><span class='ocrx_word' id='word_1_673' title='bbox 407 5186 461 5239; x_wconf 87' lang='grc'><strong>1.</strong></span> <span class='ocrx_word' id='word_1_674' title='bbox 540 5186 628 5222; x_wconf 81' lang='grc'>¹⁰⁶⁷</span> <span class='ocrx_word' id='word_1_675' title='bbox 659 5187 934 5243; x_wconf 91' lang='lat' dir='ltr'><strong>auunculo</strong></span> <span class='ocrx_word' id='word_1_676' title='bbox 960 5203 1097 5244; x_wconf 84' lang='lat' dir='ltr'><strong>corr.</strong></span> <span class='ocrx_word' id='word_1_677' title='bbox 1132 5204 1163 5243; x_wconf 91' lang='lat' dir='ltr'><strong>a</strong></span> <span class='ocrx_word' id='word_1_678' title='bbox 1187 5188 1412 5245; x_wconf 89' lang='lat' dir='ltr'><strong>uinculo</strong></span> <span class='ocrx_word' id='word_1_679' title='bbox 1448 5190 1500 5245; x_wconf 88' lang='grc'>1.</span> <span class='ocrx_word' id='word_1_680' title='bbox 1584 5188 1675 5224; x_wconf 78' lang='grc'>¹⁰⁶⁸</span> <span class='ocrx_word' id='word_1_681' title='bbox 1706 5194 1761 5243; x_wconf 92' lang='lat' dir='ltr'><strong>et</strong></span> <span class='ocrx_word' id='word_1_682' title='bbox 1786 5187 1838 5241; x_wconf 93' lang='grc'>1.</span> 
     </span>
    </p>
   </div>
   <div class='ocr_carea' id='block_1_106' title="bbox 409 5256 2195 5359">
    <p class='ocr_par' dir='ltr' id='par_1_106' title="bbox 409 5256 2195 5359">
     <span class='ocr_line' id='line_1_107' title="bbox 409 5256 2195 5359; baseline 0.004 -52"><span class='ocrx_word' id='word_1_683' title='bbox 409 5256 578 5359; x_wconf 73' lang='lat' dir='ltr'><strong>patris</strong></span> <span class='ocrx_word' id='word_1_684' title='bbox 626 5256 815 5338; x_wconf 78' lang='lat' dir='ltr'><strong>cubile</strong></span> <span class='ocrx_word' id='word_1_685' title='bbox 861 5259 1190 5315; x_wconf 91' lang='lat' dir='ltr'><strong>ascenderat</strong></span> <span class='ocrx_word' id='word_1_686' title='bbox 1236 5259 1388 5329; x_wconf 84' lang='lat' dir='ltr'><strong>Hugo</strong></span> <span class='ocrx_word' id='word_1_687' title='bbox 1428 5261 1482 5315; x_wconf 83' lang='lat' dir='ltr'><strong>V.</strong></span> <span class='ocrx_word' id='word_1_688' title='bbox 1561 5258 1654 5294; x_wconf 82' lang='grc'>¹⁰⁷³</span> <span class='ocrx_word' id='word_1_689' title='bbox 1692 5258 2016 5330; x_wconf 84' lang='lat' dir='ltr'><strong>episcOpum</strong></span> <span class='ocrx_word' id='word_1_690' title='bbox 2047 5257 2099 5313; x_wconf 83' lang='lat'><strong>2.</strong></span> <span class='ocrx_word' id='word_1_691' title='bbox 2125 5256 2195 5315; x_wconf 59' lang='lat'><strong>&#39;3.</strong></span> 
     </span>
     <span class='ocr_line' id='line_1_108' title="bbox 434 5326 2195 5359; baseline 0 0"><span class='ocrx_word' id='word_1_692' title='bbox 434 5326 504 5359; x_wconf 75' lang='grc'><strong>078</strong></span> <span class='ocrx_word' id='word_1_693' title='bbox 526 5327 809 5359; x_wconf 57' lang='lat' dir='ltr'><strong>Ral-nulum!</strong></span> <span class='ocrx_word' id='word_1_694' title='bbox 840 5330 875 5359; x_wconf 78' lang='grc' dir='ltr'><strong>ο</strong></span> <span class='ocrx_word' id='word_1_695' title='bbox 931 5330 963 5359; x_wconf 74' lang='grc'><strong>⁸)</strong></span> <span class='ocrx_word' id='word_1_696' title='bbox 1059 5331 1148 5359; x_wconf 77' lang='grc' dir='ltr'><strong>ίοἾἾ</strong></span> <span class='ocrx_word' id='word_1_697' title='bbox 1180 5332 1213 5359; x_wconf 68' lang='grc' dir='ltr'><strong>ι.</strong></span> <span class='ocrx_word' id='word_1_698' title='bbox 1258 5348 1286 5359; x_wconf 76' lang='grc'><strong>.-</strong></span> <span class='ocrx_word' id='word_1_699' title='bbox 1331 5333 1363 5359; x_wconf 75' lang='grc' dir='ltr'><strong>ο</strong></span> <span class='ocrx_word' id='word_1_700' title='bbox 1462 5330 1553 5359; x_wconf 71' lang='grc'>10⁸111</span> <span class='ocrx_word' id='word_1_701' title='bbox 1579 5330 1788 5359; x_wconf 66' lang='grc' dir='ltr'><strong>ηωιέιηα</strong></span> <span class='ocrx_word' id='word_1_702' title='bbox 1828 5331 1860 5359; x_wconf 72' lang='grc' dir='ltr'><strong>’.ι</strong></span> <span class='ocrx_word' id='word_1_703' title='bbox 1957 5329 2049 5359; x_wconf 71' lang='grc' dir='ltr'><strong>ΠΠΩ</strong></span> <span class='ocrx_word' id='word_1_704' title='bbox 2071 5330 2195 5359; x_wconf 55' lang='lat' dir='ltr'><strong>Iani“</strong></span> 
     </span>
    </p>
   </div>
   <div class='ocr_carea' id='block_1_107' title="bbox 920 4973 2069 5031">
    <p class='ocr_par' dir='ltr' id='par_1_107' title="bbox 920 4973 2069 5031">
     <span class='ocr_line' id='line_1_109' title="bbox 920 4973 2069 5031; baseline 0.002 -4"><span class='ocrx_word' id='word_1_705' title='bbox 920 4975 1010 5009; x_wconf 73' lang='grc'>¹¹⁰⁵</span> <span class='ocrx_word' id='word_1_706' title='bbox 1039 4990 1290 5030; x_wconf 89' lang='lat' dir='ltr'><strong>meorum</strong></span> <span class='ocrx_word' id='word_1_707' title='bbox 1317 4973 1368 5031; x_wconf 88' lang='lat'><strong>3.</strong></span> <span class='ocrx_word' id='word_1_708' title='bbox 1454 4974 1545 5008; x_wconf 79' lang='grc'><strong>¹⁰⁵²</strong></span> <span class='ocrx_word' id='word_1_709' title='bbox 1570 4973 1866 5030; x_wconf 89' lang='lat' dir='ltr'><strong>frodoardo</strong></span> <span class='ocrx_word' id='word_1_710' title='bbox 1910 4975 1963 5029; x_wconf 90' lang='lat'><strong>2.</strong></span> <span class='ocrx_word' id='word_1_711' title='bbox 2015 4974 2069 5031; x_wconf 90' lang='lat'><strong>3.</strong></span> 
     </span>
    </p>
   </div>
   <div class='ocr_carea' id='block_1_108' title="bbox 1940 5185 3297 5260">
    <p class='ocr_par' dir='ltr' id='par_1_108' title="bbox 1940 5185 3297 5260">
     <span class='ocr_line' id='line_1_110' title="bbox 1940 5185 3297 5260; baseline -0.001 -19"><span class='ocrx_word' id='word_1_712' title='bbox 1940 5185 2030 5223; x_wconf 71' lang='grc'>10⁸9</span> <span class='ocrx_word' id='word_1_713' title='bbox 2054 5187 2207 5260; x_wconf 23' lang='grc' dir='ltr'><strong>ξηεᾼτ.</strong></span> <span class='ocrx_word' id='word_1_714' title='bbox 2244 5188 2380 5260; x_wconf 30' lang='grc' dir='ltr'><strong>2η3έ</strong></span> <span class='ocrx_word' id='word_1_715' title='bbox 2454 5185 2547 5260; x_wconf 60' lang='lat'><strong>1°79</strong></span> <span class='ocrx_word' id='word_1_716' title='bbox 2574 5202 2810 5260; x_wconf 67' lang='lat' dir='ltr'><strong>censeris</strong></span> <span class='ocrx_word' id='word_1_717' title='bbox 2834 5185 2885 5241; x_wconf 79' lang='lat'><strong>2.</strong></span> <span class='ocrx_word' id='word_1_718' title='bbox 2931 5185 3051 5260; x_wconf 69' lang='lat' dir='ltr'>_“_m</span> <span class='ocrx_word' id='word_1_719' title='bbox 3074 5188 3217 5260; x_wconf 78' lang='lat' dir='ltr'><strong>deest</strong></span> <span class='ocrx_word' id='word_1_720' title='bbox 3244 5186 3297 5241; x_wconf 92' lang='lat'><strong>3.</strong></span> 
     </span>
    </p>
   </div>
   <div class='ocr_carea' id='block_1_109' title="bbox 2140 4970 3742 5045">
    <p class='ocr_par' dir='ltr' id='par_1_109' title="bbox 2140 4970 3742 5045">
     <span class='ocr_line' id='line_1_111' title="bbox 2140 4970 3742 5045; baseline 0.012 -38"><span class='ocrx_word' id='word_1_721' title='bbox 2140 4974 2233 5008; x_wconf 75' lang='lat'><strong>1953</strong></span> <span class='ocrx_word' id='word_1_722' title='bbox 2260 4975 2403 5029; x_wconf 66' lang='lat' dir='ltr'><strong>deest</strong></span> <span class='ocrx_word' id='word_1_723' title='bbox 2427 4974 2480 5027; x_wconf 74' lang='lat'><strong>2.</strong></span> <span class='ocrx_word' id='word_1_724' title='bbox 2571 4972 2740 5045; x_wconf 46' lang='grc' dir='ltr'><strong>ωηεν.</strong></span> <span class='ocrx_word' id='word_1_725' title='bbox 2766 4972 2811 5045; x_wconf 71' lang='grc' dir='ltr'><strong>ἱ.</strong></span> <span class='ocrx_word' id='word_1_726' title='bbox 2826 4972 3032 5045; x_wconf 77' lang='lat' dir='ltr'><strong>desunt</strong></span> <span class='ocrx_word' id='word_1_727' title='bbox 3058 4973 3112 5045; x_wconf 85' lang='lat'><strong>2.</strong></span> <span class='ocrx_word' id='word_1_728' title='bbox 3133 4971 3255 5045; x_wconf 29' lang='lat'><strong>3.“</strong></span> <span class='ocrx_word' id='word_1_729' title='bbox 3289 4970 3380 5008; x_wconf 76' lang='grc'>¹⁰⁵⁶</span> <span class='ocrx_word' id='word_1_730' title='bbox 3413 4973 3455 5028; x_wconf 91' lang='lat' dir='ltr'><strong>l.</strong></span> <span class='ocrx_word' id='word_1_731' title='bbox 3499 4990 3557 5045; x_wconf 90' lang='lat' dir='ltr'><strong>q.</strong></span> <span class='ocrx_word' id='word_1_732' title='bbox 3606 4973 3742 5045; x_wconf 14' lang='lat'><strong>2.73.</strong></span> 
     </span>
    </p>
   </div>
   <div class='ocr_carea' id='block_1_110' title="bbox 1356 5043 3740 5115">
    <p class='ocr_par' dir='ltr' id='par_1_110' title="bbox 1356 5043 3740 5115">
     <span class='ocr_line' id='line_1_112' title="bbox 1356 5043 3740 5115; baseline 0 -15"><span class='ocrx_word' id='word_1_733' title='bbox 1356 5045 1495 5081; x_wconf 66' lang='lat'><strong>‘05&quot;</strong></span> <span class='ocrx_word' id='word_1_734' title='bbox 1526 5044 1785 5100; x_wconf 85' lang='lat' dir='ltr'><strong>februarii</strong></span> <span class='ocrx_word' id='word_1_735' title='bbox 1818 5046 1872 5102; x_wconf 80' lang='lat'><strong>2.</strong></span> <span class='ocrx_word' id='word_1_736' title='bbox 1904 5045 1957 5102; x_wconf 90' lang='lat'><strong>3.</strong></span> <span class='ocrx_word' id='word_1_737' title='bbox 2013 5044 2104 5080; x_wconf 80' lang='grc'><strong>¹⁶⁵³</strong></span> <span class='ocrx_word' id='word_1_738' title='bbox 2135 5044 2632 5101; x_wconf 89' lang='lat' dir='ltr'><strong>excommunicavit</strong></span> <span class='ocrx_word' id='word_1_739' title='bbox 2657 5044 2710 5098; x_wconf 85' lang='lat'><strong>2.</strong></span> <span class='ocrx_word' id='word_1_740' title='bbox 2774 5043 2867 5115; x_wconf 54' lang='lat'><strong>1°59</strong></span> <span class='ocrx_word' id='word_1_741' title='bbox 2885 5044 3031 5115; x_wconf 85' lang='lat' dir='ltr'><strong>deest</strong></span> <span class='ocrx_word' id='word_1_742' title='bbox 3062 5044 3116 5098; x_wconf 92' lang='grc'><strong>1.</strong></span> <span class='ocrx_word' id='word_1_743' title='bbox 3171 5043 3262 5115; x_wconf 60' lang='grc' dir='ltr'><strong>¹⁰⁶εξ</strong></span> <span class='ocrx_word' id='word_1_744' title='bbox 3286 5043 3607 5115; x_wconf 80' lang='lat' dir='ltr'><strong>reposcenti</strong></span> <span class='ocrx_word' id='word_1_745' title='bbox 3653 5044 3740 5100; x_wconf 83' lang='lat' dir='ltr'><strong>3b.</strong></span> 
     </span>
    </p>
   </div>
   <div class='ocr_carea' id='block_1_111' title="bbox 1795 5114 2837 5187">
    <p class='ocr_par' dir='ltr' id='par_1_111' title="bbox 1795 5114 2837 5187">
     <span class='ocr_line' id='line_1_113' title="bbox 1795 5114 2837 5187; baseline -0.002 -16"><span class='ocrx_word' id='word_1_746' title='bbox 1795 5116 1886 5152; x_wconf 74' lang='grc'><strong>¹⁰⁶⁴</strong></span> <span class='ocrx_word' id='word_1_747' title='bbox 1916 5115 2218 5186; x_wconf 87' lang='lat' dir='ltr'><strong>repedante</strong></span> <span class='ocrx_word' id='word_1_748' title='bbox 2257 5132 2395 5172; x_wconf 86' lang='lat' dir='ltr'><strong>corr.</strong></span> <span class='ocrx_word' id='word_1_749' title='bbox 2452 5122 2743 5187; x_wconf 90' lang='lat' dir='ltr'><strong>repetente</strong></span> <span class='ocrx_word' id='word_1_750' title='bbox 2779 5114 2837 5169; x_wconf 89' lang='lat'><strong>2.</strong></span> 
     </span>
    </p>
   </div>
   <div class='ocr_carea' id='block_1_112' title="bbox 2924 5113 3743 5257">
    <p class='ocr_par' dir='ltr' id='par_1_112' title="bbox 2924 5113 3743 5257">
     <span class='ocr_line' id='line_1_114' title="bbox 2924 5113 3743 5188; baseline -0.002 -18"><span class='ocrx_word' id='word_1_751' title='bbox 2924 5114 3015 5153; x_wconf 74' lang='grc'><strong>¹⁰⁶⁵</strong></span> <span class='ocrx_word' id='word_1_752' title='bbox 3043 5115 3189 5170; x_wconf 85' lang='lat' dir='ltr'><strong>deest</strong></span> <span class='ocrx_word' id='word_1_753' title='bbox 3241 5113 3295 5171; x_wconf 80' lang='lat'><strong>2.</strong></span> <span class='ocrx_word' id='word_1_754' title='bbox 3353 5113 3365 5115; x_wconf 72' lang='grc'><strong><em>“</em></strong></span> <span class='ocrx_word' id='word_1_755' title='bbox 3396 5115 3489 5150; x_wconf 85' lang='grc'>¹⁰⁷⁷</span> <span class='ocrx_word' id='word_1_756' title='bbox 3519 5130 3743 5188; x_wconf 89' lang='lat' dir='ltr'><strong>quoque</strong></span> 
     </span>
     <span class='ocr_line' id='line_1_115' title="bbox 2963 5185 3742 5257; baseline -0.001 -17"><span class='ocrx_word' id='word_1_757' title='bbox 2963 5185 3051 5221; x_wconf 75' lang='grc' dir='ltr'><strong>ίοτί</strong></span> <span class='ocrx_word' id='word_1_758' title='bbox 3074 5188 3217 5241; x_wconf 87' lang='lat' dir='ltr'><strong>deest</strong></span> <span class='ocrx_word' id='word_1_759' title='bbox 3244 5186 3297 5241; x_wconf 92' lang='lat'><strong>3.</strong></span> <span class='ocrx_word' id='word_1_760' title='bbox 3386 5186 3478 5221; x_wconf 77' lang='grc'><strong>¹⁰⁷²</strong></span> <span class='ocrx_word' id='word_1_761' title='bbox 3517 5187 3577 5241; x_wconf 90' lang='grc' dir='ltr'><strong>Β.</strong></span> <span class='ocrx_word' id='word_1_762' title='bbox 3610 5186 3742 5257; x_wconf 88' lang='lat' dir='ltr'><strong>quia</strong></span> 
     </span>
    </p>
   </div>
   <div class='ocr_carea' id='block_1_113' title="bbox 2287 5256 3737 5314">
    <p class='ocr_par' dir='ltr' id='par_1_113' title="bbox 2287 5256 3737 5314">
     <span class='ocr_line' id='line_1_116' title="bbox 2287 5256 3737 5314; baseline 0.002 -2"><span class='ocrx_word' id='word_1_763' title='bbox 2287 5259 2443 5314; x_wconf 70' lang='lat' dir='ltr'><strong>“ms.</strong></span> <span class='ocrx_word' id='word_1_764' title='bbox 2486 5258 2712 5313; x_wconf 86' lang='lat' dir='ltr'><strong>adduxit</strong></span> <span class='ocrx_word' id='word_1_765' title='bbox 2748 5258 2801 5312; x_wconf 80' lang='lat'><strong>2.</strong></span> <span class='ocrx_word' id='word_1_766' title='bbox 2844 5257 3122 5313; x_wconf 88' lang='lat' dir='ltr'><strong>s.abduxit</strong></span> <span class='ocrx_word' id='word_1_767' title='bbox 3162 5257 3216 5311; x_wconf 89' lang='lat'><strong>3.</strong></span> <span class='ocrx_word' id='word_1_768' title='bbox 3299 5256 3391 5293; x_wconf 69' lang='grc' dir='ltr'><strong>ποτε</strong></span> <span class='ocrx_word' id='word_1_769' title='bbox 3422 5257 3590 5314; x_wconf 70' lang='lat' dir='ltr'><strong>Italiae</strong></span> <span class='ocrx_word' id='word_1_770' title='bbox 3632 5256 3737 5314; x_wconf 71' lang='lat' dir='ltr'><strong>ab.</strong></span> 
     </span>
    </p>
   </div>
   <div class='ocr_carea' id='block_1_114' title="bbox 434 5326 3350 5409">
    <p class='ocr_par' dir='ltr' id='par_1_114' title="bbox 434 5326 3350 5409">
     <span class='ocr_line' id='line_1_117' title="bbox 434 5326 3350 5409; baseline 0.001 -28"><span class='ocrx_word' id='word_1_771' title='bbox 434 5326 504 5361; x_wconf 78' lang='grc'>⁰⁷⁶</span> <span class='ocrx_word' id='word_1_772' title='bbox 525 5327 813 5383; x_wconf 90' lang='lat' dir='ltr'><strong>detinebat</strong></span> <span class='ocrx_word' id='word_1_773' title='bbox 840 5330 895 5385; x_wconf 87' lang='lat'><strong>2.</strong></span> <span class='ocrx_word' id='word_1_774' title='bbox 930 5330 984 5388; x_wconf 89' lang='lat'><strong>3.</strong></span> <span class='ocrx_word' id='word_1_775' title='bbox 1059 5331 1148 5366; x_wconf 83' lang='grc'>¹⁰⁷⁷</span> <span class='ocrx_word' id='word_1_776' title='bbox 1180 5332 1233 5386; x_wconf 94' lang='lat' dir='ltr'><strong>b.</strong></span> <span class='ocrx_word' id='word_1_777' title='bbox 1258 5326 1384 5388; x_wconf 76' lang='lat' dir='ltr'><strong>s.3.</strong></span> <span class='ocrx_word' id='word_1_778' title='bbox 1462 5330 1553 5366; x_wconf 74' lang='grc'><strong>³0⁷⁸</strong></span> <span class='ocrx_word' id='word_1_779' title='bbox 1577 5326 1790 5409; x_wconf 72' lang='lat' dir='ltr'><strong>caelitus</strong></span> <span class='ocrx_word' id='word_1_780' title='bbox 1827 5326 1905 5385; x_wconf 56' lang='lat' dir='ltr'><strong>3f</strong></span> <span class='ocrx_word' id='word_1_781' title='bbox 1957 5329 2049 5365; x_wconf 80' lang='grc'>¹⁰⁷⁹</span> <span class='ocrx_word' id='word_1_782' title='bbox 2071 5330 2324 5387; x_wconf 91' lang='lat' dir='ltr'><strong>habund.</strong></span> <span class='ocrx_word' id='word_1_783' title='bbox 2353 5329 2406 5387; x_wconf 91' lang='lat'><strong>3.</strong></span> <span class='ocrx_word' id='word_1_784' title='bbox 2492 5329 2584 5365; x_wconf 80' lang='grc'><strong>¹⁰⁸⁰</strong></span> <span class='ocrx_word' id='word_1_785' title='bbox 2604 5329 2797 5401; x_wconf 89' lang='lat' dir='ltr'><strong>quinta</strong></span> <span class='ocrx_word' id='word_1_786' title='bbox 2825 5328 2878 5386; x_wconf 89' lang='lat'><strong>3.</strong></span> <span class='ocrx_word' id='word_1_787' title='bbox 2956 5328 3043 5363; x_wconf 75' lang='grc'>¹⁰⁸¹</span> <span class='ocrx_word' id='word_1_788' title='bbox 3066 5328 3274 5400; x_wconf 88' lang='lat' dir='ltr'><strong>apriles</strong></span> <span class='ocrx_word' id='word_1_789' title='bbox 3295 5329 3350 5384; x_wconf 87' lang='lat'><strong>3.</strong></span> 
     </span>
    </p>
   </div>
   <div class='ocr_carea' id='block_1_115' title="bbox 1973 5459 2180 5515">
    <p class='ocr_par' dir='ltr' id='par_1_115' title="bbox 1973 5459 2180 5515">
     <span class='ocr_line' id='line_1_118' title="bbox 1973 5459 2180 5515; baseline 0.01 -2"><span class='ocrx_word' id='word_1_790' title='bbox 1973 5459 2180 5515; x_wconf 74' lang='grc' dir='ltr'><strong>ΝΟΤΑΞ.</strong></span> 
     </span>
    </p>
   </div>
   <div class='ocr_carea' id='block_1_116' title="bbox 484 5551 2033 5631">
    <p class='ocr_par' dir='ltr' id='par_1_116' title="bbox 484 5551 2033 5631">
     <span class='ocr_line' id='line_1_119' title="bbox 484 5551 2033 5631; baseline -0.002 -18"><span class='ocrx_word' id='word_1_791' title='bbox 484 5551 908 5631; x_wconf 39' lang='grc' dir='ltr'><strong>(Ηὲξιῐςεοηρω</strong></span> <span class='ocrx_word' id='word_1_792' title='bbox 940 5556 1077 5631; x_wconf 73' lang='lat' dir='ltr'><strong>Vill.</strong></span> <span class='ocrx_word' id='word_1_793' title='bbox 1127 5557 1280 5629; x_wconf 77' lang='grc' dir='ltr'><strong>Ηυεο</strong></span> <span class='ocrx_word' id='word_1_794' title='bbox 1324 5558 1385 5613; x_wconf 75' lang='grc' dir='ltr'><strong>ν.</strong></span> <span class='ocrx_word' id='word_1_795' title='bbox 1417 5556 1592 5631; x_wconf 87' lang='lat' dir='ltr'><strong>magis</strong></span> <span class='ocrx_word' id='word_1_796' title='bbox 1650 5563 1816 5621; x_wconf 87' lang='lat' dir='ltr'><strong>errat,</strong></span> <span class='ocrx_word' id='word_1_797' title='bbox 1867 5556 2033 5611; x_wconf 88' lang='lat' dir='ltr'><strong>Joan-</strong></span> 
     </span>
    </p>
   </div>
   <div class='ocr_carea' id='block_1_117' title="bbox 414 5619 1649 5682">
    <p class='ocr_par' dir='ltr' id='par_1_117' title="bbox 414 5619 1649 5682">
     <span class='ocr_line' id='line_1_120' title="bbox 414 5619 1649 5682; baseline 0.011 -15"><span class='ocrx_word' id='word_1_798' title='bbox 414 5628 542 5669; x_wconf 90' lang='lat' dir='ltr'><strong>nem</strong></span> <span class='ocrx_word' id='word_1_799' title='bbox 569 5619 658 5671; x_wconf 85' lang='lat' dir='ltr'><strong>Xll</strong></span> <span class='ocrx_word' id='word_1_800' title='bbox 687 5628 816 5679; x_wconf 89' lang='lat' dir='ltr'><strong>tunc</strong></span> <span class='ocrx_word' id='word_1_801' title='bbox 833 5629 1191 5681; x_wconf 87' lang='lat' dir='ltr'><strong>constitutum</strong></span> <span class='ocrx_word' id='word_1_802' title='bbox 1211 5619 1341 5682; x_wconf 62' lang='lat' dir='ltr'><strong>csse</strong></span> <span class='ocrx_word' id='word_1_803' title='bbox 1372 5619 1649 5681; x_wconf 66' lang='lat' dir='ltr'><strong>asseFens.</strong></span> 
     </span>
    </p>
   </div>
   <div class='ocr_carea' id='block_1_118' title="bbox 1384 5784 1429 5825">
    <p class='ocr_par' dir='ltr' id='par_1_118' title="bbox 1384 5784 1429 5825">
     <span class='ocr_line' id='line_1_121' title="bbox 1384 5784 1429 5825; baseline 0 -12"><span class='ocrx_word' id='word_1_804' title='bbox 1384 5784 1429 5825; x_wconf 52' lang='grc' dir='ltr'><strong>,ἡ</strong></span> 
     </span>
    </p>
   </div>
   <div class='ocr_carea' id='block_1_119' title="bbox 2206 5555 3083 5631">
    <p class='ocr_par' dir='ltr' id='par_1_119' title="bbox 2206 5555 3083 5631">
     <span class='ocr_line' id='line_1_122' title="bbox 2206 5555 3083 5631; baseline -0.002 -18"><span class='ocrx_word' id='word_1_805' title='bbox 2206 5557 2355 5628; x_wconf 70' lang='grc'>(416)</span> <span class='ocrx_word' id='word_1_806' title='bbox 2396 5556 2658 5627; x_wconf 90' lang='lat' dir='ltr'><strong>Lotharii,</strong></span> <span class='ocrx_word' id='word_1_807' title='bbox 2691 5557 2936 5631; x_wconf 80' lang='lat' dir='ltr'><strong>Hugonis</strong></span> <span class='ocrx_word' id='word_1_808' title='bbox 2963 5555 3083 5612; x_wconf 85' lang='lat' dir='ltr'><strong>filii.</strong></span> 
     </span>
    </p>
   </div>
  </div>
