3972 6206
193 275 299 330 493
717 272 796 325 DE
838 272 1198 326 TBlLTMPIIIS
1240 271 1497 326 CHRISTI
1545 272 1622 326 ΕΤ
1664 272 1754 325 SS.
1801 271 2204 325 PALJESTINzE
2244 271 2418 324 LIBBl
2463 271 2649 326 TBES.
2692 301 2759 310 ——
2803 271 2927 326 LIB.
2974 273 3014 328 I.
3425 276 3536 329 494

194 397 455 471 Angelico
469 396 644 451 doctis
667 395 876 450 monitu
909 395 1241 468 pastoribus.
1277 399 1336 452 In
1362 405 1412 452 te
1845 402 1894 469 Α
1924 393 1961 447 Ο
1980 394 2303 460 Jerusalem,
2327 394 2478 465 pacis
2509 411 2632 465 qua}
2659 394 2797 449 visio
2820 395 2966 450 dicta

195 489 426 544 CLBIICIIS
447 496 705 543 ostensus
734 488 892 558 panis
925 504 1034 560 quo
1066 489 1250 544 vivere
1270 487 1518 562 gaudent
1924 481 2213 536 Paciﬂcum
2255 498 2439 556 regem
2472 483 2688 553 spernis
2718 483 2728 537 !
2760 484 2896 549 Quid
2942 485 3127 540 munia
3169 485 3322 556 pacis

190 581 421 652 Agmina
451 580 598 635 celsa
623 581 756 651 poli,
788 580 992 652 gaudet
1019 597 1129 652 quo
1159 581 1343 636 vivere
1374 578 1632 645 mundus,
1918 573 2153 640 Amittis,
2189 575 2396 645 pr0prii
2428 576 2701 630 contraria
2732 577 2995 644 nominis,
3024 577 3234 632 audens

192 671 337 741 (H6;
373 670 632 725 Primitiis
660 671 885 737 nostris,
915 670 968 723 in
988 678 1039 725 te
1065 670 1292 725 salvatio
1320 676 1504 724 nostra
1918 665 2207 720 Auctorem
2241 667 2411 737 pacis.
2434 668 2526 738 qui
2567 669 2861 724 conciliare
2884 671 3143 741 supernis

195 763 342 824 Visa,
375 763 610 817 docente
637 771 804 829 astro,
837 763 1149 834 donataque
1167 779 1399 818 munere
1429 763 1617 835 digno,
1917 755 2023 810 Res
2052 756 2188 826 petit
2217 759 2508 823 humanas,
2544 762 2919 830 pessumdare.
2961 763 3176 818 Perdita
3208 780 3462 834 qumrcns

198 855 403 926 Hisque
433 854 571 909 ﬁdes
603 864 716 911 ιοιο
747 864 806 911 ut
833 865 1052 911 maneat
1082 857 1331 912 (ιογοιίοιι
1359 873 1495 924 imo,
1915 848 2166 902 Terribili
2203 859 2421 920 spectas
2444 852 2768 907 morientem
2801 855 3039 924 pessima
3064 857 3241 910 vultu.

196 947 435 1020 Virginis
461 964 525 1002 ex
562 949 760 1002 haustu
785 949 979 1003 sacraii
1004 950 1119 1005 hmo
1144 950 1260 1020 ipsa
1292 949 1470 1003 Mari-,3
1911 940 2062 1004 Quod
2083 941 2363 1011 pavefacta
2385 953 2532 998 metu
2568 945 3068 1018 fugiuntelementa
3100 949 3319 1003 videre!

195 1037 368 1091 Stella
392 1037 578 1091 nitens
608 1038 762 1108 putei
793 1038 1044 1111 signatur
1075 1038 1226 1094 fonte
1257 1039 1422 1106 tueri,
1909 1034 2068 1088 Terra
2097 1037 2298 1101 tremit,
2344 1038 2524 1092 radios
2553 1040 2741 1094 condit
2779 1041 2857 1094 sol
2887 1041 3007 1096 luce
3032 1042 3233 1116 fugata,

193 1129 466 1184 omnibus
494 1129 637 1184 haud
671 1131 895 1200 passim,
928 1131 1150 1185 mundis
1171 1131 1334 1185 modo
1387 1130 1573 1196 corde,
1607 1136 1813 1184 retecta
1911 1121 2047 1176 Saxa
2105 1132 2351 1196 crepant,
2411 1134 2768 1182 nomumenta
2847 1135 3057 1198 patent,
3117 1138 3244 1184 sunt
3313 1133 3538 1188 carbasa

193 1220 326 1283 Quae
368 1219 664 1274 tenebrosa
701 1219 819 1286 diu,
853 1237 974 1291 qua:
1005 1219 1214 1291 perﬁda
1235 1221 1399 1276 corda
1415 1219 1669 1294 gerebas,
3207 1223 3431 1292 [scissa;

198 1313 533 1368 leilumen
567 1314 720 1368 humi
742 1313 968 1368 latitans
1003 1313 1231 1388 ngypte
1265 1328 1532 1367 reservas,
1922 1305 2118 1360 Durior
2139 1313 2192 1360 et
2221 1307 2364 1361 saxis
2394 1309 2576 1362 nescis
2614 1308 2726 1364 fera
2748 1311 2998 1366 scindere
3027 1312 3191 1366 corda
3226 1312 3238 1364 I

198 1409 425 1475 Nazara,
457 1407 751 1484 magnifico
791 1408 920 1462 felix
950 1407 1296 1478 splendescis
1327 1407 1549 1462 alumno
1920 1393 2186 1449 Fllndilus
2214 1412 2484 1465 eversam,
2518 1414 2626 1469 (1υο
2656 1400 2927 1469 Ρτοάοηω
2959 1408 3111 1455 reatu

202 1496 303 1560 Qui
335 1495 777 1562 terrenafovens,
807 1496 1055 1552 coalestia
1085 1497 1204 1551 luce
1224 1503 1461 1562 serenat,
1921 1489 2198 1557 Νονίῐηυεν
2231 1499 2287 1546 et
2313 1493 2508 1567 dignas
2539 1495 2769 1549 SOIViSSC
2802 1495 3044 1566 piamine
3085 1511 3295 1566 pmnas.

204 1588 592 1660 Humanusque
612 1588 821 1643 animas
848 1604 1049 1659 supero
1075 1588 1286 1662 fulgore
1326 1588 1615 1642 decorans.
1921 1588 1983 1639 At
2015 1601 2162 1641 nunc
2189 1588 2242 1641 in
2275 1589 2474 1643 melius
2499 1597 2745 1660 reparata
2779 1592 2982 1658 nitens,
3013 1593 3266 1663 pretiosa}

202 1679 278 1732 De
309 1677 530 1748 propria
568 1679 766 1734 virtute
793 1679 875 1732 sui
901 1678 1046 1733 bona
1077 1686 1275 1734 cuncta
1304 1677 1600 1731 ministrat.
1841 1747 1886 1760 ﬁ
1923 1679 2089 1753 Ligna
2117 1684 2297 1738 crucis
2329 1700 2537 1751 servas,
2582 1693 2636 1740 et
2667 1686 2814 1740 celsa
2849 1694 3053 1758 trepaea
3084 1689 3392 1760 resignans,

202 1766 332 1831 Qua?
364 1767 576 1838 pridem
611 1766 854 1821 tenebris
880 1783 1088 1833 εΐτθηεν
1122 1767 1360 1832 (ἶθῙίῙὶεᾶ,
1395 1766 1624 1830 latebas:
1838 1747 1890 1814 B
1919 1774 2175 1845 Dumjam
2208 1779 2581 1834 Christiferum
2633 1783 2912 1852 placamus
2954 1783 3167 1838 honore
3198 1785 3538 1854 sepulcrum,

203 1858 434 1928 suspice
469 1875 819 1933 Progressum
852 1858 1039 1912 lumen
1063 1858 1131 1912 de
1164 1858 1374 1912 lumine
1399 1873 1609 1911 “frum-
1923 1867 2076 1922 Unde
2108 1868 2319 1924 inferna
2349 1881 2545 1941 petens
2573 1879 2757 1941 portas
2797 1873 3070 1948 confregit
3100 1877 3294 1930 Averni

204 1949 279 2004 Tu
312 1965 556 2021 quoque,
591 1950 758 2024 digna
782 1950 942 2016 Cana,
964 1958 1118 2022 gralo
1154 1950 1337 2003 mare
1369 1949 1569 2003 decore
1921 1961 2123 2035 Agnus,
2147 1969 2200 2017 et
2230 1967 2755 2039 exsurgenstumulo
2783 1967 2960 2038 spolia
2983 1969 3163 2039 ampla
3195 1971 3427 2027 reduxit.

207 2041 319 2105 Quo
348 2043 589 2097 "alidum
613 2043 726 2098 νίηί
757 2044 1009 2113 concepit
1041 2043 1264 2114 lympha
1303 2057 1576 2113 Saporcm-
1922 2058 2128 2129 Inclyta
2156 2077 2261 2130 qua
2290 2062 2448 2116 niveo
2480 2063 2642 2117 tellus
2672 2064 2878 2118 radiata
2901 2065 3118 2128 decore,

207 2130 424 2185 Finbria
452 2138 732 2187 contactos
760 2133 1092 2186 medicantis
1117 2133 1514 2186 Gennesareos.
1921 2153 2174 2224 corporis
2200 2173 2262 2210 ac
2288 2159 2485 2211 summi
2520 2167 2695 2213 tactus
2721 2161 2944 2230 Oppiam
2972 2162 3186 2233 vigore,

206 2223 514 2322 θίίξξδίξξύφ
554 2231 810 2298 εθὲτοίοδν
842 2224 1003 2322 I’UISO
1036 2225 1125 2279 dat
1154 2224 1376 2279 turbine
1400 2225 1572 2322 Imm?-
1921 2223 2116 2298 Ilauista
2149 2249 2324 2316 replet
2355 2249 2515 2302 variae
2547 2223 2810 2303 mundum
2841 2223 3136 2320 splendore
3163 2223 3343 2307 nitela)
3378 2271 3390 2306 :

204 2313 338 2367 Villa
372 2313 770 2384 Capharnaum.
804 2314 1068 2368 virtutum
1100 2329 1328 2368 munere
1361 2313 1603 2386 pinguis,

1970 2335 2162 2390 orbida
2194 2339 2442 2393 membra
2496 2340 2704 2408 levans,
2733 2349 2895 2412 atque
2945 2351 3058 2396 atra
3097 2357 3313 2397 venena
3356 2341 3537 2410 repel-

202 2402 487 2456 Ditescens
517 2404 705 2456 harum
739 2401 846 2456 late
868 2403 1145 2476 respergis
1166 2404 1414 2468 odorem,
2691 2401 2701 2408 ’
2807 2401 2822 2412 ⁸
3269 2401 3426 2502 “ens:

201 2498 315 2562 Quo
345 2497 513 2551 variis
544 2505 841 2567 properant
871 2504 1065 2571 gentes
1106 2498 1427 2570 regionibus
1456 2497 1533 2552 uti
1919 2497 2092 2560 Quare
2118 2515 2261 2552 nunc
2290 2501 2466 2575 magis
2497 2519 2556 2556 es
2582 2510 2696 2558 toto
2726 2505 3060 2560 venerabilis
3091 2505 3228 2558 orbe

203 2588 263 2641 Et
293 2587 491 2641 ﬂamen
515 2587 639 2641 vitze
671 2603 837 2640 sensu
868 2595 1090 2656 captare
1124 2586 1272 2640 fideli
1919 2589 2085 2650 Quam
2115 2589 2390 2659 quondam
2422 2591 2586 2646 unius
2617 2609 2813 2648 curans
2834 2593 3106 2649 solemnia
3133 2595 3337 2668 gentis,

202 2679 424 2734 Sidonis
444 2677 703 2750 Tyriique
735 2678 857 2743 viri,
892 2679 1173 2749 Syriaeque
1195 2680 1396 2745 coloni,
1917 2681 2069 2736 Mons
2099 2683 2252 2749 uber,
2285 2701 2444 2740 mons
2471 2687 2769 2754 exsultans,
2811 2706 2971 2745 mons
3001 2689 3224 2764 pinguis
3249 2688 3427 2757 oliva),

205 2771 731 2843 PlebesJudzezeque
764 2771 1208 2843 Samaritumque
1231 2779 1482 2828 catervze.
1918 2773 2362 2830 lmmarcescibili
2395 2778 2640 2835 retinens
2660 2781 2889 2856 vestigia
2921 2781 3046 2837 feno

202 2866 482 2923 Bethaniae
508 2865 686 2930 tellus,
708 2865 930 2937 gemina
958 2866 1156 2920 virtute
1189 2865 1427 2940 refulges
1461 2884 1473 2919 :
1916 2865 2083 2930 Felix,
2110 2885 2231 2938 quae
2262 2869 2499 2937 Domini,
2534 2872 2706 2927 Patris
2731 2873 2928 2928 solium
2955 2873 3265 2941 subeuntis,

195 2962 321 3016 Aret
349 2979 457 3034 qua
486 2963 711 3028 sterilis,
745 2965 923 3038 surgit
954 2965 1023 3021 de
1055 2972 1234 3022 morte
1269 2965 1465 3023 fidelis,
1918 2961 2253 3034 Impressere
2285 2965 2476 3036 pedes,
2509 2969 2634 3024 cozli
2674 2985 2917 3026 convexa
2941 2977 3212 3042 petentes.

199 3050 237 3106 Ο
257 3050 492 3123 Solymse
516 3068 739 3122 nomen,
761 3054 1018 3126 quoniam
1050 3061 1100 3110 te
1121 3055 1366 3110 carmine
1398 3071 1632 3131 pangam
1661 3055 1673 3109 l

1703 3174 1913 3231 CAPUT
1961 3177 2024 3231 II.

1334 3305 1411 3364 De
1441 3306 1685 3366 ecclesia
1714 3307 1882 3366 beata
1917 3305 2124 3366 Maria}
2169 3305 2364 3384 (147).

197 3439 349 3496 Felix
380 3454 412 3494 ο
441 3437 599 3494 vallis
627 3437 908 3510 Josaphat,
951 3453 1072 3510 qua!
1105 3438 1352 3493 membra
1389 3437 1564 3494 beatae
1841 3443 1890 3512 (ζ
1913 3440 2022 3494 Arti
2064 3439 2422 3514 quidjungat,
2457 3440 2660 3496 divinis
2691 3446 2869 3497 terrea
2903 3446 3101 3500 cedant
3129 3463 3141 3498 :

201 3529 444 3603 Virginis
472 3537 633 3601 atque
653 3530 744 3584 Dei
768 3530 1054 3605 genitricis
1085 3529 1286 3584 habere
1309 3531 1484 3585 locata
1915 3531 1954 3583 Λ
1986 3529 2176 3584 ferulis
2206 3545 2405 3599 pueros
2428 3539 2536 3583 tres
2577 3538 2787 3597 evocet,
2809 3533 3023 3603 hacque
3044 3535 3269 3601 juvetur

201 3623 378 3696 Digna
409 3629 630 3692 reperta
672 3620 918 3691 quidem,
959 3620 1055 3674 sed
1102 3636 1210 3675 non
1236 3619 1579 3674 abscondere
1625 3619 1814 3674 mundi
1919 3625 2162 3678 Innocua
2183 3622 2465 3676 annitente
2496 3639 2660 3676 manu
2695 3640 2708 3687 ;
2741 3634 3077 3695 superetque
3106 3626 3371 3683 laborem.

197 3714 376 3788 Digna
405 3713 498 3767 diu
529 3711 764 3779 stellam,
795 3711 964 3766 divini
987 3712 1208 3766 luminis
1237 3713 1438 3778 aulam,
1919 3715 2124 3769 Mature
2153 3730 2386 3789 surgens
2407 3714 2648 3769 monitus
2679 3714 2768 3768 ille
2812 3715 2977 3769 edere
3010 3724 3181 3772 certat

201 3811 346 3864 Luce
367 3815 769 3875 coruscantem,
800 3824 961 3879 quam
994 3808 1284 3879 splendida
1307 3808 1419 3861 lilia
1443 3808 1666 3879 vallant,
1920 3805 2276 3875 Pusiolosque
2315 3804 2500 3860 schola
2533 3811 2643 3858 tres
2682 3805 2876 3869 acciet,
2919 3813 3085 3876 utque
3126 3807 3396 3875 probetur

200 3903 452 3958 Humano
490 3902 704 3976 generi,
730 3901 962 3956 rutilans
980 3919 1100 3973 quae
1125 3902 1295 3970 janua
1325 3901 1464 3957 lucis
1922 3894 2281 3965 Simplicitate
2308 3894 2475 3948 Deum
2508 3893 2767 3968 gaudere,
2803 3901 3048 3965 patratur
3081 3894 3135 3948 in
3169 3896 3302 3950 liora

196 3990 435 4056 Effulsit,
468 3989 703 4060 ccelique
744 3989 943 4060 palatia
975 3989 1120 4044 celsa
1151 3989 1391 4044 reclusit.
1923 3988 2013 4043 IIis
2043 3989 2189 4060 quod
2231 3988 2401 4042 multa
2431 3986 2606 4042 virum
2665 4003 2861 4042 manus
2900 3995 3014 4042 arte
3074 4003 3337 4060 moraque
3372 3996 3538 4064 nequi

195 4087 558 4144 Constantino
587 4086 764 4141 aulam
803 4087 959 4157 cujus
989 4085 1288 4142 fabricante
1321 4087 1640 4158 parandam,
3317 4080 3432 4149 [vit,

194 4183 454 4238 Traditur
485 4183 591 4238 huc
616 4189 794 4236 vastas
823 4181 982 4236 illum
1013 4182 1348 4252 applicuisse
1389 4183 1675 4238 columnas
1919 4167 2076 4221 Alma
2097 4166 2320 4238 (Illidem
2344 4181 2515 4237 Puero
2545 4181 2667 4237 qua
2700 4165 2935 4236 Pmbuit
2965 4164 3136 4220 Ubera
3159 4165 3392 4229 (Ππίεῑοι

192 4276 483 4348 Aptandas
509 4274 686 4346 operi,
709 4284 822 4330 tum
857 4273 1069 4329 nisibus
1100 4274 1296 4330 ordine
1327 4276 1514 4346 plures
1921 4258 2046 4312 501a
2078 4258 2171 4311 Dei
2202 4257 2456 4332 30mm";
2484 4264 2538 4312 et
2567 4257 2718 4330 Virgo
2752 4273 3024 4348 I’uel‘l’efa
3049 4257 3186 4321 501a»

195 4347 452 4424 Artifices
477 4367 694 4422 trivisse
724 4367 864 4434 dies,
897 4366 1046 4421 nulla
1075 4373 1191 4422 arte
1213 4367 1458 4436 juvante.
1919 4349 2044 4412 Qui"
2076 4348 2199 4402 om“
2230 4349 2362 4404 ίονίί
2395 4348 2537 4423 regis
2563 4347 2800 4419 Puerilia
2842 4348 3108 4415 membra:

197 4460 426 4515 Cassato
457 4457 679 4512 tandem
713 4455 921 4532 ingenii
961 4457 1249 4512 conamine
1277 4466 1495 4524 cuncto,
1918 4443 2214 4498 Parvorum
2236 4445 2436 4498 rectrix
2463 4452 2516 4498 et
2545 4443 2916 4515 simplicitatis
2950 4442 3182 4498 amatrix

193 4552 368 4627 Virgo
387 4551 629 4623 benigna
657 4549 818 4605 docet
847 4565 954 4621 qua
983 4549 1093 4604 sint
1123 4549 1324 4605 virtute
1355 4548 1601 4605 locandas
1633 4566 1646 4602 :
1852 4537 2118 4627 “Enitet,
2149 4540 2525 4612 exemplisque
2550 4541 2743 4611 probat
2774 4557 2833 4596 se
2867 4556 3095 4596 noscere
3125 4556 3341 4611 parvos.

200 4613 485 4698 Admonet
514 4613 822 4707 aedieolam,
856 4613 980 4710 post
1009 4639 1161 4694 irrita
1187 4645 1366 4710 coepta
1397 4654 1682 4710 soporum,
1851 4613 1911 4682 D

1710 4771 1917 4828 CAPUT
1959 4768 2050 4824 III.

1314 4911 1394 4970 De
1417 4925 1605 4988 puero
1636 4909 1706 4968 ab
1738 4910 1876 4984 igne
1908 4905 2155 4966 liberato
2185 4898 2422 4977 (147³).

197 5039 298 5095 Sic
331 5053 562 5110 puerum
583 5037 818 5095 truciore
848 5053 982 5114 rogo
1011 5039 1304 5112 Babylonis
1333 5040 1606 5108 adactum,
1925 5035 2178 5091 Mollibus
2219 5041 2277 5089 ut
2301 5033 2524 5105 plumis,
2565 5035 2740 5090 roseis
2763 5038 3107 5096 discumbere
3147 5043 3341 5113 prunis

199 5131 380 5195 Quem
410 5138 584 5201 pater,
614 5129 1012 5201 aspidibusque
1047 5129 1290 5202 ferisque
1323 5129 1563 5185 ferocior
1595 5130 1690 5196 ira,
1931 5125 2200 5190 Cernitur,
2233 5134 2287 5180 et
2317 5130 2503 5194 raptus
2535 5125 2722 5194 p0puli
2765 5127 3003 5196 stipante
3034 5146 3261 5201 corona,

207 5221 442 5295 Ignibus
468 5220 749 5289 injectum.
774 5222 1154 5291 superaddens
1184 5223 1385 5278 robora
1413 5220 1668 5288 flammis,
1934 5215 2206 5281 Quaeritur
2236 5223 2295 5269 ut
2315 5220 2539 5283 superet
2573 5221 2678 5267 tam
2711 5221 2861 5268 vasta
2891 5217 3146 5276 incendia
3173 5224 3354 5278 salvus
3379 5224 3406 5276 ‘2

184 5310 363 5364 'Pane
384 5309 492 5380 poli
527 5316 741 5378 pastum
774 5309 992 5377 clausit,
1021 5310 1287 5385 flagrante
1329 5309 1568 5375 camino,
1940 5308 2054 5374 Illa,
2085 5306 2226 5374 iniit,
2251 5305 2448 5361 mulier
2477 5305 2735 5359 cathedra
2763 5322 2884 5376 quae
2917 5308 3073 5363 sedet
3106 5311 3158 5364 in
3195 5316 3319 5368 aula

209 5405 514 5460 Contutum
555 5405 748 5474 patriis
775 5404 950 5460 vetuit
979 5404 1297 5460 fornacibus
1324 5405 1406 5459 uri
1433 5421 1444 5460 :
1939 5397 2052 5461 Qua
2081 5397 2288 5468 sumPSi
2318 5411 2538 5467 ρεηθτη,
2572 5411 2802 5466 Puerum
2843 5395 3153 5454 δίηυίιῐηίηῦ
3194 5412 3443 5475 gestanS,

215 5497 322 5561 Qui
354 5497 511 5562 dum,
541 5503 714 5552 matre
732 5505 1011 5571 gemente,
1034 5499 1183 5552 omni
1210 5495 1555 5552 concurritur
1581 5494 1735 5561 urbe,
1947 5490 2173 5546 Palliolo
2204 5509 2291 5546 me
2323 5491 2566 5547 contexit
2589 5506 2656 5546 ne
2694 5501 2946 5567 tangeret
2976 5492 3144 5563 ignis.

293 5622 436 5698 (146)
456 5620 554 5698 llic
583 5619 775 5691 incipit
801 5619 975 5675 codex
997 5638 1096 5678 ms.
1128 5616 1842 5677 bibliotliecmSﬂenovefze
2017 5622 2353 5698 (Idjigcreg.
2389 5624 2587 5698 Tguron.
2624 5624 2717 5679 ubi
2752 5642 2936 5696 supra,
2969 5641 3090 5698 cap.
3123 5628 3174 5682 9.

217 5692 581 5748 Parisiensis.
2017 5693 2187 5762 (147*)
2221 5692 2380 5766 Grc-3g.
2415 5696 2617 5752 Turon.
2661 5698 2750 5752 ubi
2783 5692 2967 5770 supra,
2999 5692 3118 5772 cap.
3155 5700 3240 5754 10.
