3970 6200
456 226 563 279 ωδ
1218 223 1583 279 FLODOARDI
1624 225 1929 282 CANONICI
1974 229 2301 286 REMENSIS
2341 232 2677 288 oruscum
2718 235 3030 291 uermes.
3232 207 3251 219 ’
3695 245 3795 301 496

1956 385 2175 443 CAPUT
2223 389 2305 445 ιν.

1106 481 1184 539 De
1211 479 1514 554 beneﬁciis
1544 481 1904 558 quibusdam
1932 470 2216 561 praestitis
2243 503 2348 564 per
2376 486 2614 546 beatum
2647 485 2907 549 Mariam
2952 485 3145 569 (148),

464 624 679 697 Colligit
710 624 825 677 haec
853 636 1049 692 parvos
1080 621 1183 674 hac
1204 619 1555 691 simplicitate
1580 620 1837 686 nitentes,
2103 626 2152 693 Α
2184 622 2245 676 Et
2273 623 2433 694 stipis
2464 623 2708 696 indignis
2729 623 2904 680 victus
2942 626 3211 681 solamina
3241 625 3455 682 confert
3483 645 3499 682 :

458 720 601 784 Quos
622 716 941 785 ubicunque
965 721 1181 787 tegens,
1211 712 1419 767 mundo
1444 713 1651 766 solatur
1678 711 1733 766 in
1762 712 1910 767 omni
2184 716 2384 771 Horrea
2412 715 2497 770 vel
2529 716 2728 771 subitae
2760 716 2983 787 replens
3013 717 3387 774 cumulamine
3417 716 3619 794 frugis,

459 815 496 869 Ε
525 812 729 885 quibus
755 812 809 867 in
831 809 1050 881 Solyma
1079 808 1265 879 plures
1296 814 1503 863 tutatur
1544 826 1557 872 ;
1591 813 1819 883 egentes
2179 809 2341 864 Sacra
2383 808 2468 867 vel
2494 809 2735 864 aureolis
2761 824 3002 866 onerans
3031 810 3222 867 altaria
3250 812 3467 867 massis.

453 902 718 960 Confovet
746 916 810 955 ac
836 898 963 956 vitae
987 896 1246 972 suffragia
1277 904 1499 968 praestat
1522 896 1761 952 alumnis
1791 915 1807 951 :

1390 990 1395 993 ’
1975 1022 2185 1079 CAPUT
2222 1026 2282 1081 v.

1312 1127 1387 1185 De
1414 1124 1674 1217 quodam
1710 1127 1968 1212 pignora
2000 1125 2106 1186 Dei
2134 1126 2456 1213 Gcnitricis
2481 1127 2708 1207 ferente
2737 1129 2936 1213 (149).

424 1318 429 1321 .
460 1267 641 1339 Ipsius
666 1265 795 1320 hinc
824 1261 1048 1335 quidam
1082 1275 1309 1313 sumens
1340 1259 1429 1329 pia
1462 1259 1718 1333 pignora,
1750 1258 1941 1314 morbo
2186 1263 2659 1340 Prosubiguntque
2715 1266 2900 1343 ﬂagris
2952 1277 3196 1340 captum,
3263 1269 3601 1343 plcxumque
3630 1269 3797 1325 rclin-

459 1362 647 1431 Leprae
679 1367 875 1414 exutus
904 1354 1064 1426 aquis
1095 1352 1293 1408 Christi
1325 1352 1654 1423 baptismate
1685 1352 1824 1407 sacri
3518 1362 3736 1434 [quum’

458 1454 639 1525 (Szepe
674 1451 881 1523 quibus
904 1448 994 1504 tali
1041 1448 1227 1519 plures
1264 1463 1293 1501 a
1315 1445 1442 1500 labe
1470 1445 1768 1517 levantur),
2183 1445 2280 1499 Vix
2314 1446 2402 1502 ille
2443 1463 2768 1522 exsurgens,
2787 1448 3037 1504 cinerum
3060 1457 3120 1505 ut
3149 1449 3393 1505 recidiva
3408 1458 3634 1522 recepta

461 1546 596 1599 Dum
629 1542 825 1614 repetit
855 1540 1110 1611 patriam,
1144 1538 1345 1593 deserti
1379 1538 1596 1592 interna
1625 1536 1869 1593 latrones
2188 1537 2454 1609 Respicit,
2487 1539 2731 1594 incensis
2752 1548 2957 1595 astrata
2978 1541 3241 1595 immunia
3273 1542 3487 1612 prunis,

461 1634 818 1688 Perscrutans
847 1629 1067 1701 patitur,
1086 1629 1312 1702 gerulus
1342 1627 1583 1682 nudatur
1621 1627 1846 1691 amictu,
2188 1628 2381 1684 Nescia
2411 1630 2664 1697 fervoris,
2696 1632 3159 1703 pretiosafjaccre
3189 1634 3413 1697 talenta,

459 1730 681 1783 Munera
707 1743 870 1798 capsa
895 1732 1091 1796 tegens
1108 1723 1338 1794 rapitur,
1371 1721 1691 1795 fulvumque
1724 1730 1911 1794 putata
2188 1721 2720 1795 Ipsaquegdespecto
2751 1724 3048 1781 renitentia
3086 1726 3329 1800 tegmina
3371 1725 3522 1782 fumo
3561 1744 3575 1791 ;

460 1823 741 1881 Occultare
761 1821 970 1887 dolum,
994 1835 1149 1891 spem
1184 1817 1353 1873 fracta
1384 1816 1666 1889 intercipit
1694 1818 1809 1872 auri
1841 1835 1855 1881 ;
2183 1820 2299 1874 Non
2328 1819 2766 1895 sensisseignes,
2790 1837 3011 1877 omnem
3042 1822 3317 1893 sprevisse
3342 1838 3631 1894 vaporem.

458 1918 690 1989 Moxque
713 1930 846 1987 pyra
874 1928 1106 1970 accensa
1136 1911 1375 1967 ﬂammis
1406 1912 1629 1966 inventa
1661 1912 1970 1978 rctrudunt,
2106 1976 2154 1989 η
2185 1911 2477 1968 Immemor
2505 1913 2633 1969 hinc
2662 1929 2837 1985 poenae
2877 1914 3126 1986 gaudens
3156 1914 3280 1969 data
3319 1914 3549 1986 praemia
3577 1914 3736 1982 tollit,

2105 1976 2158 2045 Β
2182 2000 2357 2055 Ιιευιυε
2388 2000 2496 2056 iter
2514 1976 2712 2072 carpit,
2744 1976 2925 2072 coepto
2958 2001 3012 2056 in
3043 2018 3141 2057 sua
3176 1976 3394 2057 tramite
3423 2003 3598 2058 ducit.

1963 2121 2171 2177 CAPUT
2223 2122 2309 2177 VI.

1654 2227 1731 2287 De
1756 2227 2004 2301 ﬂuentis
2031 2224 2379 2287 Jordanicis
2425 2226 2614 2306 (150).

468 2376 704 2433 Vulnera
735 2371 1014 2446 prmdictis
1034 2387 1141 2443 qua
1170 2370 1326 2443 plura
1357 2368 1605 2425 lavantur
1631 2367 1685 2423 in
1717 2367 1883 2423 undis
2186 2366 2475 2435 Marmora,
2508 2375 2745 2424 sacratas
2775 2369 3097 2445 contingere
3118 2384 3221 2425 nec
3261 2368 3404 2424 valet
3432 2369 3637 2435 undas,

466 2466 721 2539 Corporis
741 2472 904 2536 atque
931 2463 1151 2528 animae,
1186 2460 1386 2515 mulier
1414 2474 1551 2530 quas
1570 2457 1849 2512 mcenibus
1880 2456 2009 2512 olim
2186 2456 2456 2513 Ulteriora
2497 2465 2691 2528 petens
2721 2458 2922 2526 amnis,
2954 2459 3327 2532 Iinquensque
3367 2467 3635 2516 meatum.

468 2555 832 2611 Hiericunteis
859 2551 1050 2607 nimiis
1081 2549 1299 2605 addicta
1330 2547 1546 2619 piaclis,
2186 2548 2365 2602 Mirari
2397 2555 2617 2621 praestat
2646 2551 2899 2623 populos
2929 2552 3202 2607 edisserat
3228 2558 3386 2606 actus

468 2644 715 2701 Solemni
759 2643 827 2697 de
851 2656 1006 2697 more
1037 2647 1255 2711 petens,
1285 2637 1549 2709 permista
1585 2634 1799 2705 piorum
2187 2635 2418 2692 Conscia
2448 2637 2636 2711 ﬂagilii
2669 2639 2930 2715 rogitant,
2959 2640 3091 2695 serit
3122 2641 3212 2695 illa
3242 2648 3457 2711 patrata

466 2732 812 2809 Agminibus,
838 2729 1037 2785 ﬂuctus
1065 2728 1196 2784 dum
1223 2726 1418 2781 nititur
1447 2724 1626 2779 amnis
1644 2722 1806 2789 inire,
2189 2728 2460 2799 Expositae
2488 2746 2717 2786 narrans
2756 2739 2945 2801 partus
2985 2732 3186 2788 edente
3214 2739 3368 2788 reatu

466 2828 655 2883 Aversi
680 2825 917 2901 fugiunt.
942 2823 1152 2894 liquido
1192 2826 1460 2876 renuente
1492 2818 1727 2881 ﬂuento.
2189 2819 2440 2875 Admissa
2468 2826 2683 2876 octonae
2714 2822 2821 2877 sibi
2854 2823 3147 2893 parricidia
3186 2825 3381 2896 prolis.

465 2916 595 2970 Tam
623 2915 727 2969 diri
752 2912 979 2968 infando
1001 2909 1230 2965 sceleris
1256 2907 1567 2964 contamina
1594 2905 1763 2979 tangi.
2191 2906 2355 2976 Cujus
2382 2909 2512 2963 dum
2534 2909 2722 2981 plebes
2741 2911 2950 2967 scelera
2989 2913 3349 2988 expurgarier
3375 2920 3520 2985 orat,

470 3005 728 3078 Improha
762 3004 1026 3061 cedentes
1054 3001 1307 3074 sequitur
1330 3015 1429 3071 per
1453 2996 1949 3069 limpidalymphas
2191 2996 2370 3053 Aﬂ'usa
2403 3000 2520 3055 hzec
2550 2999 2827 3072 preCibus,
2859 3001 3074 3057 facinus
3102 3018 3173 3058 ne
3199 3003 3446 3075 duplicct
3469 3003 3645 3071 efﬂat,

1966 3120 2175 3179 CAPUT
2214 3125 2328 3179 VII.

1713 3229 1792 3288 De
1817 3218 2031 3288 sancto
2051 3218 2288 3289 Joanne
2315 3230 2563 3309 Baptist.

470 3376 636 3431 Vates
664 3388 772 3445 quo
804 3386 966 3427 nemo
1000 3369 1054 3424 in
1082 3365 1377 3423 muliebria
1407 3365 1638 3439 pignora
1658 3361 1855 3430 major,
2115 3365 2166 3433 Ο
2196 3360 2258 3417 Et
2287 3371 2451 3434 caput
2480 3362 2718 3437 Egypti,
2750 3365 3069 3436 spectabilis
3099 3382 3321 3440 aequore
3349 3384 3578 3443 magno,

472 3466 569 3521 Hic
598 3463 762 3519 undis
788 3462 996 3534 primus
1022 3459 1211 3516 docuit
1242 3463 1463 3529 peccata
1494 3452 1662 3508 lavari
1696 3469 1711 3517 ;
2194 3453 2402 3508 Clarior
2429 3454 2547 3523 ejus
2573 3453 2728 3513 adest
2749 3455 3031 3525 membris,
3063 3457 3156 3512 ubi
3181 3457 3410 3528 praedita
3435 3458 3613 3532 fulget
3646 3477 3659 3513 :

471 3560 789 3617 Ablutorem
804 3557 954 3614 orbis
984 3556 1186 3632 dignus
1207 3567 1428 3626 quoque
1451 3550 1662 3625 tingere
1693 3544 1956 3618 lymphis,
2194 3547 2325 3603 Ossa
2354 3547 2653 3604 Palaestinae
2681 3548 2839 3617 cujus
2867 3548 3099 3605 collecta
3128 3549 3394 3618 Sebastte,

473 3656 706 3727 Iusuper
727 3651 953 3708 assertis
982 3648 1231 3724 gaudens
1261 3661 1323 3699 se
1350 3641 1672 3714 impendere
1700 3639 1841 3707 veri,
2195 3639 2421 3713 Ignibus
2440 3646 2647 3711 erepta,
2678 3647 2734 3697 et
2766 3640 3005 3713 Solymis
3026 3641 3236 3713 perlata
3257 3642 3541 3720 Philippo,

472 3745 774 3818 Relliquias
804 3741 899 3816 qui
931 3732 1057 3796 almi
1085 3736 1297 3812 spargit
1322 3736 1453 3789 dum
1479 3731 1724 3805 corporis
1750 3729 1894 3793 orbi,
2194 3735 2366 3790 Patris
2398 3735 2674 3791 Athanasii
2706 3742 2835 3797 sunt
2855 3736 2963 3793 hoc
2990 3736 3172 3812 legata
3198 3735 3352 3793 fidei.

472 3841 738 3898 Panditur
765 3836 1007 3913 egregiis
1031 3832 1296 3889 mundum
1325 3830 1562 3887 lustrare
1589 3827 1833 3915 tropaeis.
2192 3827 2257 3882 At
2284 3832 2449 3899 caput
2478 3827 2664 3887 herois
2688 3826 2931 3898 positum
2954 3827 3275 3885 Phtenicide
3304 3843 3495 3884 messe

472 3932 614 3988 Urbs
631 3930 701 3987 ab
731 3918 1039 3984 Alexandro
1070 3923 1281 3980 ducens
1308 3921 1610 3978 clarissima
1633 3933 1859 3983 nomen,
2025 3958 2056 3989 ε,
2195 3915 2393 3972 Festivi
2425 3916 2607 3972 cultus
2633 3916 2780 3974 claro
2814 3916 3128 3975 celebratur
3153 3917 3391 3974 honore.

1960 4034 2168 4092 CAPUT
2211 4033 2346 4091 VIII.

1663 4140 1741 4199 De
1768 4138 2111 4216 apostolicis
2136 4136 2305 4195 Petro
2337 4143 2389 4195 et
2424 4131 2634 4195 Paulo.

480 4290 675 4356 Roma,
696 4294 860 4357 caput
883 4291 1147 4357 praestans
1175 4280 1327 4338 orbis
1368 4276 1630 4350 praeclara
1661 4272 1975 4347 triumphis,
2193 4272 2362 4337 Quem
2401 4276 2622 4325 vertens
2651 4271 2791 4347 c0210
2809 4270 3107 4345 alloquitur
3134 4269 3320 4326 divina
3351 4276 3623 4351 potestas,

476 4379 595 4434 Jam
627 4394 783 4450 mage
807 4360 953 4431 celsa
991 4373 1100 4430 ﬁde
1130 4369 1326 4427 Christi
1352 4366 1667 4442 praeclarier
1696 4380 1820 4420 esse
2194 4364 2610 4436 Prorisiensque
2643 4365 2751 4452 poli
2784 4364 3048 4451 cupidum
3076 4363 3143 4417 ad
3173 4362 3394 4443 fastigia
3424 4363 3600 4420 tollit:

478 4469 726 4539 Coepisti,
751 4465 880 4520 ﬁdei
913 4462 1159 4537 patronis
1191 4460 1325 4515 fulta
1354 4454 1553 4521 beata},
2195 4460 2255 4514 Et
2284 4458 2446 4514 docet
2478 4457 2533 4511 in
2564 4460 2739 4525 coelis,
2765 4464 3015 4539 terrenas
3051 4455 3199 4537 unde
3230 4455 3478 4523 doceret,

477 4544 1206 4635 C(eliclavigeropastorum
1236 4552 1487 4625 principe
1518 4551 1679 4605 Petro
2199 4554 2533 4608 Pasceretac
2562 4561 2799 4636 mentes,
2833 4552 2972 4631 sacri
3004 4552 3098 4631 qui
3129 4551 3343 4631 semina
3380 4548 3541 4605 verbi

477 4642 861 4725 Doctriuzeque
890 4657 1041 4721 typo,
1073 4649 1357 4703 doctorum
1386 4636 1838 4714 pnedIiccPaulo.
2115 4666 2175 4735 D
2197 4645 2337 4729 Orbe.
2367 4645 2502 4701 sem
2536 4652 2671 4711 ιοιο,
2703 4652 2936 4721 sanamu

2115 4666 2175 4735 D
2197 4645 2337 4729 Orbe
2367 4645 2502 4701 serit
2536 4652 2671 4711 toto,
2703 4652 3096 4721 sanatquoque
3126 4644 3358 4725 corpore
3399 4641 3629 4723 multos,

478 4748 723 4804 Hebraeis
753 4758 985 4818 quorum
1017 4745 1326 4811 praeceptor
1352 4734 1571 4790 deditur
1601 4732 1760 4798 alter,
2115 4732 2156 4735 _
2194 4739 2257 4793 Et
2280 4740 2538 4810 juvenem
2563 4737 2632 4792 de
2652 4738 2828 4792 merte
2854 4737 3018 4803 levat,
3060 4734 3160 4790 sed
3191 4735 3431 4806 plurima
3450 4734 3642 4790 corda.

477 4836 782 4891 Absolvens
808 4830 1093 4901 verboque
1119 4828 1298 4902 ligans
1322 4840 1383 4878 se
1405 4820 1591 4891 judice
1621 4825 1857 4882 mentes,
2194 4824 2255 4880 ni
2283 4832 2334 4880 ιε
2365 4824 2620 4879 sublimis
2649 4825 2772 4880 οωιί
2804 4840 2974 4895 super
2999 4832 3147 4879 astra
3174 4822 3438 4890 ferentes,

478 4928 695 4983 Arbiter
727 4922 1008 4989 Ecclesiae,
1041 4921 1208 4975 dictat
1236 4932 1338 4972 ceu
1371 4914 1605 4984 Spiritus
1636 4910 1713 4967 illi
2193 4916 2563 4971 Instrumenta
2591 4914 2774 4993 ferunt
2802 4913 2872 4969 de
2914 4920 2968 4969 te
2999 4930 3099 4986 per
3130 4913 3350 4969 climata
3377 4912 3571 4968 mundi

480 5015 737 5072 Discretis
760 5028 952 5086 pcenas
974 5009 1208 5075 meritis,
1239 5006 1323 5061 vel
1356 5003 1579 5077 praemia
1597 5001 1855 5056 reddens.
2194 5006 2458 5060 Militibus
2481 4993 2652 5077 pacis;
2678 5021 2777 5076 per
2802 5020 2923 5083 qua;

2194 5006 2458 5060 Militibus
2481 4993 2652 5077 pacis,
2678 5021 2777 5076 per
2802 5020 2923 5083 quae
2952 5003 3394 5079 victoriasurgit.

482 5109 721 5165 Muneris
736 5109 865 5163 hinc
883 5105 1091 5178 proprii
1114 5104 1200 5159 fur
1221 5101 1441 5167 labitur,
1470 5105 1675 5153 uxoret
1695 5090 1935 5160 hierens,
2194 5101 2455 5166 Quorum,
2492 5095 2677 5165 ’Petre,
2709 5113 2950 5164 crucem,
2991 5094 3257 5171 gladium,
3289 5095 3380 5166 pie
3410 5094 3599 5162 Paule,
3634 5093 3813 5148 Nero-

480 5206 667 5259 Simon
688 5202 878 5257 fraude
910 5198 1073 5270 perit,
1103 5196 1359 5251 Thabitas
1376 5194 1445 5247 de
1478 5190 1668 5245 funere
1695 5186 1892 5260 surgit,
3635 5183 3750 5254 [nis

482 5292 669 5367 Surgit
691 5302 744 5347 et
772 5293 987 5353 Aineas,
1011 5298 1190 5346 etnon
1220 5282 1560 5343 numeranda
1583 5290 1820 5342 caterva,
1862 5278 1867 5281 ’
2196 5282 2370 5348 Passi,
2389 5281 2676 5353 praecelsas
2702 5278 2979 5359 meruistis
3003 5278 3061 5359 in
3085 5277 3291 5333 zethere
3313 5275 3497 5331 sedes.

481 5382 756 5437 Alterarat
784 5382 1067 5450 verboque
1093 5378 1271 5449 replet
1287 5372 1514 5446 gentilia
1544 5369 1711 5425 corda

553 5531 878 5608 (148)0reg.
901 5532 1101 5587 Turon.
1136 5530 1228 5585 ubi
1246 5541 1432 5597 supra,
1473 5540 1595 5594 cap.
1628 5523 1716 5589 11.
2265 5515 2401 5587 (15οι
2435 5513 2595 5590 Creg.
2638 5514 2843 5585 Turon.
2875 5510 2969 5567 ubi
3001 5525 3186 5582 supra,
3219 5524 3341 5579 cap.
3373 5508 3464 5577 88.

553 5617 695 5686 (149)
723 5620 882 5694 Greg.
910 5620 1111 5686 Turon,
1134 5617 1229 5673 ubi
1260 5628 1449 5684 supra,
1477 5625 1598 5681 cap.
1631 5611 1718 5663 17.
