3970 6200
198 357 311 413 497
739 357 822 412 DE
861 358 1224 415 TRIUMPHIS
1265 359 1523 418 CHRISTI
1564 364 1642 418 ET
1681 365 1772 421 SS.
1817 366 2218 422 PALzESTINAE
2259 367 2431 421 LIBRI
2473 367 2656 422 TRES.
2701 400 2763 408 —
2809 368 2931 425 LIB.
2977 368 3016 425 l.
3441 373 3545 428 498

1706 519 1916 577 CAPUT
1958 523 2044 577 IX.

1467 627 1544 686 De
1578 627 1790 688 Jacobo
1816 629 2007 708 fratre
2037 631 2299 692 Domini.

200 760 345 815 rElia
376 775 541 824 nunc,
564 759 891 828 Jerusalem,
924 777 1046 834 quae
1076 778 1232 818 versa
1256 763 1467 820 vocaris
1848 775 1896 843 Α
1922 768 2132 825 ίἘάίιιιε
2162 786 2192 825 a
2221 771 2386 826 sociis
2417 777 2467 827 te
2501 772 2708 843 primus
2731 775 3025 846 episcopus
3066 793 3292 846 ornans,

201 853 324 907 Jam
358 859 641 918 renovata,
673 853 962 925 crncisque
997 871 1196 928 gerens
1235 857 1484 912 miranda
1516 866 1719 931 trOpzea
1926 867 2138 922 Arentis
2170 867 2346 938 plebis
2377 869 2468 940 qui
2501 878 2722 940 pectora
2759 872 2905 927 sicea
2932 873 3185 948 rigando,

205 943 429 1008 Christi.
465 945 1012 1041 εθΓνΟΓιιηπξῑισθὶυδ
1041 961 1303 1001 venerare
1337 948 1608 1018 ερρυιονει,
1925 961 2172 1016 Luminis
2203 979 2231 1016 e
2263 963 2432 1018 radiis
2461 965 2750 1020 terebrans
2777 967 3050 1041 nigrantia
3070 971 3259 1037 corda,

206 1034 449 1099 QUOI‘um
485 1041 610 1106 ροδι
642 1034 934 1090 Dominum
989 1036 1227 1092 Iacobus
1259 1037 1353 1093 tibi
1409 1039 1657 1114 regmina
1706 1041 1822 1112 pri-
1927 1051 2062 1105 Dum
2095 1053 2258 1110 docet
2279 1056 2494 1110 excelsa
2515 1073 2680 1128 super
2701 1034 3062 1114 astravsedere
3094 1034 3435 1134 magistrum.

1616 1133 1756 1205 [mus
1927 1138 2233 1196 Parietibus
2277 1144 2466 1214 templi
2506 1145 2754 1216 dejectus
2784 1155 2838 1202 et
2870 1148 3049 1203 hostia
3077 1133 3272 1213 factus,

205 1219 506 1275 Continuat
537 1218 687 1285 ﬁdei,
719 1221 920 1295 legitur
950 1223 1044 1295 qui
1077 1223 1246 1279 frater
1277 1224 1392 1280 lesu
1929 1229 2204 1303 Excipitur
2232 1234 2394 1303 cwlo,
2424 1237 2629 1308 populo
2651 1253 2876 1310 quoque
2909 1245 3042 1294 teste
3086 1238 3300 1293 beatus.

205 1312 454 1367 Sacratui
484 1312 600 1385 (sic)
630 1329 875 1383 servans,
908 1316 1093 1371 Justus
1124 1318 1452 1390 cognomine
1481 1319 1681 1388 dictus,

1725 1451 1934 1508 CAPUT
1975 1455 2035 1510 X.

1439 1551 1518 1610 De
1545 1562 1747 1613 sancto
1777 1554 2009 1617 Joanne
2037 1559 2322 1635 apostolo.

205 1679 298 1732 Sic
329 1677 600 1749 Ephesum
635 1677 845 1734 Christo
877 1679 1061 1734 dilecti
1095 1681 1340 1736 membra
1357 1681 1584 1738 Joannis
1934 1689 2318 1768 Fonte,lsupra
2347 1700 2540 1762 pectus
2584 1692 2784 1768 dignus
2814 1692 3076 1748 recubare
3109 1694 3367 1768 Magistri.

208 1768 508 1837 Extollunt,
540 1768 698 1837 eujus
725 1777 944 1840 superat
967 1770 1223 1826 facundia
1253 1774 1540 1830 mundum.
1935 1782 1992 1836 In
2024 1799 2187 1838 cruce
2224 1784 2469 1842 confixus
2499 1785 2678 1852 matri,
2703 1801 2864 1857 quem
2901 1788 3120 1852 manda,
3155 1788 3350 1843 adesse

209 1861 311 1925 Qui
342 1868 492 1917 casto
521 1862 638 1917 zelo
662 1861 909 1933 praeclari
942 1863 1160 1919 velleris
1189 1865 1401 1938 Agnum
1931 1872 2092 1948 Virgo
2123 1891 2277 1930 sacer
2307 1892 2479 1930 sacra:
2506 1885 2694 1932 custos
2715 1886 2774 1931 ut
2800 1878 3038 1952 vlrginrs
3067 1886 3264 1934 exstet.

208 1950 459 2005 Zebedeo
491 1958 644 2021 patre
665 1951 912 2019 dimisso,
946 1969 1070 2008 cum
1099 1953 1262 2010 fratre
1284 1966 1523 2026 secutus,
1931 1960 2142 2032 Quique
2183 1962 2290 2018 fide
2319 1962 2473 2020 fortis
2513 1965 2786 2021 violentos
2817 1950 3012 2037 passus
3039 1983 3267 2042 agones.

202 2045 314 2116 Ipsi
347 2063 456 2116 prae
489 2047 715 2117 reliquis
760 2049 988 2119 speciali
1013 2049 1264 2124 jungitur
1294 2067 1438 2107 unus
1859 2125 1897 2130 _
1931 2052 2134 2112 Exsilio
2166 2065 2349 2111 trusus
2380 2057 2851 2130 didicitmysteria
2877 2058 3024 2124 caeli,

203 2137 434 2206 Affectu,
477 2141 707 2212 capiens
734 2148 939 2200 aeterno
977 2144 1235 2219 dogmata
1274 2145 1399 2201 vita:
1858 2125 1910 2193 Β
1933 2148 2033 2202 Ore
2057 2155 2272 2213 tonans,
2302 2146 2542 2202 animam
2573 2125 2780 2222 regnis,
2812 2147 2905 2202 dat
2935 2147 3181 2203 membra
3212 2148 3406 2220 quieti.

1711 2272 1918 2330 CAPUT
1960 2273 2049 2329 XI.

1354 2377 1432 2436 De
1458 2376 1670 2437 Jacobo
1699 2378 1895 2457 fratre
1923 2380 2121 2439 sancti
2148 2377 2424 2438 Joannis.

202 2513 267 2568 At
299 2513 479 2569 fratris
503 2515 714 2581 Jacobi,
750 2516 1020 2583 Callaecia,
1052 2535 1285 2590 corpore
1314 2519 1508 2591 fulges,
1933 2519 2238 2576 Clarificum
2269 2517 2505 2590 propriae
2547 2518 2685 2572 lucis
2723 2526 3030 2574 monstrare
3063 2520 3296 2576 nitorem

205 2608 321 2671 Qua
347 2605 495 2676 capit
529 2615 829 2662 extremum
872 2609 1117 2680 locuples
1148 2609 1405 2680 Hispania
1435 2609 1622 2664 finem.
1934 2611 2222 2682 Discipulis
2253 2611 2435 2675 vellet,
2478 2609 2682 2681 quibus
2713 2611 2830 2667 hate
2868 2620 3118 2680 spectare
3142 2611 3407 2677 dedisset,

206 2699 475 2770 Prmeipui
506 2701 739 2770 pastoris
767 2707 884 2756 erat
933 2702 1026 2774 qui
1057 2700 1199 2756 fidus
1229 2703 1505 2765 alumnus,
1929 2703 2211 2760 Pollicitus
2241 2711 2471 2758 mortem
2507 2717 2618 2756 non
2660 2703 2746 2757 his
2776 2701 2929 2774 prius
2973 2720 3095 2758 esse
3125 2705 3442 2771 videndam,

206 2793 339 2848 Nam
370 2792 509 2847 vidit
535 2793 824 2848 Dominum
857 2793 1074 2864 qualem
1110 2810 1208 2866 per
1233 2795 1392 2849 saecla
1431 2794 1680 2849 videbit:
1929 2795 2096 2860 Quam
2130 2795 2286 2849 daret
2309 2795 2394 2848 his
2423 2794 2608 2850 lumen
2639 2794 2855 2849 venturi
2888 2811 3117 2850 cernere
3158 2797 3332 2867 regni.

210 2881 496 2935 Excellens
525 2881 663 2936 adeo
693 2881 922 2947 meritis,
958 2889 1018 2937 ut
1046 2883 1242 2938 tertius
1271 2899 1392 2937 esse
1930 2884 2083 2939 Hunc
2111 2884 2296 2959 gladio
2326 2883 2586 2955 Solymis,
2622 2883 2866 2940 llerodes
2895 2900 3059 2949 saeve,
3090 2886 3321 2951 necasti,

209 2971 333 3040 Ipse
365 2978 668 3026 mereretur
702 2971 877 3038 testis,
907 2986 1028 3026 cum
1062 2971 1237 3046 gloria
1268 2971 1483 3028 Christi.
1926 2973 2032 3029 Sed
2060 2979 2234 3028 metas
2263 2971 2434 3029 orbis.
2479 2980 2530 3027 te
2561 2974 2844 3041 damnato,
2876 2973 2968 3029 ille
3000 2975 3243 3031 decorat.

1699 3103 1907 3158 CAPUT
1953 3103 2066 3160 XII.

1580 3205 1657 3263 De
1685 3213 1891 3264 sancto
1921 3204 2181 3264 Andrea.

206 3337 473 3404 Andreas,
504 3339 719 3409 pollens
748 3355 916 3410 Opere
946 3347 1000 3394 et
1031 3356 1284 3394 sermone
1311 3340 1505 3404 virilis,
1853 3345 1901 3412 (ζ
1931 3341 2007 3408 Ad
2041 3357 2202 3411 quam
2233 3357 2554 3414 germanum
2587 3342 2812 3398 deducit
2851 3360 3037 3400 amore
3067 3344 3375 3400 colendam.

209 3434 688 3506 Splendoremque
719 3436 907 3490 calens
933 3435 1135 3490 divina:
1167 3435 1344 3490 visere
1380 3435 1540 3501 lucis,
1931 3433 2025 3486 llic
2048 3433 2280 3503 Scythia:
2309 3433 2529 3503 populis
2549 3434 2642 3486 ubi
2665 3433 2845 3489 dulcia
2876 3437 3045 3492 verba
3074 3435 3266 3491 salutis

211 3524 358 3578 Inter
385 3523 687 3594 discipulos
711 3524 982 3580 renitebat
1011 3532 1194 3578 mente
1219 3524 1466 3579 Joannis.
1927 3522 2193 3590 Tradidit,
2235 3523 2548 3593 exemplum
2609 3523 2859 3594 sequitur
2903 3542 3125 3597 quoque
3171 3525 3341 3580 Morte
3384 3525 3556 3599 Magi-

209 3615 392 3668 Audiit
421 3623 474 3670 at
502 3616 773 3670 Christum
802 3624 860 3672 ut
881 3617 1205 3686 peccamina
1241 3616 1434 3671 tollere
1467 3615 1657 3670 mundi
3365 3618 3480 3690 [tri,

212 3707 364 3763 llunc
394 3725 520 3764 mox
556 3716 637 3764 est
667 3708 906 3779 pedibus
938 3710 1101 3764 modo
1140 3725 1273 3776 non,
1307 3708 1438 3780 quin
1481 3709 1645 3764 corde
1667 3723 1827 3763 secu-
1931 3708 2064 3762 Dum
2095 3705 2272 3760 crucis
2303 3705 2588 3776 amplexus
2628 3704 2768 3759 votis
2799 3711 2881 3759 est
2907 3706 3089 3760 cordis
3118 3707 3369 3777 adeptus.

1627 3801 1752 3872 [tus,
1929 3797 2060 3852 Ossa
2099 3796 2259 3850 beata
2290 3794 2464 3850 Patris
2494 3795 2769 3872 retinebat
2798 3794 3031 3851 Achaica
3060 3795 3240 3863 cujus,

209 3893 476 3966 Repperit
506 3901 560 3950 et
586 3910 769 3950 veram
803 3895 1001 3956 lucem,
1037 3894 1351 3950 flammante
1384 3894 1626 3960 lucerna,
1930 3886 2432 3960 ConstantinOpolis
2471 3903 2592 3960 quae
2619 3903 2768 3942 nunc
2797 3894 3128 3943 venerantcr
3149 3887 3403 3943 honorat.

1685 4021 1894 4076 CAPUT
1943 4021 2079 4074 XIII.

1559 4125 1635 4184 De
1662 4137 1866 4184 sancto
1899 4123 2191 4182 Matt/two.

213 4260 433 4316 Justitia
455 4261 658 4318 donate
689 4263 805 4329 Dei,
833 4263 1103 4330 Matthaee,
1137 4262 1396 4337 refulges,
1936 4259 2009 4312 Te
2041 4265 2354 4312 monstrans
2393 4256 2655 4323 hominis,
2695 4257 2903 4311 celsum
2937 4274 3105 4329 super
3150 4259 3352 4313 zelhera
3385 4266 3556 4319 trans-

214 4353 385 4417 Quem
416 4353 485 4408 de
509 4353 788 4424 publicola
816 4361 1088 4419 sanctum,
1122 4354 1192 4406 de
1233 4353 1400 4406 divite
1431 4351 1662 4425 largum,
3338 4351 3480 4420 [fert,

213 4442 289 4496 De
318 4451 573 4497 exactore
606 4442 756 4513 pium
788 4443 1050 4497 Dominus
1079 4441 1232 4495 dedit
1267 4456 1388 4495 esse
1421 4440 1688 4505 datorem,
1935 4441 2033 4506 Qui
2057 4448 2364 4511 postquam,
2408 4439 2583 4492 lucem
2625 4439 2869 4493 tenebris
2909 4440 3111 4494 inferre
3141 4441 3406 4512 parando,

213 4533 278 4587 Et
307 4534 374 4587 de
399 4534 522 4602 jure
551 4533 652 4588 fori
678 4534 787 4605 juri
817 4535 941 4588 tulit
970 4532 1190 4587 zetheris
1222 4532 1334 4586 alti.
1929 4532 2239 4602 lEthiOpum
2265 4535 2512 4602 gentnm,
2534 4534 2759 4597 peccato
2792 4534 2846 4581 et
2874 4543 3104 4599 c0rporc
3138 4531 3369 4604 nigram,

211 4626 410 4680 Christi
441 4627 820 4700 Evangelicum
852 4627 1060 4698 primus
1089 4642 1343 4681 sermone
1365 4632 1602 4700 paterno
1933 4621 2230 4676 Candorem
2267 4617 2498 4671 nitidum
2531 4615 2762 4670 docuisti
2797 4632 3016 4671 sumere
3049 4616 3262 4671 Chrisd.

211 4714 440 4782 Scribis,
465 4724 524 4770 ut
549 4716 797 4770 excelsus
817 4715 1235 4770 servilesinduit
1257 4722 1423 4769 artus.
1853 4723 1908 4792 ι)
1935 4709 2171 4781 Martyrii
2204 4709 2436 4780 palmam
2469 4705 2705 4777 cmlique
2739 4706 2967 4761 mereris
3006 4708 3292 4762 honorem.

213 4809 481 4874 Quocirca
511 4809 677 4867 facies
711 4800 950 4868 Caelestis
973 4811 1148 4886 gloria
1175 4826 1365 4866 currus

1688 4934 1895 4988 CAPL'T
1944 4931 2074 4986 XIV.

1570 5044 1644 5103 De
1672 5050 1875 5102 sancto
1909 5039 2204 5113 Philippo.

215 5183 503 5239 Excellens
535 5183 740 5237 tumulo
771 5181 1074 5253 llierapolis
1107 5189 1265 5237 aucta
1298 5179 1552 5252 Philippi,
1936 5175 2191 5245 Hancque
2232 5169 2394 5224 fidem
2441 5167 2672 5250 Scythia
2706 5168 2924 5238 pOpulis
2961 5177 3222 5241 spargens
3272 5168 3398 5240 pius
3453 5170 3556 5222 im-

211 5276 316 5341 Qui
347 5274 508 5328 Verbi
540 5273 778 5341 Patrem,
809 5288 940 5328 vero
965 5274 1033 5328 de
1059 5273 1266 5328 lumine
1295 5287 1570 5344 quaerens,
3207 5327 3210 5330 η
3349 5257 3484 5329 [plet

213 5365 434 5420 Discere
467 5362 768 5432 promeruit
798 5362 1050 5416 Genitum
1092 5362 1362 5416 Genitoris
1392 5361 1594 5414 habere
1933 5354 2257 5426 Barbaricas
2285 5353 2434 5428 largo
2462 5351 2724 5407 doctrinae
2755 5350 2967 5405 semine
3001 5357 3194 5406 terras.

213 5457 530 5530 Fulgorem,
565 5456 721 5526 parili
753 5455 930 5509 lucem
957 5457 1024 5509 de
1056 5457 1178 5510 lucc
1209 5455 1485 5520 micando,
1935 5445 2069 5498 llinc
2097 5453 2219 5514 post
2249 5442 2511 5498 ecclesias
2549 5447 2802 5510 structas,
2845 5456 2980 5511 quas
3009 5439 3203 5494 ordine
3243 5454 3400 5495 sacro

211 5547 598 5615 Virtutemque
622 5545 794 5598 Patris
823 5545 940 5598 Nati
969 5546 1168 5598 virtute
1197 5544 1390 5598 nitere.
1933 5537 2206 5608 Disponit,
2229 5537 2396 5591 vastis
2428 5539 2572 5613 Asiae.
2597 5537 2686 5608 pia
2716 5537 2968 5610 dogmata
3010 5534 3156 5588 vitae.
3215 5597 3217 5612 ε

216 5640 394 5709 Atque
427 5636 639 5690 Patrem
673 5635 725 5689 in
774 5635 931 5702 Nato,
962 5636 1261 5706 Natumque
1304 5634 1356 5687 in
1399 5634 1553 5688 Patre
1588 5649 1830 5700 manere,
1937 5632 2202 5703 Prodigus
2224 5648 2320 5686 ore
2341 5633 2490 5698 serit,
2517 5633 2756 5706 owlique
2788 5633 2840 5688 in
2873 5630 3002 5686 sede
3037 5628 3263 5686 locatur.

218 5733 284 5787 Et
322 5729 442 5785 viso
470 5727 869 5795 Nato,'Patrem
904 5744 1125 5798 quoque
1158 5727 1256 5781 rite
1285 5725 1478 5780 videri.
