3970 6200
396 275 499 329 499
1134 272 1502 328 FLODOARDI
1543 271 1849 327 CANONICI
1891 270 2221 325 REMENSIS
2262 266 2603 325 OPUSCULA
2645 266 2953 324 METRICA.
3649 267 3766 323 500

1874 404 2084 460 CAPUT
2133 404 2240 459 XV.

1759 504 1838 562 De
1864 512 2070 565 sancto
2108 503 2350 563 Thoma.

2035 625 2079 687 Α
2111 615 2300 671 Omnis
2336 622 2391 670 et
2419 616 2476 669 in
2506 621 2693 670 nostra
2722 620 2946 670 curatur
2973 619 3161 695 mente
3195 613 3445 682 cicatrix,

2114 710 2248 764 Dum
2281 710 2455 781 patuit
2484 708 2758 765 Christum
2788 724 2918 764 vera
2947 725 3070 764 cum
3102 724 3267 765 carne
3294 710 3529 765 redisse.

2115 804 2267 858 Hunc
2298 803 2390 857 ubi
2407 803 2518 872 jam
2551 803 2762 857 Parthis
2790 819 2854 857 ac
2872 802 3047 858 Medis
3084 803 3297 858 semina
3326 803 3485 858 verbi

2114 895 2423 969 Respergit,
2452 910 2551 966 pro
2588 911 2717 968 rege
2746 910 2845 951 suo
2872 894 3021 950 videt
3055 895 3211 950 India
3240 911 3488 965 passum,

2118 989 2268 1043 Unde
2297 990 2481 1060 proba:
2507 990 2691 1045 studio
2721 990 3043 1045 translatum
3074 991 3254 1061 plebis
3280 990 3573 1044 Edessem.

2115 1080 2304 1136 Fertur
2332 1097 2535 1152 corpus
2565 1080 2732 1136 humo
2762 1080 2903 1136 caelo
2935 1096 3091 1135 mens
3112 1079 3321 1136 inditur
3348 1078 3481 1135 alto.

1873 1205 2079 1264 CAPUT
2126 1209 2259 1264 XVI.

1662 1307 1740 1366 De
1768 1317 1970 1370 sancto
2001 1310 2448 1370 Barthotomaeo.

395 1422 800 1495 Suspendantis
829 1437 1002 1493 aquas
1030 1427 1217 1476 natum
1246 1438 1410 1493 quem
1450 1423 1624 1495 gratia
1657 1422 1803 1489 fecit,

396 1520 792 1573 Bartholomaee
822 1533 993 1585 sacer,
1025 1533 1167 1571 verae
1200 1523 1257 1571 tu
1287 1518 1412 1571 vitis
1440 1518 1662 1572 haberis

396 1610 719 1667 Fructiﬁcus
748 1611 978 1681 palmes,
1019 1610 1150 1664 huic
1190 1610 1521 1665 indiscissus
1552 1612 1841 1667 adhaerens

396 1703 793 1773 Fecundosque
832 1700 1018 1756 ferens
1049 1708 1175 1772 apto
1206 1717 1303 1772 pro
1334 1711 1582 1773 tempore
1623 1703 1836 1770 botros,

400 1796 552 1850 Unde
581 1810 791 1848 merum
835 1792 964 1848 ﬁdei
998 1794 1161 1867 longe
1203 1795 1421 1865 lateque
1452 1794 1775 1866 propinans,

401 1890 510 1945 lloc
539 1887 741 1943 sobriis
770 1887 920 1962 large
951 1887 1186 1957 tribuis;
1230 1888 1378 1960 quod
1408 1896 1465 1943 et
1504 1889 1657 1943 India
1688 1887 1944 1959 sumpsit,

1867 2016 2076 2071 CAPUT
2121 2015 2279 2070 XVII.

1648 2121 1725 2181 De
1751 2119 1977 2182 sanctis
2005 2118 2248 2191 Simone
2279 2124 2330 2177 et
2355 2115 2536 2176 Juda.

2051 2239 2104 2306 Β
2127 2236 2165 2289 A
2194 2240 2415 2306 pastore
2455 2232 2602 2287 bono
2633 2247 2873 2303 vereque
2897 2233 3141 2303 potente
3172 2232 3436 2306 magistro

2127 2326 2303 2381 Ambo
2331 2325 2596 2380 doctrinae
2626 2324 2911 2394 capientes
2938 2339 3169 2378 munera
3197 2340 3389 2392 sacrae,

2129 2415 2215 2470 Sal
2252 2422 2410 2469 terra:
2441 2412 2587 2475 facti.
2621 2411 2851 2467 stolidas
2880 2411 3108 2466 condire
3149 2412 3321 2483 parati

2129 2505 2358 2571 Mcntcs,
2379 2505 2469 2559 lux
2499 2502 2655 2571 dicti,
2682 2502 2939 2557 tenebras
2971 2501 3255 2573 depellere
3288 2502 3460 2560 docti.

2130 2602 2271 2666 Quas
2291 2600 2381 2654 ubi
2412 2598 2646 2653 diversis
2670 2597 2995 2672 regionibus
3016 2614 3111 2653 ore
3141 2596 3393 2672 fugastis,

2128 2694 2370 2750 Persidis
2408 2692 2645 2768 ingrcssi
2677 2692 2981 2764 penetralis
3020 2708 3189 2767 regna
3217 2692 3477 2761 minacis,

2129 2784 2283 2838 Sicut
2315 2798 2446 2837 oves
2478 2782 2718 2855 prompti
2740 2783 2797 2835 in
2826 2781 3012 2836 medio
3037 2798 3334 2853 properare
3364 2783 3660 2855 luporum,

2127 2874 2256 2928 Astu
2287 2872 2566 2944 serpentis
2585 2888 2707 2927 cum
2740 2872 3094 2944 simplicitate
3126 2873 3400 2930 columba:

2131 2969 2422 3036 Callentes,
2451 2968 2546 3040 qui
2579 2969 2737 3039 plura
2767 2969 2880 3024 Deo
2910 2969 3038 3024 dum
3073 2969 3225 3025 lucra
3256 2972 3516 3042 parastis,

2130 3061 2425 3114 Innumero
2446 3057 2641 3113 Christi
2670 3058 2875 3130 populo
2901 3058 2994 3130 pia
3022 3059 3126 3115 sub
3149 3059 3284 3135 juga
3314 3060 3511 3130 ducto,

2128 3150 2363 3222 Martyrii
2394 3150 2616 3205 demum
2647 3150 2817 3226 digno
2848 3151 3153 3207 certamine
3184 3168 3406 3208 cursum

2131 3236 2447 3310 Explentes,
2468 3239 2681 3295 animas
2707 3239 2845 3297 coelo
2876 3240 3046 3310 datis,
3077 3256 3203 3298 ossa
3228 3242 3530 3314 sepulcris.

1868 3366 2073 3423 CAPUT
2113 3368 2294 3423 XVIII.

1768 3470 1847 3530 De
1873 3477 2081 3532 sancto
2114 3471 2389 3531 Matthia.

2064 3591 2114 3661 ρ
2138 3587 2375 3658 Spiritus
2407 3586 2633 3642 irradiat
2662 3593 2886 3643 sanctus
2911 3595 2965 3643 te
2998 3588 3231 3661 pignore
3260 3589 3481 3646 donans

2135 3679 2377 3734 Muneris
2401 3679 2607 3735 excelsi
2638 3686 2693 3734 et
2730 3695 2932 3751 supere
2963 3681 3292 3737 charismate
3319 3681 3578 3753 ﬁrmans,

2136 3772 2201 3827 Ut
2230 3772 2383 3827 testis
2421 3771 2638 3827 Domini
2667 3771 2840 3827 factus
2861 3773 2929 3828 de
2959 3780 3137 3830 morte
3170 3774 3474 3846 triumpho,

394 620 650 686 Thomas,
690 617 783 688 qui
819 616 1103 687 Didymus,
1137 615 1279 670 latus
1310 616 1643 671 inscrutatur
1672 622 1921 688 apertum

394 714 455 765 In
484 727 647 766 cruce
673 708 871 765 conﬁxi
898 724 1163 763 mucrone
1202 708 1456 763 satellitis
1483 708 1654 783 Agni:

394 804 509 866 Quo
542 800 850 864 dubitante,
884 797 1023 851 fides
1051 796 1214 852 nobis
1240 795 1485 851 ﬁrmatur
1514 796 1729 864 herilis,

392 895 537 969 Lege
561 894 712 949 necis
744 892 1009 946 Christum
1044 892 1167 946 vitae
1211 908 1489 945 remeasse
1520 892 1724 957 soluta;

395 986 639 1056 Dumque
668 984 952 1039 cicatrices
982 982 1139 1055 digiti
1178 982 1559 1037 moderamine
1600 990 1814 1051 tractat,

395 1077 624 1131 Maxima
640 1084 907 1131 sanantur
937 1074 1241 1129 dubitantis
1269 1075 1493 1129 vulnere
1524 1076 1727 1142 cordis,

2123 1429 2180 1481 In
2213 1443 2322 1498 qua
2341 1426 2646 1501 gloriﬁcum
2681 1442 2780 1498 pro
2807 1426 3003 1482 Christi
3032 1424 3257 1481 nomine
3285 1441 3510 1480 cursum

2122 1519 2519 1575 Consummans
2550 1519 2752 1591 gladio,
2784 1518 2910 1573 οωιὶ
2940 1524 3153 1573 secreta
3193 1517 3396 1588 petisti.

2120 1610 2323 1676 Insula,
2355 1624 2519 1680 quam
2566 1608 2805 1680 Liparim
2833 1606 3032 1661 dictam
3072 1605 3240 1661 Siculi
3274 1606 3440 1660 maris
3470 1607 3647 1662 undae

2120 1704 2278 1768 Dant,
2302 1708 2392 1755 tua
2422 1700 2664 1771 suscepit
2693 1706 2836 1755 terra
2868 1698 3172 1773 Gangetide
3211 1698 3479 1765 membra,

2122 1794 2370 1869 lnsignes
2400 1792 2582 1849 valida
2602 1790 2862 1847 referenti
2881 1798 3091 1845 amorte
3118 1790 3452 1860 triumphos,

2119 1887 2247 1951 Quae
2280 1885 2728 1940 Beneventanam
2758 1888 3005 1938 tutantur
3043 1879 3285 1957 tegmine
3322 1881 3569 1952 plebem.

404 2240 595 2293 Simon
627 2238 858 2303 Zelotes,
892 2235 1233 2290 Chananzeus
1273 2235 1531 2308 idemque
1562 2243 1775 2303 vocate,

402 2328 619 2381 Scilicet
647 2327 751 2381 hoc
782 2326 900 2380 vico
922 2326 1132 2380 ducens
1163 2341 1495 2399 cognomen,
1527 2340 1794 2396 aquarum

402 2420 468 2473 In
501 2435 612 2490 quo
633 2418 911 2485 materies,
945 2417 1000 2470 in
1039 2417 1152 2472 vini
1193 2432 1351 2471 versa
1378 2417 1645 2489 vigorem,

405 2508 655 2563 Ostendit
705 2507 974 2562 Christum
1017 2523 1197 2561 rerum
1227 2506 1515 2561 Dominum
1558 2521 1680 2560 esse
1721 2510 2023 2576 potentem.

403 2598 689 2669 t-Egyptus,
717 2603 966 2651 veterum
1000 2594 1171 2649 sacris
1202 2595 1473 2649 maculata
1500 2595 1752 2661 deorum,

403 2689 559 2742 'l‘ctra
589 2688 754 2742 dente
782 2687 928 2756 capit
954 2686 1062 2739 vim
1096 2685 1257 2739 Verbi
1281 2686 1407 2753 jure
1437 2686 1719 2755 perennis.

406 2780 469 2830 At
498 2776 639 2829 Juda
672 2774 887 2839 Jacobi,
918 2773 1129 2827 Tadeus
1156 2790 1377 2844 quoque
1406 2774 1498 2845 qui
1532 2774 1787 2829 vocitaris

408 2871 615 2940 (Longe
646 2868 713 2921 ab
742 2883 808 2921 eo
851 2867 1062 2921 distans
1103 2867 1395 2921 Dominum
1424 2867 1518 2938 qui
1565 2867 1809 2938 prodidit
1839 2868 2025 2935 orbis),

410 2957 703 3011 Lebbaeum
727 2955 822 3010 sed
856 2955 1002 3009 enim
1035 2962 1375 3011 memorante
1416 2957 1580 3011 corde
1611 2963 1884 3024 vocatum,

411 3049 669 3105 Corculus
698 3049 754 3102 in
786 3055 972 3103 nostra
1001 3048 1167 3103 latum
1208 3048 1356 3120 quod
1393 3064 1529 3104 voce
1573 3048 1814 3118 sonabit,

410 3138 656 3194 Luminis
693 3138 975 3210 aspersisti
1007 3137 1152 3192 inter
1179 3139 1288 3193 duo
1315 3138 1545 3193 flumina
1576 3154 1768 3193 semen

412 3235 487 3289 De
518 3234 703 3290 medio
727 3233 914 3305 patria:
934 3232 1224 3289 ﬂuviorum
1257 3250 1461 3290 nomen
1488 3234 1737 3291 habenti.

413 3586 636 3642 Matthia
658 3601 890 3642 numero
916 3584 1178 3657 splendes
1210 3586 1385 3642 clecte
1416 3586 1702 3657 replendo,

413 3678 741 3735 Anteferens
766 3680 939 3749 justo,
974 3679 1193 3735 Domini
1222 3695 1385 3750 quem
1416 3678 1591 3753 gratia
1622 3679 1818 3746 sanxit,

416 3771 573 3825 Sorte
598 3770 889 3825 ministerii
917 3769 1166 3844 dignum,
1202 3785 1312 3840 quo
1342 3769 1544 3842 gaudia
1571 3768 1722 3839 pacis

415 3860 694 3916 Proferres
723 3860 952 3925 mundo,
994 3858 1266 3914 duodena:
1306 3857 1457 3912 sedis
1493 3858 1727 3929 adeptus

416 3955 474 4007 In
517 3952 669 4008 cmlis
698 3952 933 4022 apicem,
966 3950 1170 4004 cecidit
1207 3965 1316 4021 qua
1345 3949 1597 4020 proditor
1623 3957 1774 4007 atrox

417 4046 685 4114 Auctoris,
718 4045 954 4118 prepriaa
985 4060 1205 4116 quoque
1233 4044 1559 4115 perditionis
1592 4051 1821 4101 amator.

2139 3864 2261 3918 Visa
2290 3864 2435 3920 feras
2456 3864 2633 3920 oculis
2659 3864 2861 3935 passim
2889 3865 3152 3921 miracula
3190 3867 3413 3935 Christi,

2140 3958 2317 4029 thue
2338 3973 2501 4013 vocas
2516 3957 2672 4014 ccelis
2698 3958 2900 4013 Judaaae
2929 3960 3112 4034 gentis
3137 3960 3410 4027 alumnos,

2140 4045 2385 4103 leestis
2405 4047 2530 4103 solii
2561 4054 2855 4120 provectus
2892 4048 3104 4106 honore
3135 4049 3399 4122 quiescis.

1886 4165 2095 4231 CAPUT
2145 4175 2262 4230 XIX
2277 4216 2290 4229 .

1620 4274 1697 4334 De
1732 4278 1958 4337 caeteris
1991 4276 2219 4337 Christi
2259 4277 2543 4337 testitbus.

415 4395 644 4451 Culmen
687 4392 974 4466 apostolici
999 4391 1365 4467 transegimus
1393 4390 1607 4445 ordinis
1632 4390 1821 4459 altum,

416 4486 656 4544 Eximios
679 4485 895 4542 modica
916 4484 1104 4540 titulos
1126 4481 1697 4551 recinente-Camena,

415 4580 648 4637 Nomina
669 4579 951 4652 signantes
981 4575 1241 4630 duodeno
1269 4574 1486 4647 singula
1510 4590 1690 4629 versu.

416 4670 479 4723 At
505 4684 652 4723 nunc
690 4666 942 4721 militiam
975 4664 1098 4720 cceli
1127 4662 1367 4734 ﬁdeique
1393 4670 1623 4734 tropaea,

414 4759 747 4832 Multiplices
778 4757 986 4829 palmas
1006 4755 1417 4826 inﬁnibilesque
1446 4770 1698 4819 coronas,

415 4859 539 4909 Arte
570 4854 794 4926 quidem
823 4859 1008 4907 nostra
1039 4852 1210 4906 multo
1239 4850 1447 4919 majora
1478 4865 1760 4916 canamus,

416 4946 480 5002 Et
506 4961 628 5019 quae
645 4944 935 5001 Maeonium
972 4944 1189 5000 valeant
1229 4941 1484 4999 evincere
1510 4948 1689 4997 vatem

2139 4392 2383 4459 Materia,
2416 4391 2552 4465 quin
2583 4398 2638 4448 et
2668 4399 2916 4448 nostrum
2945 4408 3210 4465 superare
3239 4391 3553 4461 Maronem,

2140 4482 2288 4537 Bella
2327 4490 2511 4537 tamen
2545 4499 2667 4554 qua:
2695 4482 2819 4554 quis
2844 4483 3013 4557 gessit
3050 4483 3309 4538 detexere
3338 4484 3516 4538 nostri

2138 4579 2254 4634 Non
2286 4586 2365 4634 est
2396 4578 2687 4650 propositi,
2722 4595 2844 4634 cum
2877 4595 2980 4635 nec
3010 4595 3301 4634 numerare
3331 4596 3615 4651 queamus
3638 4582 3671 4613 ‘

2138 4669 2231 4724 Vel
2265 4668 2383 4724 loca
2414 4684 2527 4740 pm
2556 4668 2744 4724 stricto
2783 4674 2867 4723 sat
2897 4669 2998 4723 erit
3026 4668 3353 4724 meminisse
3373 4670 3561 4725 relatu

2140 4764 2395 4829 Quaedam
2429 4764 2758 4820 athletarum
2783 4764 2997 4819 Domini
3031 4762 3397 4819 celeberrima
3426 4763 3652 4835 bustis;

2142 4855 2288 4909 Inter
2313 4869 2436 4925 quae
2469 4853 2698 4925 reliquis
2735 4852 3037 4909 venerabili
3064 4852 3200 4907 Allia
3228 4859 3455 4923 praestat

2136 4941 2362 4997 Miriﬁco
2390 4941 2554 5014 Regis
2589 4949 2953 4998 monumento
2993 4949 3191 4996 cuncta
3216 4940 3484 5016 regentis.

1904 5074 2113 5132 CAPUT
2162 5075 2270 5130 XX.

1604 5177 1693 5246 ,De
1723 5174 1941 5249 David,
1973 5174 2250 5235 Simeone
2279 5182 2331 5234 et
2361 5173 2559 5235 Anna.

411 5300 510 5355 Hic
538 5297 821 5353 citharista
859 5304 1014 5353 catus
1043 5298 1211 5366 mitis,
1245 5298 1369 5370 pius
1396 5303 1559 5368 atque
1591 5294 1793 5362 fidelis,

408 5387 522 5442 Rex
553 5385 747 5452 David,
778 5387 935 5456 cujus
962 5386 1135 5442 voluit
1161 5387 1230 5441 de
1254 5387 1465 5442 semine
1487 5385 1751 5449 Christus,

402 5479 534 5532 Jure
563 5477 847 5548 pudicitia:
873 5496 1095 5535 saerans
1133 5479 1238 5533 sibi
1271 5479 1511 5554 Virginis
1540 5470 1745 5541 alvum;

404 5564 641 5619 Sumere
677 5569 935 5623 mortales
965 5567 1188 5622 humani
1217 5567 1464 5639 corporis
1502 5575 1672 5633 artus,

399 5654 455 5709 ln
479 5652 779 5711 mausolaeo
816 5659 1020 5733 legitur
1049 5659 1562 5730 locuplete'_locatus
1588 5677 1602 5723 ;

2049 5299 2107 5368 D
2134 5293 2244 5349 Sed
2274 5293 2509 5349 Domino
2537 5292 2977 5365 Phlegetontaeas
3006 5288 3281 5345 referente
3314 5290 3547 5362 rapinas

2134 5388 2364 5458 Raptus,
2396 5394 2450 5441 et
2479 5387 2718 5442 aatherea
2747 5386 2982 5441 donatus
3019 5383 3262 5440 creditur
3301 5384 3449 5440 aula.

2132 5480 2230 5534 Hie
2259 5479 2421 5533 etiam
2451 5477 2657 5549 plures,
2682 5494 2822 5550 quos
2844 5477 3043 5532 saecula
3074 5476 3251 5547 prisca
3276 5475 3552 5545 tulerunt,

2133 5568 2376 5622 Illustres
2409 5566 2578 5638 positi
2614 5583 2772 5642 reges
2813 5566 3101 5637 sanctique
3139 5564 3453 5635 prophetae.

2133 5658 2230 5713 Hic
2259 5659 2497 5729 Symeon
2521 5659 2723 5728 justus,
2748 5657 2899 5714 celso
2930 5657 3023 5730 qui
3068 5655 3313 5713 Flamine
3343 5658 3552 5727 clarus,

3414 5822 3465 5865 ο
