3970 6200
130 313 239 366 501

668 303 748 356 DE
785 299 1145 355 TRIUMPHIS
1185 299 1440 356 CHRISTI
1484 300 1562 355 ET
1604 299 1695 353 SS.
1740 296 2143 351 PAL/ESTIN/E
2182 298 2356 354 LIBRI
2398 299 2582 355 TRES.
2623 330 2692 340 —
2736 298 2857 353 LIB.
2902 300 2941 352 I.

3375 299 3481 355 502

134 439 489 508 Responsum
521 431 688 503 capit,
720 428 866 483 haud
898 443 1140 500 unquam
1171 443 1231 481 se
1274 436 1452 481 morte
1474 426 1751 482 obiturum
1784 424 1834 494 Α
1864 422 2064 477 Sedula
2092 440 2214 495 quze
2237 425 2442 496 templo
2481 425 2713 499 degens,
2739 423 2957 493 jejunia
2986 424 3192 480 ducens

135 530 434 583 Auctorem
453 523 630 577 donec
658 518 949 574 meruisset
973 532 1205 571 cernere
1242 517 1401 572 vita}:

137 622 260 685 Quo
299 619 417 673 viso
442 614 581 687 petit
600 612 811 667 absolvi
843 611 947 666 sibi
970 612 1188 666 vincula
1214 611 1413 675 carnis,

137 703 262 758 Non
297 710 550 757 metuens
589 708 840 763 mortem,
884 700 1086 775 dignus
1118 699 1246 771 quia
1283 698 1463 754 visere
1484 699 1687 772 vitam;

137 794 263 848 Non
296 792 487 847 mortis
516 793 750 847 horrens
778 790 1053 857 umbram,
1076 792 1205 861 quia
1229 805 1455 845 noscere
1489 792 1689 857 lucem,

143 885 399 955 Paceque
420 890 737 955 conspecta,
762 882 992 953 cupiunt
1022 882 1373 953 requiescere
1400 882 1669 937 membra.

140 980 244 1033 Hic
275 980 517 1034 Phanuel
550 979 758 1050 proles,
800 976 981 1033 viduis
1006 992 1229 1049 quoque
1260 976 1434 1031 forma
1464 976 1656 1032 salutis

138 1076 298 1128 Anna
325 1072 691 1146 preplietissa,
727 1070 891 1127 tribui
924 1085 1047 1141 qua:
1070 1068 1315 1124 nascitur
1339 1068 1473 1124 Aser
1502 1088 1519 1124 :

1863 510 2080 579 Crebra,
2123 516 2405 587 Deumque
2437 531 2655 590 rogans,
2698 515 2864 570 servit
2894 515 2980 569 cui
3012 522 3173 570 nocte
3206 515 3408 588 dieque

1862 606 2011 661 Dona
2044 609 2344 677 prephetiae
2382 608 2504 663 ceeli
2535 608 2867 663 charismata
2890 609 3123 678 sumpsit
3158 626 3171 661 :

1865 696 2185 751 Emmanuel
2214 705 2399 751 natum
2443 712 2550 752 non
2580 697 2759 751 solum
2792 698 2959 771 digna
2984 696 3124 751 tueri

1866 787 2197 854 Vaticinans,
2233 789 2286 842 in
2317 804 2382 843 eo
2405 789 2607 844 meruit
2633 789 2765 861 quin
2800 789 3004 843 famina
3029 790 3191 855 ferre,

1868 880 2017 934 lIunc
2050 881 2233 935 multis
2253 882 2490 952 positum
2515 882 2821 952 praedicens
2856 898 2979 937 esse
3005 884 3200 948 ruinae,

1866 966 2207 1023 Centinuans
2238 970 2388 1040 quod
2420 976 2473 1025 et
2500 968 2727 1025 advenis
2768 971 3038 1026 surrectio
3063 970 3269 1027 multis.

1633 1199 1842 1256 CAPUT
1885 1202 2017 1256 XXI.

1480 1333 1559 1392 De
1601 1342 1805 1394 sancto
1845 1334 2165 1413 Stephano.

144 1486 319 1542 Isthic
347 1483 640 1557 praecipuis
669 1497 891 1554 quoque
914 1488 1369 1537 consummantur
1395 1496 1600 1553 agones

140 1575 436 1642 Militibus,
464 1572 1023 1646 quorumStephanus
1053 1570 1353 1625 certamine
1388 1571 1565 1642 primo

143 1667 276 1721 Post
315 1666 585 1720 Christum
615 1664 749 1717 Iethi
784 1663 1008 1717 liventia
1040 1662 1147 1717 tela
1172 1661 1537 1732 triumphans,

143 1754 398 1811 Nominis
432 1754 559 1808 hinc
592 1753 795 1823 preprii
822 1752 990 1806 scitur
1012 1749 1223 1821 cepisse
1266 1764 1526 1803 coronam

142 1849 417 1916 Tempore
445 1861 554 1917 quo
584 1845 847 1899 Dominus
877 1844 1058 1900 dirum
1100 1861 1263 1900 cruce
1301 1845 1517 1899 vicerat
1539 1843 1771 1898 hostem.

143 1940 282 1993 Nam
316 1938 445 1993 dum
479 1937 672 1992 levitas
701 1936 870 1991 sacris
910 1936 1171 1991 assistere
1207 1937 1411 1990 mensis

148 2032 337 2087 Cmtus
369 2030 723 2102 apostolicus,
757 2036 969 2100 septem
1031 2044 1170 2100 quos
1194 2028 1434 2100 Spiritus
1473 2028 1650 2083 almus

140 2122 404 2188 Exernat,
437 2120 646 2183 statuit,
682 2119 870 2174 divine
903 2119 1129 2173 numine
1151 2119 1326 2174 lectus

145 2212 245 2267 His
278 2213 416 2267 lucis
456 2210 704 2281 locuples
734 2209 1074 2281 praeponitur
1104 2209 1473 2263 arcliidiacon.
1528 2194 1553 2207 ”

136 2310 265 2365 Mox
292 2307 527 2362 imbrem
557 2306 837 2361 sermonis
865 2322 1058 2379 agens,
1092 2305 1293 2359 virtute
1324 2312 1601 2371 coruscat,

136 2400 522 2472 Prodigiisque
563 2398 721 2453 nevis
754 2397 958 2469 pepulo
989 2413 1129 2452 nova
1161 2396 1379 2471 fulgura
1410 2401 1696 2451 monstrat.

135 2494 314 2557 Quem
347 2496 534 2545 contra
566 2489 855 2563 Synagega
886 2504 1119 2560 crepaus
1148 2489 1361 2543 Satanae
1403 2487 1698 2551 blateratu,

139 2584 391 2641 Bellabat
422 2584 637 2646 rabido,
673 2584 1026 2655 libertinique
1060 2584 1305 2652 remissi,

144 2680 328 2749 Atque
362 2677 517 2733 nothi
543 2676 885 2747 Cyrenenses
919 2675 1131 2732 fervere
1163 2676 1392 2747 perusti,

144 2768 332 2823 Turba
372 2776 427 2822 et
453 2767 942 2821 Alexandrinorum
987 2765 1289 2837 Cilice’sque
1321 2780 1606 2841 procaces,

146 2859 257 2911 Aut
279 2856 417 2910 Asia:
451 2855 665 2926 reliqui.
702 2855 808 2909 Sed
841 2869 954 2909 non
985 2870 1247 2925 superare
1281 2854 1536 2925 sephiam

143 2949 414 3003 Flaminis
446 2955 537 3002 aut
574 2948 747 3003 sancti
782 2954 1081 3018 potuerunt
1111 2948 1303 3001 sistere
1336 2946 1502 3001 rivos.

144 3042 380 3111 Captum
415 3039 648 3095 concilio
680 3045 925 3093 statuunt
952 3048 1005 3093 et
1028 3055 1228 3113 magna
1252 3044 1579 3110 queruntur,

143 3132 445 3188 Mutandas
476 3130 614 3206 legis
635 3131 806 3202 Moysi
838 3131 986 3202 quod
1019 3130 1342 3185 traditiones

144 3224 359 3281 Dixerit
396 3223 464 3278 ab
495 3223 647 3290 Jesu,
679 3223 867 3295 templi
900 3224 1243 3278 accelerante
1272 3221 1508 3276 ruinam.

226 3319 285 3372 In
301 3333 532 3389 quorum
561 3317 746 3373 medio
768 3317 918 3371 velut
945 3316 1178 3390 angelus
1208 3331 1302 3370 ore
1334 3329 1597 3368 coruscus

142 3411 293 3465 Vere
324 3416 522 3463 tonans
553 3406 749 3478 patria,
782 3406 862 3461 sic
883 3405 1091 3460 lumine
1123 3403 1365 3476 fulgidus
1390 3402 1509 3457 infit
1543 3420 1556 3456 :

149 3525 177 3547 ι(
216 3497 405 3552 Patres
437 3503 598 3567 atque
625 3494 724 3549 viri
755 3494 969 3561 fratres,
1003 3510 1125 3548 mea
1145 3493 1344 3547 sumite
1362 3493 1547 3547 verba.

146 3585 435 3654 Majestate
458 3585 602 3639 Deus
632 3584 852 3638 radians
882 3582 1138 3653 apparuit
1165 3582 1296 3636 olim

143 3678 383 3733 Abrahae
416 3687 626 3744 nostro,
650 3676 853 3748 placito
888 3675 991 3731 sibi
1024 3691 1188 3730 carne
1221 3672 1457 3745 parenti,

144 3768 485 3839 Przecipiens
509 3767 601 3822 olli
629 3785 642 3821 :
674 3767 835 3822 Terra
864 3767 1092 3822 discede
1124 3773 1352 3837 paterna

142 3863 539 3929 Approperans
570 3856 715 3923 aliis,
750 3856 849 3911 tibi
881 3872 1004 3927 qua:
1046 3862 1446 3920 monstravere,
1490 3852 1699 3927 regnis.

145 3950 407 4006 Chaldma
434 3948 731 4023 egrediens
758 3946 1020 4002 habitavit
1044 3947 1228 4002 denuo
1254 3945 1491 4001 Cliarran
1519 3964 1533 4011 ;

145 4042 278 4095 Post
303 4040 633 4112 obitumque
656 4040 824 4111 patris
843 4040 961 4093 haec
987 4039 1133 4093 hunc
1160 4037 1388 4091 deduxit
1414 4038 1467 4091 in
1491 4053 1638 4103 arva,

144 4132 263 4186 Nec
290 4130 444 4185 dedit
475 4130 602 4185 hinc
632 4129 734 4200 ipsi
768 4136 1030 4201 quantum
1046 4128 1203 4199 pedis
1232 4127 1436 4181 abdere
1471 4142 1664 4198 passus

148 4225 318 4290 Quit:
343 4232 527 4278 tamen
556 4224 670 4279 haec
696 4224 816 4292 ejus
847 4222 1024 4277 soboli
1056 4221 1321 4276 tradenda
1349 4219 1673 4291 spepondit,

152 4318 291 4371 Cum
322 4317 511 4371 senior
540 4315 718 4371 fessus
747 4314 951 4371 carnali
987 4314 1141 4385 prole
1181 4318 1411 4367 careret.

149 4407 264 4460 Sed
286 4416 374 4459 tua
403 4406 698 4481 progenies
726 4405 924 4460 alienis
953 4404 1138 4458 accola
1165 4402 1344 4473 (dixit)

152 4498 399 4555 Ruribus
431 4498 647 4564 existet,
680 4498 920 4570 graviter
940 4502 1165 4551 tractata
1184 4512 1282 4566 per
1300 4511 1477 4550 annos

152 4594 348 4647 Fcrme
382 4590 837 4662 quadringentos,
882 4590 1144 4643 famulatu
1184 4589 1424 4659 pessime
1457 4602 1666 4658 pressa,

148 4684 310 4739 Exiet
339 4690 502 4754 atque
533 4682 652 4737 loco
682 4682 816 4735 mihi
836 4681 1126 4752 postmodo
1145 4680 1350 4735 serviet
1380 4680 1504 4743 isto,

143 4775 368 4833 Iudicio
397 4784 617 4847 gentem
639 4774 725 4828 cui
748 4772 999 4827 servierit
1028 4787 1249 4843 quoque
1276 4770 1529 4825 subdam.

150 4870 282 4923 Post
312 4873 765 4921 testamentorum
807 4864 1152 4920 circumcisio
1184 4869 1422 4933 sumpta,

150 4965 413 5018 Procreat
433 4961 561 5015 inde
580 4977 748 5015 senex
780 4961 949 5028 Isaac,
982 4976 1092 5031 que
1123 4967 1285 5014 natus
1316 4958 1477 5013 Iacob

152 5053 246 5106 Bis
281 5068 377 5107 sex
405 5058 734 5122 progenerat
765 5050 1024 5121 prwclare
1057 5049 1329 5125 sanguine
1351 5055 1553 5120 patres,

154 5145 385 5202 Invidiae
416 5144 621 5215 Ioseph
654 5160 793 5215 quos
818 5145 1058 5199 vendere
1080 5144 1218 5198 livor
1259 5141 1462 5217 adegit.

158 5238 257 5293 llic
283 5238 498 5291 Pharon
535 5236 863 5310 ingreditur,
898 5235 1129 5291 Domine
1173 5234 1472 5289 comitante
1501 5246 1767 5303 superne,

154 5330 423 5385 Omnibus
448 5327 658 5398 eripuit
684 5329 900 5383 salvans
927 5328 1021 5399 qui
1051 5328 1305 5399 pestibus
1328 5327 1479 5381 illum
1514 5343 1528 5390 ;

153 5424 257 5479 Per
296 5438 462 5495 quem
488 5436 611 5475 mox
644 5421 868 5491 sapiens
898 5421 1168 5475 Pharaoni
1202 5426 1256 5474 et
1286 5426 1473 5495 gratus
1493 5417 1727 5472 habetur
1755 5435 1769 5484 ;

154 5514 305 5569 Hunc
336 5511 431 5584 qui
463 5508 778 5580 praeficiens
806 5525 977 5583 regno
1011 5509 1325 5579 praepenuit
1347 5514 1401 5562 et
1431 5508 1587 5561 aulae.

154 5603 451 5679 Aigyptum
482 5598 611 5652 inde
635 5613 868 5652 onerosa
902 5598 1077 5652 fames
1103 5598 1434 5668 Canaanque
1451 5593 1736 5666 premebat
1760 5611 1775 5659 ;

158 5695 366 5754 Excitat
392 5695 511 5748 haec
539 5689 776 5762 primum
806 5696 991 5762 patres
1020 5689 1272 5765 angustia
1298 5695 1548 5751 nostros;

1872 1484 2045 1538 Vendi
2070 1484 2144 1539 ibi
2168 1493 2450 1557 comperte
2481 1486 2758 1543 frumenta
2791 1487 2979 1545 videre
3004 1488 3304 1559 Canopum.

1876 1576 2022 1631 Hanc
2053 1593 2274 1649 quoque
2314 1579 2445 1634 dum
2503 1587 2777 1651 repetunt,
2817 1582 3023 1653 Joseph
3075 1592 3226 1654 patet
3269 1585 3493 1659 agnitus

3292 1677 3422 1748 [illis

1879 1761 2004 1826 Quae
2036 1772 2322 1836 postquam
2358 1765 2557 1820 Phario
2590 1767 2705 1839 regi
2734 1768 2942 1837 perlata
2974 1767 3243 1835 feruntur,

1878 1855 2086 1910 Patrem
2130 1873 2251 1911 eum
2281 1858 2693 1932 generis:turba
2724 1860 2827 1914 sibi
2852 1862 3039 1932 poscit
3077 1863 3269 1932 Ioseph

1876 1948 1953 2002 Ad
1986 1964 2148 2020 quem
2173 1966 2295 2004 cum
2331 1951 2517 2006 decies
2543 1953 2787 2022 septenis
2816 1954 3063 2025 quinque
3089 1955 3297 2026 jugatis

1876 2038 2175 2093 Descendit
2204 2041 2438 2110 prepriae
2469 2040 2662 2112 stirpis
2692 2042 2984 2097 animabus
3017 2044 3193 2099 Iacob.

1874 2131 1972 2195 Qui
2008 2139 2302 2204 postquam
2328 2134 2438 2189 vita
2470 2135 2789 2209 defungitur
2820 2136 2961 2208 ipse,
2993 2145 3286 2211 patresque

1873 2222 1963 2275 Bis
1989 2222 2108 2276 seni
2141 2223 2362 2278 Sichem
2399 2224 2492 2279 lati
2516 2225 2796 2297 positique
2826 2228 3082 2297 sepulcro

1874 2311 2145 2366 Abraham
2182 2313 2359 2382 pretio
2386 2315 2531 2386 quod
2552 2324 2861 2387 sumpserat
2884 2317 3045 2372 Emer
3067 2317 3119 2372 in
3142 2326 3348 2390 empto.

1873 2398 2140 2470 Tempore
2167 2401 2420 2471 promissi
2462 2412 2789 2474 properante
2811 2406 2955 2477 quod
2983 2406 3099 2477 ipse
3132 2408 3391 2479 professu

1872 2489 2101 2544 Abrahae
2129 2490 2304 2545 fuerat
2324 2493 2607 2561 Dominus,
2639 2494 2796 2565 plebs
2826 2497 2997 2551 crevit
3025 2507 3079 2551 et
3110 2497 3309 2572 ingens

1871 2580 2116 2636 Efficitur
2149 2584 2404 2655 pepulus,
2440 2585 2619 2641 donec
2649 2603 2741 2641 rex
2766 2589 2988 2643 nescius
3006 2590 3202 2644 herum

1876 2670 2089 2726 Eminet
2116 2672 2369 2744 lEgypto,
2399 2674 2949 2749 circumveniensque
2979 2678 3207 2734 colonos

1798 2737 1849 2807 Β
1872 2758 2111 2827 Addicit,
2144 2737 2540 2834 proprios
2573 2737 3017 2835 exponereletho

1876 2852 2226 2925 Compellens
2252 2856 2492 2928 genitos.
2526 2856 2739 2928 Moyses
2760 2864 2891 2913 tunc
2920 2868 3081 2913 natus
3112 2866 3165 2914 et
3183 2860 3304 2915 atde

1875 2944 2156 3000 Mensibus
2178 2955 2260 3001 est
2292 2949 2466 3019 patria
2486 2948 2708 3005 latitans
2729 2950 2902 3005 tribus
2937 2950 3159 3006 abditus
3179 2953 3345 3008 hosti.

1877 3036 2068 3090 Gratus
2087 3044 2141 3090 at
2169 3037 2474 3094 Altithrene
2506 3038 2656 3094 ﬂuvii
2690 3041 2819 3096 dum
2855 3042 3087 3096 traditur
3113 3043 3272 3107 ulvze,

1877 3129 2162 3204 Regigena
2190 3138 2396 3202 raptus,
2431 3131 2597 3200 fetus,
2623 3133 2742 3189 vice
2773 3136 2943 3205 prelis
2959 3145 3195 3203 amatus,

1875 3218 2099 3273 Artibus
2127 3220 2363 3275 excellet
2394 3220 2623 3285 Phariis,
2653 3224 2873 3280 virtutis
2899 3233 2954 3281 et
2985 3234 3108 3283 actu

1875 3308 2066 3363 Lustra
2087 3325 2287 3381 gerens
2310 3319 2457 3377 octo,
2489 3313 2785 3369 meditatur
2800 3315 2977 3371 visere
3006 3316 3199 3372 fratres
3224 3360 3236 3373 .

1876 3399 2231 3471 Pelleumque
2286 3399 2460 3453 virum
2486 3400 2714 3457 llebrzeo
2751 3404 2858 3457 vim
2886 3406 3111 3461 tendere
3143 3423 3382 3465 cernens

1874 3491 2127 3562 Percutit,
2157 3502 2322 3565 atque
2354 3508 2484 3549 suos
2517 3500 2666 3549 retur
2702 3496 2946 3552 sensisse
2984 3498 3349 3571 propinques,

1875 3588 1967 3643 llis
1987 3605 2087 3661 per
2123 3604 2247 3643 eum
2269 3586 2532 3641 Dominus
2550 3586 2715 3642 vellet
2735 3588 2863 3659 quia
2885 3589 3026 3645 ferre.
3053 3590 3307 3649 salutem.

1875 3680 2022 3744 Quos
2062 3680 2442 3751 imprudentes
2479 3679 2607 3735 odio
2641 3678 2867 3750 rixaque
2900 3680 3142 3736 furentes

1875 3769 2212 3842 Corripiens,
2236 3769 2412 3839 audit,
2444 3769 2839 3840 Princeps,ant
2866 3769 3073 3824 arbiter
3098 3780 3157 3825 ut
3183 3772 3261 3827 sis

1876 3862 2005 3926 Quis
2036 3860 2207 3922 dedit,
2240 3865 2293 3913 et
2320 3868 2533 3913 nostras
2558 3857 2742 3915 valeas
2767 3857 2924 3913 finire
2956 3861 3210 3931 querelas
3243 3862 3272 3916 ?

1875 3953 2031 4007 Mene
2064 3961 2122 4006 ut
2152 3949 2540 4005 heriPharium
2562 3949 2758 4024 jugulo
2774 3951 3012 4020 plectere
3033 3952 3293 4008 colonum
3315 3956 3343 4009 τ

1875 4041 2119 4096 Territus
2158 4042 2243 4096 his
2274 4040 2485 4110 Moyses
2516 4040 3241 4111 disponituradvenaterrze,

1792 4113 1840 4183 (ἶ
1870 4132 2171 4205 Aufugiens
2202 4130 2438 4195 Madian,
2473 4132 2604 4187 bino
2636 4137 2718 4185 est
2749 4147 2855 4202 qua
2886 4131 3116 4205 pignere
3150 4141 3379 4197 mactus.

1872 4222 2243 4297 Quadraginta
2280 4222 2440 4276 annis
2460 4221 2536 4275 illi
2569 4223 2671 4276 hac
2693 4223 2890 4277 tellure
2921 4222 3180 4293 peractis,

1870 4319 2110 4393 Angelus
2133 4317 2221 4372 hic
2243 4316 2507 4391 ﬂagrante
2540 4314 2661 4369 rubi
2694 4322 3025 4370 monstratur
3054 4316 3109 4369 in
3138 4315 3286 4391 igne.

1872 4410 1986 4473 Quo
2010 4408 2242 4462 mirante
2266 4406 2440 4460 facem
2470 4402 2699 4459 scrutari
2739 4420 2962 4475 remque
2978 4414 3202 4475 parante

1868 4503 1979 4557 Vox
2013 4503 2148 4557 facta
2177 4509 2257 4557 est
2285 4519 2298 4556 :
2336 4520 2359 4551 α
2388 4500 2498 4575 Ege
2513 4516 2631 4553 sum
2659 4506 2871 4570 patrum
2903 4500 3046 4553 Deus
3075 4499 3191 4569 ipse
3208 4505 3483 4558 tuorum.»

1870 4596 2142 4652 Attonitus
2172 4596 2385 4667 Moyses
2417 4611 2525 4650 non
2553 4594 2725 4649 audet.
2751 4609 2975 4648 cernere
3000 4598 3208 4647 contra.

1869 4690 1967 4755 Qui
2001 4690 2265 4744 Dominus
2296 4710 2306 4742 :
2338 4710 2361 4739 ει
2384 4689 2625 4743 Pedibus
2654 4687 2753 4742 tibi
2780 4686 3150 4742 calceamenta
3174 4686 3409 4753 resolve,

1869 4780 1997 4833 Nam
2032 4779 2183 4833 locus
2205 4794 2257 4831 in
2293 4794 2400 4849 quo
2432 4787 2544 4832 stas
2576 4782 2787 4833 constat
2809 4776 2938 4847 quia
2968 4782 3112 4830 terra
3135 4783 3345 4831 sacrata
3374 4784 3459 4831 est

1866 4868 2104 4922 Verbera
2134 4867 2270 4920 dura
2294 4867 2401 4921 mei
2434 4868 2646 4939 pepuli,
2683 4867 2893 4922 Pelusia
2909 4882 3077 4939 regna

1868 4958 2035 5022 Quem
2066 4956 2331 5021 retinent,
2365 4956 2497 5023 vidi,
2530 4958 2794 5032 gemitum
2827 4956 2956 5029 quia
2985 4955 3213 5010 auribus
3240 4953 3396 5009 hausi

1872 5046 2255 5115 Descendique
2287 5043 2522 5115 tegendo
2555 5044 2679 5098 illos
2706 5060 2814 5115 quo
2846 5044 3045 5100 missus
3064 5043 3291 5099 abibis.»

1874 5141 1968 5196 Hie
1996 5141 2226 5210 Moyses,
2248 5136 2353 5190 sibi
2377 5136 2659 5207 praelatum
2690 5153 2851 5207 quem
2878 5136 3020 5192 ferre
3052 5142 3341 5212 negarunt,

1870 5229 2141 5300 Principis
2162 5234 2325 5299 atque
2356 5225 2741 5295 Redemptoris
2770 5227 2890 5282 vice
2915 5228 3147 5282 mittitur
3178 5228 3307 5295 illis,

1875 5322 2121 5378 Crelicola
2151 5320 2312 5374 simul
2344 5327 2589 5384 ostenso,
2622 5317 2917 5372 comitante
2936 5336 3032 5388 per
3064 5320 3269 5395 ignem.

1875 5414 1967 5468 His
1995 5412 2168 5487 signis
2195 5410 2379 5465 educit
2398 5424 2493 5464 eos
2534 5424 2631 5480 per
2658 5423 2783 5461 rura
2802 5408 3031 5477 Syenes,

1798 5486 1852 5555 Ι)
1876 5486 2214 5575 Ιηῳιθίιῐιξιτί
2248 5502 2431 5557 Rubro
2462 5500 2692 5555 rutilans
2724 5506 2777 5553 et
2800 5498 3017 5553 ininvia
3062 5501 3207 5557 sicea

1884 5596 2088 5650 Lustris
2114 5602 2237 5651 octo
2268 5594 2615 5665 preplietavit
2640 5608 2885 5666 quoque,
2918 5607 3025 5663 quo
3060 5592 3203 5648 Deus
3224 5595 3422 5667 (aiens)

1882 5688 2123 5758 Tempus
2146 5686 2269 5755 erit,
2289 5686 2486 5743 vestris
2514 5686 2584 5743 de
2617 5684 2873 5744 fratribus
2895 5684 3096 5742 excitet
3118 5701 3312 5753 unum,
