3970 6200
437 334 543 391 503

438 463 719 532 Tanquam
750 471 837 510 me
877 461 1078 519 vatem,
1107 468 1203 506 vos
1235 447 1600 505 observabitis
1631 446 1827 517 ipsum.

440 552 645 620 Nempe
673 552 789 601 erat
822 542 1077 597 Ecclesiae
1105 541 1362 611 princeps
1388 539 1606 592 deserta
1641 534 1879 591 tenentis

442 642 699 715 Angelico
732 653 900 709 super
928 635 1036 689 alta
1065 634 1192 688 Sina
1218 631 1482 687 solamine
1514 628 1704 684 fultus.

439 730 681 802 Sumpsit
710 728 858 783 enim
886 727 1008 781 vitae
1022 723 1183 779 nobis
1211 723 1343 778 dare
1368 722 1553 787 verba,
1587 719 1685 775 sed
1726 720 1847 789 ejus

441 823 711 879 Nolebant
732 819 903 890 jussis
932 816 1103 873 nostri
1125 831 1186 870 se
1205 814 1445 869 subdere
1473 820 1673 885 patres,

441 912 706 968 Cordibus
744 906 918 964 aversi
958 905 1130 971 duris,
1158 904 1446 975 Aaronque
1474 902 1770 973 jubentes:

447 1022 468 1052 α
502 1002 606 1055 Fac
645 997 809 1054 nobis
841 1011 980 1067 quos
1008 1010 1110 1049 nos
1130 993 1384 1049 volumus
1407 992 1721 1062 praecedere
1748 990 1927 1056 divos,

441 1098 554 1151 Dux
583 1099 771 1148 noster
801 1090 1012 1161 Moyses
1038 1088 1133 1143 ubi
1165 1087 1237 1142 sit
1278 1086 1494 1141 nescire
1527 1085 1778 1139 fatemur.
1815 1114 1834 1130 -

441 1185 574 1239 Tum
595 1184 734 1237 bove
761 1179 999 1234 conﬂato
1022 1194 1175 1232 sacra
1209 1177 1380 1230 libant
1412 1191 1564 1230 more.
1596 1174 1848 1246 profano,

446 1276 507 1328 In
531 1272 685 1326 factis
711 1284 971 1323 manuum
1003 1266 1355 1320 laetaticorde
1386 1281 1605 1320 suarum
1637 1282 1650 1330 ;

446 1362 770 1431 Militiasque
788 1357 940 1410 dedit
971 1356 1113 1410 Deus
1140 1356 1239 1409 hos
1269 1355 1473 1409 servire
1506 1354 1778 1424 polorum,

446 1450 512 1505 Ut
540 1448 818 1518 Scriptura
845 1445 1235 1517 prOphetarum
1264 1444 1343 1499 sic
1384 1444 1628 1513 patribus
1651 1441 1773 1497 inﬁt
1798 1460 1811 1497 ε

445 1543 581 1596 Dum
614 1540 833 1594 deserta
866 1537 1123 1593 terebatis
1151 1537 1293 1604 loca,
1324 1536 1546 1592 victima
1576 1535 1825 1607 nunquid

446 1631 660 1688 Avobis
688 1630 871 1685 oblata
910 1629 1043 1684 mihi
1073 1628 1098 1683 ?
1125 1630 1332 1684 Domus
1353 1628 1488 1683 arsit
1519 1627 1684 1683 lacob

447 1720 877 1792 Sumpsistisquc
911 1717 1124 1773 Moloch
1153 1717 1410 1781 tentoria,
1442 1716 1625 1770 sidera
1653 1716 1924 1787 Rempha,

450 1812 592 1876 Quas
618 1825 715 1865 vos
744 1814 960 1864 constat
990 1807 1301 1862 adorandas
1340 1806 1640 1877 sculpsisse
1660 1804 1883 1880 figuras.

451 1904 714 1970 Quocirca
745 1902 961 1971 ejiciam
997 1915 1097 1956 vos
1123 1898 1492 1955 mazniatrans
1522 1898 1841 1970 Babylonis.

452 1998 699 2052 Aulaeum
740 1994 915 2050 fuerat
936 1994 1186 2065 patribus
1218 2008 1320 2064 per
1348 1992 1511 2047 devia
1534 1991 1740 2047 nostris

454 2090 608 2156 Quod
637 2090 780 2144 Deus
804 2093 1029 2143 ostenso
1052 2086 1237 2142 docuit
1264 2086 1641 2159 paradigmate
1676 2086 1939 2157 Moysem.

456 2183 567 2237 lloc
596 2196 815 2253 quoque
837 2196 958 2235 cum
988 2180 1171 2235 Iesum
1202 2178 1373 2233 nostri
1413 2177 1681 2233 induxere
1712 2183 1967 2247 parentes

456 2277 517 2329 ln
549 2280 773 2341 terram,
805 2280 1020 2348 gentes,
1050 2288 1215 2344 quam
1246 2272 1566 2344 possedere,
1607 2286 1846 2342 superno

458 2364 706 2435 Expulsa:
738 2369 895 2430 nutu,
916 2362 1230 2433 mansitque
1254 2361 1308 2415 in
1336 2366 1586 2430 tempora
1602 2359 1790 2425 David,

459 2452 559 2519 Qui
579 2458 764 2524 gratus
784 2449 1020 2506 Domino
1050 2450 1211 2521 petiit
1239 2447 1507 2519 reperiret
1533 2453 1593 2503 ut
1618 2448 1795 2503 aedem

462 2547 586 2616 Ipse
617 2544 726 2599 Deo
757 2542 949 2607 Jacob,
978 2542 1237 2597 Salomon
1269 2540 1463 2595 struxit
1502 2540 1589 2595 cui
1613 2540 1899 2611 templum,

462 2639 571 2694 Sed
601 2653 714 2693 non
744 2635 1023 2691 excelsum
1055 2634 1311 2690 manibus
1337 2634 1433 2688 lita
1453 2632 1682 2688 delubra
1722 2635 1985 2692 claudunt

462 2730 532 2785 Os
558 2728 703 2783 vatis
731 2725 883 2782 velut
909 2725 1030 2796 ipse
1060 2725 1149 2781 sui
1180 2730 1411 2779 testatur
1438 2723 1770 2795 adimplens.

464 2819 637 2874 Sedes
667 2823 749 2871 est
777 2816 997 2881 caelum,
1021 2814 1169 2869 basis
1194 2819 1277 2867 est
1305 2812 1439 2867 mihi
1463 2819 1606 2867 terra
1637 2813 1868 2883 pedalis,

467 2911 748 2980 Quamque
775 2908 999 2963 domum
1054 2905 1190 2960 mihi
1247 2904 1521 2971 condetis,
1570 2904 1688 2960 loca
1737 2922 1928 2977 qut-eve
1967 2924 2087 2963 ma-

1777 2996 1964 3068 [uendi
1988 2996 2016 3051 7

468 3090 588 3147 Non
618 3103 742 3143 mea
770 3086 918 3141 celsa
948 3099 1145 3139 manus
1171 3083 1448 3154 plasmans
1466 3083 1585 3139 haec
1600 3085 1785 3141 omnia
1814 3085 1942 3142 fecit
1962 3085 1990 3139 ?

470 3178 693 3252 Spiritui
719 3190 940 3250 quoque
968 3189 1067 3230 vos
1095 3173 1239 3228 almo
1278 3174 1547 3229 contraire
1575 3175 1806 3230 studetis

471 3272 708 3329 Auribus
734 3268 1155 3335 incircumcisis,
1177 3266 1390 3323 cervice
1418 3269 1657 3338 procaci,

474 3366 541 3422 Ut
568 3362 731 3419 vestri
763 3368 889 3417 ante
920 3367 1102 3432 patres
1122 3359 1428 3434 jugulando
1457 3375 1605 3431 saepe
1626 3361 1944 3432 prophetas.

475 3457 666 3513 Infesti
688 3455 906 3511 cunctis
935 3470 949 3519 ;
980 3452 1289 3524 praenuntia
1315 3452 1479 3507 verba
1510 3452 1708 3508 locutis

474 3551 756 3607 Adventus
772 3546 906 3617 justi
937 3562 1100 3618 quem
1134 3545 1446 3616 proditione
1479 3547 1714 3601 necastis
1747 3565 1761 3614 ;

476 3639 737 3715 Angelico
762 3637 944 3710 legem
973 3650 1114 3708 quos
1139 3636 1457 3707 percepisse
1488 3634 1666 3690 relatu

478 3734 719 3801 Constat,
748 3748 869 3787 eam
890 3745 1022 3785 vere
1043 3745 1146 3785 nec
1161 3729 1466 3785 custodisse
1506 3729 1772 3799 probatur

549 3828 800 3901 Martyris
838 3826 924 3882 his
951 3824 1137 3880 verbis
1167 3824 1398 3898 ingratis
1427 3823 1652 3878 auribus
1680 3824 1888 3880 haustis

476 3920 697 3975 Viscera
721 3914 1017 3981 dissiliunt,
1049 3919 1381 3984 rumpuntur
1416 3912 1582 3968 corda
1611 3912 1814 3980 furore,

478 4016 716 4071 Stridula
744 4026 1062 4083 pressorum
1114 4015 1375 4065 resonant
1413 4008 1746 4079 crepitacula
1777 4007 2023 4067 dentum.

478 4104 543 4158 At
569 4110 774 4173 martyr
803 4106 1049 4166 sanctus,
1080 4097 1347 4169 praecelso
1378 4097 1623 4154 Flamine
1651 4097 1869 4168 plenus,

480 4192 799 4263 Suscipiens
821 4190 1011 4257 ctelos,
1044 4188 1289 4245 divinum
1323 4187 1498 4243 cernit
1526 4188 1814 4243 honorem.

482 4284 544 4339 Et
572 4289 809 4338 stantem
826 4297 857 4335 a
882 4279 1091 4335 dextris
1125 4276 1315 4334 aeterni
1335 4276 1508 4332 Patris
1532 4278 1732 4339 Iesum,

1200 322 1566 379 FLODOARDI
1608 318 1910 375 CANONICI
1951 272 2281 372 REMUNSIS
2322 311 2655 367 OPUSCULA
2697 309 3009 366 METRICA.

2071 445 2124 512 Α
2153 437 2557 509 Omnipotentis
2583 436 2721 501 heri,
2753 436 2884 490 dum
2912 435 3139 490 Saulum
3178 442 3365 491 mente
3396 433 3681 491 furentem

3680 309 3795 367 504

2160 529 2219 582 In
2248 542 2384 581 nece
2410 533 2520 581 tam
2551 530 2742 580 sancta
2770 523 2866 595 qui
2896 529 3305 595 consentaneus
3332 538 3459 578 esse

2159 617 2277 672 Non
2319 615 2522 679 timuit,
2552 630 2770 670 versum
2800 613 3089 669 videamus
3115 612 3364 679 nomine,
3393 612 3567 667 corde
3597 630 3615 665 :

2160 710 2235 764 De
2265 708 2428 765 Saulo
2442 707 2690 774 Paulum,
2720 705 3020 778 patientem
3062 706 3132 761 de
3158 720 3321 761 cruce
3346 705 3578 761 factum.

2160 797 2460 869 Exsequias
2484 796 2748 868 Stephani
2781 801 3079 867 properant
3100 794 3383 851 celebrare
3422 794 3643 861 ﬁdeles,

2158 889 2333 961 Atque
2362 887 2603 943 timorati
2644 887 3022 959 lacrymasque
3053 887 3259 941 dedere
3300 884 3556 958 profusas
3587 903 3601 951 ;

2159 980 2534 1052 Gamalielque
2565 995 2665 1035 suo
2697 979 2956 1051 princeps
2986 980 3081 1052 qui
3111 995 3237 1035 rure
3272 980 3475 1036 locavit

2162 1071 2292 1126 Ossa
2322 1070 2398 1142 pii
2431 1070 2603 1136 testis,
2637 1068 2795 1138 cujus
2830 1077 3116 1125 servantur
3144 1067 3351 1143 agello,

2165 1165 2350 1219 Donec
2380 1161 2731 1217 Christicolas
2761 1161 2979 1217 fervens
3008 1161 3291 1218 tribulatio
3313 1170 3546 1234 pressat.

2235 1254 2529 1310 Postmodo
2559 1260 2790 1324 septeno
2820 1253 3086 1326 regnabat
3109 1254 3381 1310 Honorius
3401 1271 3548 1311 anno

2169 1348 2229 1402 Et
2258 1345 2565 1418 baptisterii
2586 1344 2856 1400 Lucianus
2882 1346 2938 1399 in
2965 1346 3082 1401 aede
3108 1346 3344 1402 cubabat
3378 1364 3392 1401 :

2166 1436 2362 1491 Mentis
2393 1435 2449 1490 in
2482 1450 2710 1489 excessu
2739 1432 2880 1489 facto
2903 1434 2989 1489 cui
3016 1434 3259 1489 cernitur
3284 1450 3413 1490 ecce

2166 1528 2430 1583 Procerus
2459 1526 2822 1598 placidusque
2851 1541 3038 1593 senex,
3071 1526 3331 1599 vultuque
3363 1528 3624 1596 decorus,

2166 1618 2337 1672 Barba
2373 1616 2664 1688 promissa,
2698 1615 2956 1671 candenti
2988 1623 3167 1671 tectus
3205 1617 3430 1686 amictu,

2173 1708 2334 1778 Cujus
2362 1709 2419 1762 in
2472 1715 2713 1763 etxremo
2739 1707 3025 1762 radiabant
3054 1709 3303 1777 margine
3331 1711 3577 1781 pulchras

2096 1770 2147 1837 Β
2176 1770 2559 1874 Cobtextaeque
2581 1816 2794 1869 cruces,
2826 1816 2958 1856 auro
2990 1817 3088 1873 pro
3110 1770 3283 1858 limite
3306 1770 3486 1871 limbi,

2176 1894 2385 1966 Quique
2418 1893 2590 1965 pedes
2618 1890 2811 1967 caligis
2837 1892 3054 1949 decoris
3083 1894 3327 1951 munitus
3360 1895 3581 1951 honesti

2175 1993 2350 2062 Atque
2372 1990 2628 2046 caducaeo
2658 1991 2950 2062 praesignis
2977 1990 3199 2047 ductilis
3227 1993 3363 2060 auri,

2178 2083 2395 2138 Leniter
2423 2084 2699 2156 attingens
2727 2084 2892 2150 hunc,
2923 2099 3031 2155 quo
3052 2100 3110 2138 se
3131 2083 3483 2141 Gamalielem

2178 2175 2443 2241 Prodidit,
2467 2175 2724 2249 egregius
2756 2174 2931 2230 fuerat
2961 2175 3047 2230 cui
3081 2176 3282 2232 Paulus
3314 2176 3572 2233 alumnus
3604 2196 3622 2244 ;

2176 2269 2419 2334 Addens,
2454 2274 2576 2341 post
2598 2268 2812 2339 aliquas
2840 2268 3005 2339 coepit
3023 2284 3159 2340 quas
3188 2268 3329 2323 ferre
3361 2270 3618 2341 loquelas
3644 2288 3659 2324 :

2186 2385 2201 2408 -
2250 2360 2472 2415 Cautela
2497 2360 2737 2416 tumulos
2758 2374 2970 2414 summa
3007 2366 3064 2415 tu
3095 2359 3325 2432 perfode
3353 2367 3601 2431 nostros,

2182 2454 2241 2508 Et
2270 2452 2485 2524 patefac
2516 2452 2711 2508 humili
2735 2453 3045 2523 squalentia
3071 2468 3196 2507 rure
3223 2454 3496 2525 sepulcra.
3537 2479 3560 2498 -

2182 2546 2293 2601 Hoc
2313 2552 2595 2618 quaerente
2640 2543 2803 2599 simul
2842 2561 3073 2617 quorum
3111 2544 3380 2600 tumulata
3413 2545 3670 2615 jacerent

2185 2637 2421 2709 Corpora
2451 2654 2464 2690 :
2500 2654 2527 2687 α
2558 2636 2820 2698 Domnus,
2853 2635 2947 2703 ait,
2980 2635 3290 2707 Stephanus
3315 2634 3408 2691 hic
3459 2636 3677 2707 primus
3700 2636 3806 2691 ha-

3561 2727 3744 2799 [betur

2187 2820 2286 2876 Pro
2322 2819 2531 2875 Christo
2553 2818 2763 2890 Solymi
2790 2818 3032 2891 lapidum
3053 2833 3214 2891 quem
3248 2816 3401 2873 caede
3431 2826 3726 2887 necarunt,

2188 2914 2399 2985 Quique
2438 2913 2785 2970 sacerdotum
2806 2913 2966 2982 jussu
2997 2912 3261 2968 dimissus
3291 2913 3545 2968 edendus

2189 3009 2280 3063 Est
2310 3008 2539 3063 canibus
2560 3006 2807 3079 dirisque
2839 3004 2971 3061 feris
3009 3021 3118 3076 qua
3151 3005 3326 3061 Cedar
3354 3006 3561 3063 abitur.

2190 3100 2341 3164 Quod
2370 3098 2540 3154 vetuit
2570 3098 2656 3154 cui
2695 3104 2868 3153 morte
2897 3096 3063 3151 fidem
3095 3113 3346 3153 servasse
3375 3098 3602 3168 patebat

2187 3197 2278 3251 Ast
2306 3209 2409 3267 ego
2448 3199 2759 3247 sanctorum
2789 3198 2989 3247 ccetum
3018 3190 3346 3262 turbamque
3376 3188 3619 3245 ﬁdelenr

2190 3285 2499 3350 Asciscens,
2522 3282 2668 3338 suasi
2699 3290 2887 3338 nostro
2916 3280 3149 3335 ferretur
3177 3279 3377 3353 agello.

2193 3378 2420 3447 Quoque
2449 3381 2666 3446 patrum
2697 3378 2855 3428 sueto
2887 3372 3099 3444 positus
3126 3371 3394 3442 sepelitur
3424 3371 3663 3426 honore.

2199 3472 2368 3535 Quem
2396 3466 2559 3523 simul
2585 3467 2850 3542 attiguum
2884 3464 3136 3519 invenies
3167 3464 3408 3519 retinere
3440 3463 3702 3519 locellum

2198 3561 2532 3618 Nicodemus
2559 3576 2717 3614 meus
2739 3558 2832 3614 ille
2858 3574 3036 3630 nepos
3067 3564 3169 3625 est,
3198 3556 3441 3612 Christus
3470 3556 3624 3611 Iesus

2198 3653 2442 3709 Flamine
2472 3667 2634 3724 quem
2664 3655 2853 3704 sancto
2882 3646 3094 3717 docuit,
3126 3648 3463 3720 lymphaque
3492 3647 3731 3715 renasci,

2196 3751 2462 3822 Quodque
2490 3748 2597 3804 sibi
2628 3748 2808 3814 Petro,
2841 3762 2967 3802 mox
2992 3752 3157 3818 atque
3193 3745 3405 3800 Joanne
3437 3750 3749 3815 peractum,

2202 3841 2356 3897 Unde
2386 3837 2734 3895 sacerdotum
2764 3850 3041 3907 proceres,
3072 3834 3302 3908 indigna
3327 3832 3651 3901 frementes,

2201 3928 2326 3984 lrati
2357 3928 2507 3982 hunc
2532 3932 2818 3982 removent
2847 3924 3107 3998 primatu,
3132 3923 3344 3979 tradere
3374 3925 3539 3979 morti

2201 4018 2422 4074 Connisi
2458 4035 2472 4084 ;
2502 4016 2752 4071 texitsed
2778 4032 2901 4071 cum
2932 4014 3240 4070 reverentia
3271 4013 3466 4071 nostri.

2207 4106 2346 4163 Urbe
2378 4113 2561 4161 tamen
2595 4103 2739 4176 pulsi
2770 4102 2981 4175 rapitur
3008 4103 3270 4158 convulsa
3299 4101 3572 4173 supellex,

2206 4202 2375 4268 Quem
2431 4213 2655 4272 quoque
2730 4195 3116 4252 semianimem
3172 4195 3433 4268 linquunt
3484 4194 3819 4251 cruciatibus

3491 4285 3713 4357 [actum

2114 3146 2163 3214 C

483 4376 681 4448 Sicque
712 4374 826 4429 ait:
855 4394 886 4425 α
932 4372 1011 4427 Eu
1049 4371 1213 4427 video
1264 4369 1383 4425 czeli
1414 4369 1549 4424 mihi
1592 4369 1811 4424 culmen
1854 4375 2031 4441 aperti

2207 4383 2361 4439 Hunc
2390 4396 2493 4457 ego
2523 4379 2837 4451 suscipiens
2865 4377 3115 4434 adhiberi
3143 4378 3347 4433 mando
3372 4378 3651 4433 medelam
3677 4394 3692 4432 :

488 4470 663 4540 Atque
694 4466 940 4522 hominis
968 4465 1163 4521 Natum
1194 4463 1418 4519 Virtutis
1434 4463 1621 4518 dextra
1647 4468 1948 4517 tenentem.
1972 4483 1993 4513 ι

552 4560 785 4616 Auribus
806 4558 1103 4615 obstructis
1134 4556 1212 4610 illi
1242 4571 1369 4611 aera
1397 4554 1628 4611 vocibus
1658 4553 1911 4625 implent,

2207 4479 2308 4545 Qui
2334 4485 2467 4534 tunc
2496 4484 2716 4533 curatus
2749 4477 2914 4548 paulo
2938 4475 3069 4530 inde
3100 4480 3383 4546 superstes
3408 4473 3652 4529 habetur

2207 4574 2641 4647 Defunctumque
2676 4574 2849 4645 pedes
2875 4573 2941 4628 ad
2970 4572 3132 4644 primi
3156 4571 3413 4645 martyris
3434 4570 3609 4627 addo.

481 4652 892 4722 unanimesque
924 4656 1118 4721 Petum
1174 4647 1515 4718 Stephanum
1536 4644 1700 4701 Simu‘
1719 4646 1921 4718 impete
1951 4652 2104 4702 ίοτνο
2204 4666 2420 4721 Tertius
2442 4665 2534 4720 ille
2554 4644 2701 4719 vmihi
2730 4664 2977 4720 retinens
3009 4678 3303 4719 commune
3331 4662 3649 4732 sepulcrum

482 4751 738 4822 Urbeque
763 4747 1080 4820 pr0pellunt
1105 4745 1463 4817 lapidantque
1489 4743 1569 4798 rei
1598 4743 1994 4811 venerandum,

482 4841 607 4895 Dira
626 4854 825 4894 manus
864 4837 1221 4903 mitem,trux
1265 4833 1552 4901 blandum,
1604 4849 1746 4888 saeva
1777 4833 2099 4907 benignum.

482 4935 688 4990 Saxoso
710 4939 916 5004 martyr
939 4928 1274 4987 venerabilis
1303 4929 1475 4983 imbre
1490 4929 1694 5001 petitus

482 5029 705 5086 lnvocat
734 5043 748 5093 ;
786 5049 810 5073 α
871 5025 1020 5079 Hanc
1048 5021 1308 5089 animam,
1360 5020 1493 5077 Jesu
1542 5022 1794 5088 Domine,
1826 5022 2035 5094 accipe.
2069 5042 2093 5074 »

1711 5110 1991 5183 [clamans

480 5214 541 5268 Et
571 5209 766 5283 positis
801 5207 1041 5285 genibus
1057 5222 1257 5281 magna
1277 5222 1399 5263 cum
1429 5222 1564 5262 voce
1595 5212 1886 5278 precatur:

479 5304 598 5360 «Ne
630 5307 837 5356 statuas
869 5300 1001 5366 illis,
1032 5299 1192 5353 Deus.
1229 5298 1335 5355 hoc
1352 5298 1459 5354 sibi
1490 5297 1698 5354 crimen
1728 5297 1896 5352 inuri.
1930 5317 1950 5347 ι

478 5391 596 5457 Quo
621 5386 770 5441 dicto
798 5402 1052 5442 somnum
1084 5386 1235 5457 pacis
1253 5386 1392 5457 petit
1422 5386 1479 5440 in
1509 5402 1644 5442 nece
1671 5385 1864 5440 fortem

477 5479 859 5547 Invictumque
887 5483 1083 5531 tenens
1105 5475 1371 5543 animum,
1404 5491 1513 5547 quo
1536 5474 1730 5531 concio
1751 5474 1892 5530 victa
1922 5478 2024 5529 est.

474 5572 590 5629 Hoc
610 5566 839 5623 vincens
864 5567 1099 5639 lapides,
1121 5582 1343 5639 quoque
1387 5583 1487 5639 pro
1512 5567 1886 5639 lapidantibus
1911 5581 2095 5621 orans.

471 5659 584 5717 Nec
609 5660 837 5726 potuere
867 5668 1062 5729 preces
1087 5672 1245 5713 casso
1275 5658 1544 5713 cecidisse
1574 5657 1789 5729 profatu

470 5742 745 5815 Martyris,
775 5746 843 5798 ad
875 5746 1075 5801 solium
1105 5745 1205 5800 sed
1234 5748 1625 5803 conscendisse
1653 5747 1901 5803 sciuntur

2206 4756 2374 4811 Filius
2412 4762 2494 4809 est
2514 4754 2716 4809 Abibas
2744 4769 2922 4821 meus,
2951 4754 3095 4809 almo
3129 4752 3281 4808 fonte
3310 4759 3559 4807 renatus.

2205 4848 2417 4903 Mecum
2443 4849 2699 4904 vicenum
2729 4847 2855 4904 vita:
2886 4846 3017 4901 dum
3049 4844 3304 4917 provehit
3329 4861 3563 4910 annum,

2203 4939 2484 5000 Prtedictis
2508 4940 2705 4996 Christi
2734 4939 2954 4997 famulis
2987 4954 3142 4994 sacra
3170 4938 3432 4994 dantibus
3463 4937 3567 5003 illi,

2204 5036 2407 5091 Doctus
2435 5031 2529 5087 hic
2558 5028 2781 5085 assidue
2810 5044 2934 5084 cum
2967 5028 3134 5084 Paulo
3165 5042 3321 5083 sacra
3350 5026 3587 5083 vacabat

2204 5131 2266 5184 ln
2298 5126 2505 5198 templo
2532 5123 2828 5185 meditans,
2859 5137 2923 5177 ac
2956 5122 3166 5177 lumine
3196 5120 3335 5194 legis
3364 5118 3681 5175 abundans.

2204 5222 2365 5279 Liber
2390 5234 2456 5274 co
2487 5216 2707 5272 solitum
2737 5214 2873 5271 vitio
2904 5214 2994 5271 cui
3025 5213 3264 5269 subdere
3292 5228 3415 5267 sese

2202 5314 2293 5369 Est
2320 5325 2495 5387 genus
2523 5310 2849 5374 humanum,
2879 5312 3058 5362 tectus
3085 5304 3285 5359 virtute
3316 5317 3581 5374 superna,

2201 5399 2423 5458 leibis
2450 5406 2505 5454 et
2530 5397 2656 5452 vitae
2683 5394 2934 5466 locuples
2963 5392 3021 5447 in
3056 5408 3190 5464 pace
3210 5391 3444 5463 quievit.

2203 5492 2331 5549 Cum
2363 5486 2728 5564 primogenito
2756 5485 2955 5553 conjux
2983 5499 3106 5538 mea
3122 5481 3346 5537 credere
3380 5479 3591 5535 Christo

2200 5584 2464 5651 Vitantes,
2491 5580 2599 5637 alio
2631 5579 2796 5653 positi
2828 5576 3164 5635 tumulantur
3193 5574 3252 5628 in
3279 5588 3431 5628 arvo.

2200 5671 2579 5747 Sarcophagos
2604 5671 2796 5726 horum
2825 5681 2993 5741 quare
3018 5661 3296 5736 spectabis
3328 5662 3524 5716 inanes

2200 5764 2495 5822 Nobiscum
2528 5762 2707 5819 meriti
2747 5760 2879 5836 quia
2910 5774 3020 5816 non
3045 5756 3399 5830 requiescere
3425 5753 3550 5811 visi.
3584 5773 3609 5804 η
