3970 6200
204 292 316 348 505

209 423 322 476 Hoc
352 419 620 492 rogitante
647 414 752 471 loci
783 427 1004 470 nomem
1036 426 1146 482 quo
1177 417 1445 482 quaereret
1467 411 1610 479 illos,

207 510 365 566 Infit:
402 534 427 556 ιι
459 510 599 582 Agre
623 506 676 560 in
700 510 886 558 nostro
916 517 1080 573 quem
1099 515 1246 555 nunc
1276 515 1536 556 sermone
1567 500 1826 572 Syrorum

207 602 355 656 More
387 599 673 654 beatorum
706 594 878 648 fertur
907 591 1186 663 possessio
1216 589 1362 646 trito.
1395 612 1422 638 ι)

212 693 356 748 Visie
385 692 474 748 cui
514 687 710 744 similis
741 686 1051 755 iterumque
1083 683 1391 754 iterumque
1433 682 1654 737 videtur

208 782 561 852 Presbytero,
593 777 811 832 tandem
831 775 1175 845 Selymerum
1199 773 1378 848 pergit
1405 773 1475 828 ad
1504 771 1718 840 urbem,

210 873 468 930 Pentitici
497 871 743 926 monitus
782 867 1030 922 referens
1062 867 1176 921 haec
1207 874 1403 920 cuncta
1428 864 1648 930 Joanni,

208 971 312 1034 Qui
345 968 479 1023 fusis
508 965 798 1021 Dominum
828 962 1084 1033 lacrymis
1123 960 1405 1016 benedicit
1434 968 1683 1025 evanter,

209 1059 452 1114 Advecat
478 1063 532 1111 ct
564 1062 743 1126 patres
764 1052 958 1108 vicinis
987 1051 1220 1106 urbibus
1241 1052 1436 1117 almes,

209 1151 345 1216 Quis
367 1150 494 1203 dum
527 1153 828 1202 monstrato
859 1144 1139 1199 federetur
1169 1144 1222 1197 in
1250 1157 1450 1217 aggere
1478 1157 1684 1207 coram,

207 1246 377 1299 Terra
393 1252 630 1298 tremere
660 1245 867 1311 crepat,
887 1237 1214 1308 Spiransque
1232 1234 1524 1310 fragrantia
1547 1234 1726 1306 surgit

211 1336 309 1391 Cui
337 1335 579 1390 similem
610 1334 704 1404 qui
738 1333 879 1388 forte
910 1331 1138 1384 aderant
1164 1329 1405 1383 sensisse
1436 1337 1722 1402 negarent,

211 1430 288 1484 Se
318 1427 672 1500 paradysiace
703 1426 1012 1499 gaudentes
1043 1429 1264 1477 nectare
1306 1420 1476 1491 pasci.

211 1518 382 1586 Cujus
410 1516 597 1571 oderis
619 1531 781 1585 opem
803 1512 969 1568 variis
989 1511 1290 1581 sumpsisse
1319 1508 1480 1564 levati

214 1611 254 1664 E
279 1609 485 1664 morbis
509 1609 696 1663 decies
724 1605 940 1677 septeni
973 1611 1192 1675 tresque
1225 1603 1490 1656 resultant

214 1699 353 1752 Huic
375 1698 550 1752 habiti
588 1703 756 1751 testes
783 1695 962 1766 Operi,
995 1711 1117 1749 cum
1152 1694 1304 1748 Patre
1337 1697 1547 1757 notato,

216 1788 419 1842 Przesul
446 1787 794 1842 Eleutherius
822 1756 1058 1852 ilierico,
1088 1782 1549 1852 Eustominusque
1579 1778 1829 1845 Sebaste,
1858 1756 1908 1823 Β

736 285 817 340 DE
856 280 1221 338 TRIUMPHIS
1261 281 1524 338 CHRISTI
1563 281 1642 336 ET
1681 280 1770 336 SS.
1813 280 2209 337 PALzESTIN/E
2249 283 2424 338 LIBRI
2463 284 2650 339 TRES.
2693 313 2760 324 -—
2802 283 2930 337 LIB.
2973 282 3012 334 I.

3435 281 3542 339 506

1851 414 1906 481 Α
1931 407 2215 481 Condigna
2243 411 2388 465 socia
2411 412 2541 467 cleri
2560 413 2856 468 comitante
2879 419 3114 469 caterva.

1930 499 2029 562 Qui
2061 499 2150 570 pia
2178 503 2500 556 muneribus
2531 503 2788 572 pretiosis
2817 519 2940 558 ossa
2971 511 3308 574 prementes,

1931 587 2214 644 Obstructo
2247 590 2448 658 loculo,
2479 593 2718 664 prepriis
2749 592 2965 648 rediere
3005 594 3300 648 cathedris.

2000 681 2130 736 Ossa
2163 683 2320 738 beata
2350 686 2479 740 Sion
2508 685 2768 757 Stephani
2802 701 2913 740 non
2952 693 3201 757 tempore
3232 685 3401 740 multo

1934 774 2057 829 Post
2088 783 2338 831 revocata
2369 777 2523 842 nitet,
2551 778 2758 848 primus
2788 795 2894 849 qua
2922 778 2987 831 ad
3016 794 3170 832 sacra
3200 777 3472 833 minister.

1931 868 2091 922 Arida
2120 877 2230 924 tum
2260 871 2566 942 squallehat
2595 871 2816 936 humus,
2859 871 3169 925 sitientibus
3199 871 3365 937 arvis,

1931 958 2013 1022 Vi,
2049 961 2168 1014 sine
2201 961 2467 1030 temperie
2497 960 2754 1030 lymphae,
2787 961 2981 1015 durata
3008 960 3232 1026 caloris;

1931 1052 2065 1105 Ecce
2090 1059 2314 1121 repente
2346 1053 2457 1123 poli
2499 1054 2666 1106 facies
2695 1056 2842 1122 latet,
2870 1070 2997 1108 aere
3029 1055 3204 1107 nubes

1930 1142 2291 1208 Densescunt,
2324 1143 2649 1213 subitusque
2681 1143 2808 1213 polo
2840 1143 3149 1197 demittitur
3175 1141 3354 1195 imber

1933 1235 2004 1286 Ac
2021 1233 2160 1308 rigat
2185 1235 2370 1287 eximii
2401 1235 2610 1289 meritis
2637 1243 2689 1288 et
2722 1234 2935 1289 honore
2967 1241 3158 1304 parate

1933 1325 2183 1395 Martyris
2213 1332 2432 1379 arentes
2463 1326 2613 1398 largo
2639 1325 2907 1380 solamine
2939 1339 3183 1395 campos.

1936 1415 2105 1483 llujus
2144 1430 2242 1485 per
2271 1414 2447 1468 varias
2477 1415 2784 1469 clarescunt
2825 1413 3055 1486 pignora
3095 1421 3288 1477 terras,

1936 1503 2153 1558 Prodita
2182 1520 2304 1575 qum
2335 1504 2507 1576 signis
2535 1505 2737 1574 passim
2771 1503 3102 1556 decerantur
3130 1500 3353 1571 epimis,

1936 1596 2172 1660 Quorum
2206 1598 2373 1651 multa
2405 1597 2649 1667 quidem,
2683 1603 2869 1649 sancte
2901 1595 3220 1670 Augustine,
3246 1592 3481 1657 faterisﬁ

1935 1689 2173 1743 Plurima
2206 1703 2328 1760 qua).
2351 1687 2486 1742 ﬁunt
2513 1687 2596 1743 vel
2628 1686 2769 1741 facta
2797 1685 2951 1740 fuere
2978 1692 3245 1740 tacentur.

1677 1909 1886 1964 CAPUT
1933 1910 2094 1965 XXII.

1088 2015 1166 2073 De
1196 2022 1401 2073 sancto
1430 2011 1705 2071 Simeone
1734 2020 1785 2069 et
1815 2010 2068 2088 reliquis
2107 2012 2277 2070 Λῑιίω
2306 2011 2686 2087 pracsul-ibus.

216 2151 348 2204 Post
371 2148 640 2203 Jacobum
669 2147 892 2203 Simeen
937 2147 1280 2219 Solymorum
1311 2147 1380 2202 ad
1410 2162 1562 2201 sacra
1609 2147 1840 2215 levatur,

215 2239 449 2294 Auditor
475 2237 689 2292 Domini
721 2237 904 2293 dictus
933 2254 1178 2309 quoque,
1209 2254 1373 2292 carne
1403 2238 1770 2309 propinquus,

216 2327 390 2382 Filius
420 2334 478 2380 ut
505 2325 782 2396 CleOphze,
805 2326 980 2381 sancti
1013 2326 1108 2396 qui
1140 2324 1307 2380 frater
1336 2326 1554 2396 Ioseph,

215 2422 460 2494 Virginis
480 2431 698 2476 aeterna:
738 2421 927 2492 sponsi
963 2428 1018 2475 et
1047 2421 1167 2475 sine
1194 2436 1454 2491 compare
1486 2420 1696 2476 matris.

219 2515 319 2568 Hic
345 2514 582 2584 Symeen
611 2512 788 2567 fessus
816 2513 994 2579 senio,
1019 2528 1128 2583 quo
1168 2519 1417 2582 tempore
1440 2511 1700 2584 princeps

213 2606 481 2674 Trajanus
520 2604 702 2677 gladio
736 2603 934 2658 Christi
975 2603 1208 2659 vexabat
1245 2603 1412 2670 ovile,

217 2698 556 2752 Verberibus
585 2698 773 2752 multis
804 2696 998 2753 Christi
1023 2697 1124 2752 sub
1157 2697 1382 2752 nomine
1413 2698 1594 2766 tritus,

216 2794 453 2846 Centum
483 2799 538 2845 et
564 2790 756 2863 viginti
786 2797 1074 2861 postquam
1107 2797 1446 2862 transegerat
1462 2805 1657 2857 annos,

219 2887 478 2958 Martyrie
521 2885 705 2941 rutilat
734 2885 998 2951 moriens,
1041 2885 1220 2940 crucis
1259 2885 1436 2940 hostia
1466 2885 1640 2942 factus

214 2976 418 3032 Judicc
451 2991 574 3030 cum
609 2973 840 3045 reliquis
862 2974 1105 3028 animum
1140 2974 1375 3029 mirante
1402 2975 1593 3050 vigore

217 3070 350 3123 Tam
377 3067 562 3122 valide
603 3066 843 3131 firmum,
876 3066 1062 3122 senior
1086 3067 1412 3141 grandarvus
1440 3075 1500 3122 ut
1527 3069 1690 3138 hujus

219 3158 490 3230 Supplicii
518 3163 774 3228 prompte
801 3157 1100 3213 cruciatum
1125 3165 1349 3228 pectore
1375 3157 1558 3214 ferret.

222 3250 521 3307 Pontifices
547 3249 782 3321 Solymis
803 3249 1014 3305 clarent
1040 3251 1092 3304 hi
1126 3250 1371 3322 denique
1398 3250 1562 3320 prisci
1592 3268 1606 3304 :

220 3343 348 3399 Mox
370 3349 493 3414 post
523 3343 672 3397 hunc
700 3342 913 3410 Justus,
945 3343 1198 3397 Zachaeus
1224 3342 1372 3408 hinc,
1398 3342 1528 3396 inde
1557 3342 1775 3410 Tobias,

221 3435 513 3503 Benjamin
543 3440 749 3498 sextus,
793 3440 905 3488 tum
948 3435 1217 3505 septimus
1247 3449 1368 3488 esse
1393 3435 1634 3489 Joannes

220 3526 440 3591 Fertur,
472 3523 722 3578 Matthias
769 3531 892 3594 post
922 3526 1091 3592 hunc,
1143 3525 1501 3596 sequiturque
1542 3525 1844 3596 Philippus.

221 3617 486 3672 Succedit
515 3617 723 3671 Seneca
751 3616 958 3683 Justus,
1001 3623 1124 3687 post
1149 3617 1332 3671 denuo
1367 3617 1524 3671 Levi:

226 3711 370 3766 Hinc
405 3711 663 3780 Ephrem,
691 3711 918 3782 Joseph,
943 3710 1066 3766 finis
1088 3712 1280 3768 horum
1310 3727 1532 3784 quoque
1561 3711 1750 3778 Judas,

1941 2147 2140 2201 Judaea
2168 2152 2541 2202 memorantur
2566 2146 2661 2210 ibi,
2696 2146 2787 2218 qui
2813 2145 2975 2216 plebe
3014 2145 3227 2217 probati

1943 2235 2193 2307 Praeponi
2227 2239 2536 2311 Christique
2571 2239 2731 2293 fidem
2767 2239 3010 2293 tenuisse
3036 2238 3264 2313 benigni
3293 2255 3305 2291 :

1942 2330 2182 2394 Quorum
2213 2331 2477 2386 Matthiae.
2512 2331 2693 2386 stabili
2717 2331 3014 2386 certamine
3044 2346 3317 2404 pugnans,

1941 2424 2217 2497 Multaque
2237 2442 2336 2498 pro
2368 2426 2559 2481 Christi
2593 2444 2786 2498 passus
2814 2428 3017 2497 pietate
3045 2425 3274 2498 quievit,

1942 2519 2105 2587 Cujus
2127 2520 2290 2590 plena
2322 2518 2431 2574 fide
2454 2528 2743 2575 narrantur
2771 2521 3006 2591 plurima
3033 2526 3204 2593 gesta.

1938 2611 2018 2674 At,
2049 2611 2375 2676 Jerusalem,
2405 2618 2694 2682 postquam
2729 2617 2987 2665 renovata
3018 2610 3240 2664 renides

1935 2704 2144 2762 Judzeis
2175 2704 2348 2774 patria
2375 2703 2570 2774 pulsis,
2595 2703 2699 2757 sibi
2732 2711 2787 2758 ct
2816 2703 2953 2757 urbe
2981 2708 3202 2776 negata,

1944 2801 2005 2854 Ut
2039 2800 2151 2868 jam
2182 2811 2291 2851 non
2323 2796 2431 2850 illis
2459 2796 2668 2850 licitum
2702 2803 2794 2850 tua
2821 2795 2996 2849 visere
3027 2811 3169 2860 rura,

1939 2891 2323 2961 Telluremque
2354 2889 2543 2959 procul
2573 2890 2656 2943 vel
2687 2894 3039 2959 prospectare
3067 2894 3348 2957 paternam

1948 2986 2214 3041 Gentibus
2234 2985 2512 3051 admissis,
2545 3001 2735 3055 pacem
2766 2982 3116 3037 servantibus
3155 2981 3208 3035 in
3241 2989 3314 3045 te,

1956 3080 2110 3145 XElia,
2133 3079 2383 3134 Romulei
2406 3079 2736 3150 cognomine
2764 3077 2908 3132 dicta
2930 3075 3166 3147 tyranni.

1946 3170 2193 3227 Pacificis
2225 3170 2420 3224 Christi
2450 3169 2673 3224 famulis
2705 3169 2966 3223 habitatio
2991 3167 3151 3222 facta.

1947 3266 2075 3320 Post
2103 3263 2418 3334 przelibatos
2447 3269 2500 3316 te
2541 3261 2753 3316 Marcus
2791 3263 3086 3332 episcepus
3124 3266 3282 3314 ornat

1950 3354 2212 3409 Gentibus
2240 3372 2269 3407 e
2294 3353 2719 3422 nestrisprimus
2745 3359 2796 3406 te
2829 3351 3027 3422 pracsul
3051 3350 3306 3422 adeptus,

1870 3463 1918 3530 C
1950 3441 2188 3512 Martyrii
2220 3433 2399 3511 palma
2422 3442 2568 3494 clare
2601 3441 2692 3510 qui
2724 3441 2925 3513 dignus
2951 3456 3149 3513 agone.

1949 3529 2204 3585 Succedit
2235 3528 2411 3582 Marco
2445 3531 2725 3593 (iasmnus,
2762 3529 2983 3583 Publius
3013 3528 3105 3584 olli
3131 3548 3146 3582 :

1949 3618 2211 3673 Maximus
2237 3619 2368 3672 hinc
2388 3618 2658 3688 sequitur,
2691 3617 2963 3684 Julianus,
2988 3619 3174 3684 Gaius,
3209 3625 3264 3672 et
3294 3619 3432 3674 alter

1950 3711 2222 3779 Julianus,
2256 3710 2582 3782 Capitoque,
2617 3709 2811 3764 Valens
2848 3717 2900 3764 et
2924 3709 3257 3766 Delicianus.

1693 3840 1902 3897 CAPUT
1951 3842 2116 3897 XXIII

1341 3942 1420 4001 De
1447 3943 1675 4002 sanctis
1707 3944 1986 4003 Narcisso
2017 3952 2069 4003 et
2106 3943 2471 4004 .tilcxandro.

227 4091 358 4144 Post
384 4102 524 4159 quos
553 4085 854 4150 Narcissus,
884 4083 1142 4140 redelens
1168 4083 1270 4139 flos
1298 4090 1460 4156 atque
1489 4085 1742 4152 decorus,

228 4183 500 4240 Ecclesia:
531 4183 712 4236 laztum
743 4180 976 4251 Solyma:
1009 4180 1273 4250 respersit
1300 4181 1550 4249 odorem,

228 4277 404 4345 Cujus
433 4273 572 4328 mira
601 4273 734 4327 satis
763 4281 816 4327 et
847 4273 1083 4343 plurima
1112 4279 1264 4344 gesta
1296 4273 1551 4327 renident
1579 4291 1593 4338 ;

229 4365 490 4420 Naturam
521 4363 699 4417 laticis
722 4362 913 4435 pingui
942 4361 1035 4432 qui
1068 4361 1229 4415 vertit
1257 4361 1421 4417 olivo.

230 4459 483 4527 Namque
511 4455 914 4526 eleiquendam
949 4454 1078 4507 dum
1111 4453 1402 4527 deficiente
1424 4453 1639 4525 liquore

226 4548 526 4619 Lampadis
556 4549 851 4602 exhaustus
889 4563 1012 4600 cum
1043 4547 1250 4601 lumine
1282 4547 1561 4619 linqueret
1588 4546 1762 4620 ignis:

229 4638 493 4694 Ecclesia:
524 4635 744 4690 famulis
775 4636 1018 4690 fomenta
1045 4651 1144 4690 nec
1169 4635 1284 4705 ipsa
1311 4637 1621 4704 subessent,

231 4727 568 4797 Lzetitiaeque
594 4727 715 4779 dies
748 4725 973 4794 jamjam
1005 4724 1280 4795 paschalis
1305 4726 1548 4794 adesset,

231 4819 501 4875 Maximus
523 4819 652 4872 hinc
683 4817 886 4888 pepule
915 4832 1138 4884 mmrer,
1165 4816 1400 4872 turbatio
1420 4818 1568 4874 clero

229 4908 504 4965 Incutitur
531 4925 544 4973 ;
579 4905 708 4960 fidei
738 4905 1016 4959 Narcissus
1039 4911 1090 4958 at
1118 4905 1331 4977 integer
1359 4907 1505 4974 altas,

229 5003 471 5068 Imperat
499 5013 528 5050 e
560 5002 741 5067 puteis
772 4995 986 5050 laticem
1019 4993 1121 5048 sibi
1151 4993 1294 5048 ferre
1321 4995 1610 5064 ministris,

229 5093 410 5156 Quam
440 5104 665 5143 sumens
695 5094 832 5153 erat,
866 5085 1149 5141 benedicit
1179 5087 1379 5157 datque
1410 5087 1671 5142 lucernis.

227 5186 336 5238 Pro
364 5182 503 5236 mira
531 5181 714 5236 subito
736 5181 986 5251 stupidus
1024 5180 1218 5234 virtute
1247 5181 1467 5235 videres

230 5270 460 5337 Pabula,
492 5286 563 5323 ne
594 5269 814 5323 sibimet
837 5269 1090 5343 fugerent
1119 5268 1389 5322 contraria
1417 5267 1671 5336 flammae,

232 5363 512 5419 Materiem
547 5362 782 5433 lympha:
809 5361 930 5415 laeto
963 5360 1292 5414 densescere
1324 5359 1516 5433 pingui

230 5454 504 5510 Pallorem
535 5450 589 5506 e't
614 5451 805 5505 latices
833 5450 994 5504 viridi
1033 5456 1274 5503 mutasse
1303 5450 1510 5516 colore,

229 5549 698 5614 Prmstantemque
726 5542 830 5596 sibi
873 5557 1134 5611 superum
1164 5540 1464 5610 sumpsisse
1484 5540 1752 5612 vigorem,

302 5687 487 5760 (150*)
526 5685 616 5740 Sic
640 5685 879 5739 codices.

1952 4088 2334 4158 Adversosque
2359 4085 2491 4140 facis
2512 4083 2850 4138 flammarum
2883 4081 3147 4136 alimenta
3173 4080 3396 4137 dedisse

1953 4178 2085 4244 Quis
2113 4177 2252 4233 solet
2279 4174 2588 4250 exstingui;
2623 4174 2806 4228 lichne
2841 4173 3116 4246 gaudente
3151 4170 3340 4226 foveri.

1956 4273 2201 4328 Luminis
2230 4272 2321 4326 hic
2346 4271 2610 4341 splendor
2638 4269 2801 4325 solito
2831 4277 2943 4323 tum
2976 4267 3172 4322 clarior
3205 4267 3356 4333 arsit,

1957 4361 2186 4436 Largius
2215 4360 2412 4414 educte
2442 4358 2636 4413 Christi
2667 4357 2914 4411 bonitate
2941 4357 3117 4411 nitere
3151 4371 3165 4418 ξ

1957 4451 2146 4523 Obque
2178 4450 2346 4505 fidem
2378 4449 2571 4504 fratres
2600 4449 2906 4503 decernunt
2932 4446 3178 4501 muneris
3203 4445 3372 4514 hujus

1958 4543 2194 4619 Pignera
2221 4541 2543 4596 firmandam
2575 4539 2710 4595 tanti
2742 4554 2960 4594 servare
3001 4537 3255 4609 liquoris.

1959 4637 2016 4691 F.
2052 4638 2260 4706 (150-).

2031 4725 2279 4797 Denique
2305 4724 2682 4780 Narcissidum
2716 4737 2872 4777 mens
2899 4719 3198 4775 immobilis
3214 4718 3398 4782 instat,

1959 4821 2033 4876 Ac
2055 4821 2190 4888 justi
2217 4820 2461 4891 rectique
2480 4825 2641 4875 tenax
2671 4829 2724 4874 et
2764 4826 2878 4873 tuta
2910 4814 3135 4882 resistit,

1960 4913 2188 4978 Quidam
2222 4911 2497 4982 falsiloqui
2541 4911 2739 4966 vitiatae
2773 4909 2976 4964 mentis
3001 4905 3255 4974 homulli,

1957 5002 2153 5056 Judicc
2194 4998 2431 5068 iustifico
2457 5000 2653 5073 dignas
2694 4999 2933 5069 perferre
2966 4998 3224 5053 timentes
3260 5025 3265 5031 -

1959 5092 2292 5148 Criminibus
2315 5107 2528 5162 poenas,
2559 5101 2900 5162 praesumunt
2926 5091 3137 5163 lingere
3163 5086 3370 5142 fmdum

1959 5185 2426 5254 Concinnantque
2466 5183 2583 5238 viro
2615 5183 2741 5239 saevi
2774 5183 2957 5237 scelus
2986 5182 3188 5236 addere
3218 5183 3426 5234 sancto.

1959 5278 2094 5332 llinc
2123 5276 2404 5331 auditores
2427 5276 2633 5330 adeunt
2661 5281 2940 5346 testesque
2971 5274 3294 5340 subornant,

1875 5362 1933 5430 D
1961 5367 2188 5422 Fraudis
2220 5365 2517 5437 participes
2557 5367 2942 5435 etjuramenta
2974 5364 3176 5434 pacisci

1953 5457 2072 5510 Non
2105 5461 2392 5509 metuunt:
2416 5470 2558 5510 unus
2575 5453 2653 5509 sic
2682 5469 2741 5508 se
2773 5469 2884 5508 non
2925 5453 3070 5526 ignis
3093 5453 3306 5519 adurat,

1954 5543 2326 5616 Cenficiatque
2358 5561 2600 5618 sequens
2631 5543 2855 5600 morbus
2884 5560 2954 5599 ne
2984 5543 3170 5618 regius
3198 5544 3396 5617 ipsum,
