3970 6200
438 292 544 350 503

440 422 721 490 Tanquam
752 429 839 469 mc
879 419 1079 477 vatem,
1109 426 1206 465 vos
1237 406 1602 464 observabitis
1632 405 1829 475 ipsum.

440 510 647 578 Nempe
675 510 790 559 erat
823 500 1079 556 Ecclesim
1106 499 1364 569 princeps
1391 497 1608 550 deserta
1642 492 1880 550 tenentis

442 600 701 673 Angelico
733 612 902 667 super
930 594 1037 648 alta
1067 592 1194 647 Sina
1220 590 1484 645 solamine
1516 586 1706 643 fultus.

441 689 683 761 Sumpsit
712 686 859 741 enim
888 686 1010 740 vita:
1024 682 1185 738 nobis
1213 681 1344 736 dare
1370 680 1555 746 verba,
1589 678 1687 733 sed
1727 678 1848 747 ejus

442 782 712 837 Nolebant
734 777 904 849 jussis
934 775 1106 831 nostri
1127 790 1187 829 se
1207 772 1447 828 subdere
1475 778 1675 843 patres,

442 870 708 927 Cordibus
746 865 920 922 aversi
960 864 1131 930 duris,
1160 864 1448 933 Aaronque
1476 860 1771 931 jubentes:

448 981 470 1011 ι
503 960 607 1014 Fac
647 956 810 1013 nobis
842 970 982 1027 quos
1011 968 1111 1008 nos
1132 951 1386 1007 volumus
1409 950 1723 1021 praecedere
1750 948 1928 1015 divos,

442 1056 555 1109 Dux
584 1058 772 1107 noster
803 1049 1014 1119 Moyses
1039 1046 1135 1101 ubi
1166 1046 1239 1101 sit
1280 1044 1496 1099 nescire
1528 1043 1780 1098 fatemur.
1817 1072 1836 1089 -

442 1143 735 1198 Tumbove
762 1137 1000 1192 conﬂato
1024 1152 1177 1191 sacra
1211 1135 1381 1189 libant
1414 1150 1566 1189 more
1598 1133 1850 1204 profano,

446 1234 508 1287 In
532 1230 687 1285 factis
711 1242 972 1281 manuum
1006 1224 1356 1279 laetaticorde
1388 1240 1607 1278 suarum
1638 1241 1652 1287 ;

446 1321 771 1389 Militiasque
789 1315 942 1369 dedit
972 1314 1113 1368 Deus
1140 1314 1241 1367 hos
1270 1313 1474 1368 servire
1506 1313 1779 1383 polorum,

447 1409 513 1464 Ut
541 1406 819 1476 Scriptura
845 1403 1235 1475 pr0phetarum
1266 1403 1344 1457 sic
1386 1402 1630 1472 patribus
1652 1399 1774 1456 inﬁt
1800 1418 1813 1455 :

446 1502 582 1554 Dum
616 1499 834 1552 deserta
866 1495 1124 1551 terebatis
1152 1495 1294 1562 loca,
1325 1494 1546 1549 victima
1577 1493 1826 1566 nunquid

447 1590 662 1645 Avobis
690 1589 872 1644 oblata
912 1587 1045 1642 mihi
1074 1586 1099 1641 ?
1126 1588 1332 1642 Domus
1355 1586 1489 1640 arsit
1520 1586 1685 1641 Iacob

448 1678 878 1750 Sumpsistisque
910 1675 1124 1731 Moloch
1154 1676 1411 1739 tentoria,
1443 1673 1627 1729 sidera
1654 1674 1925 1745 Rempha,

451 1769 594 1834 Quas
620 1783 717 1823 vos
746 1773 961 1822 constat
991 1764 1303 1820 adorandas
1341 1764 1641 1835 sculpsisse
1660 1762 1884 1838 ﬁguras.

452 1862 715 1928 Quocirca
746 1860 963 1930 ejiciam
998 1873 1097 1914 vos
1124 1856 1494 1914 mmniatrans
1522 1856 1843 1929 Babylonis.

453 1956 701 2011 Aulaeum
741 1953 916 2008 fuerat
936 1951 1188 2023 patribus
1218 1966 1320 2022 per
1348 1950 1512 2005 devia
1535 1949 1741 2005 nostris

455 2048 609 2115 Quod
638 2049 781 2102 Deus
804 2052 1030 2101 ostenso
1052 2045 1238 2101 docuit
1264 2044 1643 2118 paradigmate
1677 2044 1940 2116 Moysem.

458 2141 569 2195 Iloc
597 2154 815 2211 quoque
837 2154 959 2193 cum
989 2138 1172 2193 Iesum
1202 2137 1373 2192 nostri
1415 2136 1683 2191 induxere
1713 2142 1968 2207 parentes

458 2235 518 2288 In
550 2239 773 2298 terram,
806 2238 1020 2306 gentes,
1050 2246 1216 2302 quam
1247 2230 1567 2303 possedere,
1608 2244 1847 2300 superno

459 2322 706 2393 Expulsa:
739 2327 895 2388 nutu,
917 2320 1231 2391 mansitque
1255 2320 1309 2373 in
1338 2325 1587 2389 tempora
1602 2317 1791 2384 David,

460 2410 560 2477 Qui
580 2416 765 2482 gratus
784 2407 1020 2464 Domino
1051 2408 1212 2479 petiit
1240 2406 1508 2478 reperiret
1535 2413 1593 2461 ut
1619 2407 1795 2462 aedem

462 2504 586 2574 Ipse
618 2502 727 2557 Deo
758 2500 950 2565 Jacob,
978 2499 1237 2555 Salomon
1269 2498 1463 2553 struxit
1503 2499 1590 2553 cui
1614 2498 1900 2569 templum,

462 2597 571 2652 Sed
602 2611 714 2652 non
745 2594 1023 2649 excelsum
1056 2592 1312 2648 manibus
1339 2592 1434 2646 lita
1454 2591 1682 2647 delubra
1723 2593 1987 2650 claudunt

463 2688 532 2743 Os
560 2686 704 2741 vatis
732 2684 884 2741 velut
909 2683 1031 2754 ipse
1061 2683 1149 2739 sui
1181 2688 1412 2737 testatur
1439 2682 1771 2753 adimplens.

465 2776 637 2832 Sedes
667 2781 749 2829 est
777 2774 998 2839 caelum,
1022 2772 1170 2826 basis
1195 2778 1277 2825 est
1305 2771 1440 2825 mihi
1462 2777 1607 2825 terra
1637 2771 1869 2842 pedalis,

1202 281 1567 338 FLODOABDI
1609 277 1911 334 CANONICI
1953 230 2283 331 REMENSIS
2323 270 2657 326 OPUSCULA
2699 268 3010 325 METRICA.

3688 267 3799 325 50‘

2073 404 2126 471 Α
2155 395 2559 468 Omnipotentis
2585 394 2723 461 heri,
2755 395 2885 450 dum
2914 394 3140 450 Saulum
3179 400 3366 449 mente
3396 392 3689 450 furentem

2162 488 2221 541 In
2250 501 2385 540 nece
2414 492 2522 539 tam
2553 490 2744 539 sancta
2771 482 2867 554 qui
2898 488 3306 538 consentaneus
3334 497 3459 537 esse

2160 575 2279 631 Non
2321 574 2523 637 timuit,
2554 588 2773 629 versum
2802 572 3090 628 videamus
3116 571 3365 639 nomine,
3394 571 3571 626 corde
3600 588 3617 624 :

2162 668 2237 722 De
2267 667 2430 724 Saulo
2444 666 2692 733 Paulum,
2722 664 3021 737 patientem
3064 665 3134 719 de
3159 680 3321 720 cruce
3347 664 3581 720 factum.

2162 756 2462 828 Exsequias
2487 754 2750 827 Stephani
2782 760 3081 826 properant
3102 753 3384 810 celebrare
3423 752 3645 819 fideles,

2160 848 2335 919 Atque
2364 846 2605 902 timorati
2645 846 3024 918 lacrymasque
3055 845 3260 900 dedere
3300 843 3558 917 profusas
3588 862 3604 909 ;

2161 939 2536 1010 Gamalielque
2567 954 2667 993 suo
2699 938 2958 1010 princeps
2987 938 3083 1011 qui
3112 955 3237 994 rure
3272 939 3476 994 locavit

2164 1030 2294 1085 Ossa
2325 1029 2400 1100 pii
2433 1028 2605 1095 testis,
2639 1027 2796 1096 cujus
2832 1034 3118 1083 servantur
3146 1026 3352 1102 agello,

2166 1124 2352 1178 Donec
2382 1119 2732 1176 Christicolas
2762 1119 2980 1176 fervens
3010 1119 3291 1177 tribulatio
3313 1129 3548 1193 pressat.

2237 1212 2531 1269 Postmodo
2561 1219 2791 1282 septeno
2821 1212 3088 1285 regnabat
3110 1212 3382 1268 Honorius
3402 1230 3549 1269 anno

2170 1306 2231 1360 Et
2260 1304 2567 1377 baptisterii
2588 1303 2858 1358 Lucianus
2884 1304 2939 1358 in
2966 1305 3084 1359 aede
3110 1305 3346 1360 cubabat
3378 1323 3394 1360 :

2168 1394 2364 1449 Mentis
2395 1394 2451 1447 in
2483 1409 2713 1448 excessu
2740 1391 2881 1447 facto
2905 1393 2990 1447 cui
3017 1392 3260 1447 cernitur
3285 1409 3414 1449 ecce

2168 1486 2432 1542 Procerus
2462 1484 2824 1556 placidusque
2852 1500 3039 1553 senex,
3072 1484 3332 1557 vultuque
3365 1487 3624 1555 decorus,

2168 1576 2341 1630 Barba
2375 1574 2665 1647 promissa,
2700 1574 2958 1630 candenti
2990 1582 3168 1630 tectus
3206 1577 3431 1644 amictu,

2174 1666 2335 1736 Cujus
2364 1667 2421 1720 in
2473 1673 2715 1722 etxremo
2740 1666 3027 1721 radiabant
3056 1668 3304 1736 margine
3333 1670 3577 1740 pulchrae

2098 1728 2149 1795 Β
2177 1760 2561 1832 Contextmque
2584 1775 2796 1827 cruces,
2827 1774 2960 1815 auro
2992 1776 3090 1832 pro
3113 1728 3286 1817 limite
3307 1728 3487 1828 limbi,

2177 1852 2387 1924 Quique
2420 1851 2592 1923 pedes
2620 1849 2812 1925 caligis
2839 1851 3057 1907 decoris
3085 1853 3329 1909 munitus
3361 1854 3581 1910 honesti

2177 1951 2351 2020 Atque
2373 1949 2630 2005 caducam
2660 1949 2952 2021 praesignis
2978 1949 3201 2006 ductilis
3228 1952 3367 2019 auri,

2180 2042 2396 2097 Leniter
2424 2042 2700 2115 attingens
2729 2042 2893 2108 hunc,
2924 2058 3033 2114 quo
3054 2058 3112 2097 se
3132 2042 3486 2100 Gamalielem

2180 2133 2444 2200 Prodidit,
2469 2134 2726 2208 egregius
2756 2133 2933 2188 fuerat
2963 2134 3049 2190 cui
3083 2134 3284 2201 Paulus
3315 2135 3575 2192 alumnus
3606 2155 3623 2203 ;

2178 2228 2421 2293 Addens,
2455 2233 2578 2299 post
2601 2227 2814 2298 aliquas
2841 2227 3007 2299 coepit
3025 2243 3161 2299 quas
3190 2226 3329 2282 ferre
3361 2229 3619 2299 loquelas
3645 2247 3659 2283 :

2188 2343 2203 2367 ι
2252 2318 2473 2374 Cautela
2499 2318 2738 2374 tumulos
2760 2334 2972 2373 summa
3010 2325 3068 2373 tu
3097 2318 3326 2390 perfode
3355 2326 3603 2390 nostros,

2182 2413 2242 2467 Et
2272 2411 2486 2483 patefac
2517 2410 2713 2466 humili
2737 2412 3047 2482 squalentia
3073 2427 3198 2466 rure
3224 2413 3498 2483 sepulcra.
3538 2438 3560 2456 -

2184 2504 2293 2560 [Ioc
2314 2510 2597 2576 qurerente
2642 2502 2805 2557 simul
2844 2519 3075 2575 quorum
3113 2503 3382 2558 tumulata
3414 2504 3669 2573 jacerent

2186 2596 2422 2667 Corpora
2452 2612 2465 2648 :
2502 2613 2529 2645 (ι
2559 2594 2822 2657 Domnus,
2855 2594 2950 2661 ait,
2982 2594 3291 2665 Stephanus
3317 2593 3409 2649 hic
3460 2595 3678 2666 primus
3701 2595 3807 2649 ha-

2187 2778 2288 2834 Pro
2322 2776 2532 2833 Christo
2555 2776 2765 2849 Solymi
2793 2776 3034 2851 lapidum
3054 2791 3217 2849 quem
3250 2776 3401 2832 cazde
3433 2685 3746 2846 ηεξοὲξὲῗῖ

468 2869 748 2938 Quamque
775 2866 1000 2921 domum
1054 2863 1191 2918 mihi
1248 2863 1522 2929 οοηάθῑίδ,
1571 2863 1689 2919 loca
1738 2880 1929 2936 quaeve
1968 2883 2088 2922 ma-
2189 2872 2400 2943 Quique
2439 2871 2787 2928 sacerdotum
2808 2871 2968 2940 jussu
2999 2870 3263 2926 dimissus
3292 2870 3547 2926 edendus

1778 2954 2017 3026 [nendi?

468 3048 589 3104 Non
618 3061 743 3101 mea
771 3044 919 3100 celsa
949 3058 1145 3097 manus
1172 3042 1449 3113 plasmans
1467 3042 1585 3098 hinc
1600 3044 1785 3099 omnia
1815 3044 1991 3100 fecit?

470 3135 693 3209 Spiritui
720 3149 940 3208 quoque
970 3148 1068 3188 vos
1095 3132 1240 3187 almo
1279 3133 1547 3187 contraire
1575 3133 1806 3189 studetis

472 3230 709 3286 Auribus
735 3226 1155 3294 incircumcisis,
1178 3225 1391 3281 cervice
1419 3227 1657 3297 procaci,

475 3324 541 3379 Ut
569 3321 732 3377 vestri
764 3326 890 3375 ante
920 3324 1103 3390 patres
1123 3317 1428 3392 jugulando
1457 3333 1604 3389 saepe
1626 3320 1944 3391 prOphetas.

476 3414 668 3471 Infesti
689 3412 907 3469 cunctis
936 3428 950 3477 ;
982 3410 1290 3481 praenuntia
1315 3411 1479 3465 verba
1510 3411 1708 3466 locutis

474 3509 757 3565 Adventus
774 3504 907 3575 justi
937 3520 1101 3577 quem
1134 3504 1446 3575 proditione
1479 3505 1714 3559 necastis
1747 3523 1761 3571 ;

475 3597 738 3673 Angelico
763 3595 945 3668 legem
974 3608 1115 3666 quos
1140 3594 1457 3665 percepisse
1488 3593 1665 3648 relatu

479 3692 720 3758 Constat,
749 3706 870 3745 eam
891 3704 1022 3743 vere
1043 3703 1147 3743 nec
1161 3687 1466 3743 custodisse
1507 3687 1772 3758 probatur

550 3785 801 3859 Martyris
839 3783 925 3840 his
952 3782 1137 3839 verbis
1168 3782 1398 3857 ingratis
1426 3781 1652 3836 auribus
1680 3782 1888 3838 haustis

477 3878 697 3933 Viscera
722 3872 1018 3939 dissiliunt,
1050 3877 1381 3942 rumpuntur
1416 3870 1582 3925 corda
1611 3869 1814 3938 furore,

478 3974 717 4029 Stridula
745 3984 1062 4041 pressorum
1114 3972 1375 4022 resonant
1413 3967 1746 4037 crepitacula
1777 3965 2023 4025 (lentum.

479 4062 544 4116 At
570 4069 775 4131 martyr
803 4064 1049 4125 sanctus,
1079 4056 1346 4127 prmcelso
1377 4054 1622 4112 Flamine
1650 4055 1870 4126 plenus,

480 4150 799 4221 Suscipiens
821 4149 1012 4214 coelos,
1044 4146 1289 4203 divinum
1322 4145 1498 4200 cernit
1526 4146 1815 4201 honorem.

483 4242 545 4296 Et
573 4245 810 4295 stantem
827 4255 857 4292 a
883 4236 1091 4293 dextris
1126 4234 1316 4291 aeterni
1335 4234 1508 4290 Patris
1532 4236 1732 4297 Iesum,

2190 2968 2281 3022 Est
2310 2966 2540 3022 canibus
2561 2964 2809 3037 dirisque
2841 2963 2973 3019 feris
3011 2980 3119 3035 qua
3153 2964 3327 3019 Cedar
3355 2964 3563 3022 abitur.

2138 3104 2161 3125 η
2191 3058 2343 3122 Quod
2372 3056 2541 3113 vetuit
2571 3056 2658 3112 cui
2696 3063 2870 3112 morte
2899 3054 3065 3110 fidem
3097 3071 3347 3111 servasse
3376 3057 3604 3127 patebat

2115 3107 2164 3172 C

2188 3156 2279 3210 Ast
2307 3168 2411 3225 ego
2448 3157 2760 3206 sanctorum
2791 3154 2992 3204 coetum
3020 3148 3347 3220 turbamque
3377 3146 3620 3204 fidelenr

2190 3243 2500 3307 Asciscens,
2523 3240 2669 3296 suasi
2701 3248 2889 3296 nostro
2917 3238 3151 3293 ferretur
3178 3237 3378 3311 agello.

2193 3337 2421 3405 Quoque
2450 3339 2668 3404 patrum
2698 3337 2856 3386 sueto
2888 3330 3100 3403 positus
3128 3329 3395 3400 sepelitur
3425 3328 3664 3385 honore.

2200 3430 2369 3493 Quem
2396 3424 2560 3481 simul
2586 3424 2852 3500 attiguum
2884 3422 3138 3478 invenies
3169 3422 3409 3478 retinere
3440 3422 3703 3479 locellum

2199 3519 2532 3576 Nicodemus
2560 3535 2719 3573 meus
2740 3517 2834 3572 ille
2860 3532 3038 3589 nepos
3067 3524 3170 3584 est,
3199 3514 3442 3570 Christus
3470 3516 3627 3570 Iesus

2199 3611 2443 3667 Flamine
2474 3625 2635 3683 quem
2666 3614 2854 3663 sancto
2884 3606 3095 3674 docuit,
3126 3607 3464 3678 lymphaque
3492 3607 3734 3675 renasci,

2197 3709 2463 3781 Quodque
2491 3706 2598 3762 sibi
2629 3706 2809 3772 Petro,
2841 3720 2968 3761 mox
2994 3712 3158 3776 atque
3193 3703 3405 3759 Joanne
3436 3710 3752 3773 peractum,

2203 3800 2357 3856 Unde
2387 3796 2735 3854 sacerdotum
2765 3809 3042 3866 proceres,
3074 3793 3302 3867 indigna
3329 3790 3653 3861 frementes,

2202 3886 2327 3943 Irati
2359 3886 2508 3941 hunc
2533 3890 2819 3941 removent
2848 3883 3107 3956 primatu,
3132 3882 3345 3937 tradere
3374 3882 3540 3938 morti

2202 3977 2423 4033 Connisi
2459 3994 2474 4043 ;
2505 3974 2754 4030 texitsed
2779 3990 2901 4030 cum
2932 3972 3240 4028 reverentia
3271 3971 3467 4029 nostri.

2207 4066 2347 4122 Urbe
2379 4073 2561 4120 tamen
2596 4063 2739 4135 pulsi
2771 4061 2982 4134 rapitur
3009 4061 3271 4117 convulsa
3299 4059 3573 4132 supellex,

2207 4162 2376 4227 Quem
2432 4173 2655 4231 quoque
2730 4154 3117 4211 semianimem
3173 4154 3434 4226 linquunt
3484 4153 3819 4210 cruciatibus

3491 4244 3714 4315 [actum.

483 4334 681 4405 Sicque
712 4332 826 4387 ait:
856 4350 887 4383 (ι
933 4330 1011 4384 En
1050 4329 1212 4385 video
1263 4327 1383 4382 caeli
1414 4327 1549 4382 mihi
1591 4327 1811 4382 culmen
1854 4333 2103 4399 apertum
2209 4342 2362 4398 nunc
2391 4356 2494 4416 ego
2524 4339 2838 4410 suscipiens
2866 4336 3115 4392 adhiberi
3142 4336 3347 4392 mando
3372 4336 3650 4392 medelam
3676 4354 3692 4390 ε

487 4427 665 4498 Atque
695 4423 940 4480 hominis
969 4423 1163 4478 Natum
1195 4420 1418 4476 Virtutis
1434 4420 1620 4476 dextra
1648 4426 1949 4475 tenentem.
1973 4441 1994 4472 ι

553 4517 787 4572 Auribus
806 4516 1104 4572 obstructis
1134 4514 1211 4568 illi
1241 4529 1369 4568 aera
1398 4512 1627 4568 vocibus
1657 4511 1912 4583 implent,

2208 4438 2309 4504 Qui
2337 4444 2468 4493 tunc
2497 4443 2717 4492 curatus
2750 4436 2914 4507 paulo
2939 4434 3069 4489 inde
3100 4439 3383 4504 superstes
3408 4432 3651 4488 habetur

2207 4533 2642 4605 Defunctumque
2678 4533 2849 4604 pedes
2876 4532 2942 4587 ad
2970 4531 3132 4603 primi
3156 4530 3413 4603 martyris
3434 4529 3610 4585 addo.

481 4609 893 4680 unanimesque
924 4613 1119 4678 Ρθίυιη
1174 4605 1515 4676 Stephanum
1536 4602 1700 4659 Simul
1719 4603 1922 4675 impete
1952 4610 2105 4661 ίοΐνο
2206 4624 2421 4681 Tertius
2443 4624 2535 4678 ille
2554 4602 2701 4678 mihi
2730 4602 2981 4678 retinens
3009 4602 3313 4679 commune
3331 4621 3649 4691 sepulcrum

483 4708 738 4779 Urbeque
764 4705 1080 4777 propellunt
1106 4702 1463 4775 lapidantque
1489 4701 1569 4756 rei
1598 4701 1995 4769 venerandum,

481 4798 607 4853 Dira
626 4812 825 4851 manus
864 4795 1075 4861 mitem,
1100 4799 1221 4847 trux
1264 4791 1552 4859 blandum,
1604 4808 1747 4847 saeva
1778 4791 2101 4865 benignum.

482 4894 689 4948 Saxoso
711 4897 915 4962 martyr
939 4886 1274 4944 venerabilis
1303 4886 1475 4941 imbre
1490 4887 1694 4958 petitus

482 4987 705 5042 Invocat
735 5001 749 5050 ;
785 5008 811 5031 α
871 4981 1019 5037 Hanc
1048 4978 1308 5046 animam,
1360 4978 1493 5034 Jesu
1541 4979 1795 5047 Domine,
1827 4979 2036 5052 accipe,
2070 5000 2094 5033 »

1711 5068 1991 5140 [clamans

480 5172 541 5227 Et
570 5166 766 5241 positis
800 5165 1041 5241 genibus
1057 5180 1257 5239 magna
1277 5179 1399 5220 cum
1429 5179 1564 5220 voce
1595 5170 1887 5235 precatur:

479 5262 597 5317 «Ne
629 5265 837 5314 statuas
869 5257 1001 5322 illis,
1032 5256 1192 5311 Deus.
1228 5256 1335 5312 hoc
1353 5255 1459 5312 sibi
1489 5255 1698 5311 crimen
1729 5255 1896 5310 inuri.
1932 5275 1951 5305 ι

477 5350 595 5416 Quo
621 5344 770 5400 dicto
798 5359 1052 5401 somnum
1083 5344 1234 5416 pacis
1252 5344 1391 5415 petit
1422 5344 1478 5398 in
1509 5358 1645 5399 nece
1672 5343 1866 5398 fortem

477 5438 858 5506 Invictumque
887 5441 1082 5489 tenens
1104 5434 1371 5501 animum,
1404 5449 1513 5505 quo
1536 5432 1730 5489 concio
1752 5432 1894 5488 victa
1923 5435 2025 5487 est.

475 5532 589 5587 Hoc
609 5525 838 5583 vincens
863 5525 1098 5598 lapides,
1120 5541 1343 5599 quoque
1387 5542 1486 5597 pro
1513 5525 1886 5596 lapidantibus
1912 5539 2095 5579 orans.

470 5620 583 5677 Nec
608 5620 837 5687 potuere
866 5631 1062 5688 preces
1086 5632 1243 5673 casso
1273 5617 1544 5671 cecidisse
1573 5614 1789 5687 profatu

469 5703 744 5776 Martyris,
774 5706 843 5758 ad
874 5705 1074 5760 solium
1103 5707 1203 5761 sed
1232 5706 1625 5763 conscendisse
1653 5706 1902 5762 sciuntur

2207 4715 2374 4770 Filius
2413 4721 2495 4769 est
2515 4713 2717 4768 Abibas
2746 4728 2922 4780 meus,
2951 4713 3095 4767 almo
3129 4711 3279 4767 fonte
3309 4717 3559 4766 renatus.

2207 4807 2418 4862 Mecum
2445 4807 2700 4862 vicenum
2730 4806 2855 4862 vita:
2886 4805 3017 4860 dum
3049 4803 3303 4876 provehit
3328 4820 3562 4869 annum,

2204 4898 2485 4958 Praedictis
2509 4899 2705 4955 Christi
2735 4898 2954 4956 famulis
2987 4914 3142 4953 sacra
3170 4897 3431 4952 dantibus
3463 4895 3566 4961 illi,

2205 4995 2408 5050 Doctus
2436 4989 2529 5046 hic
2558 4986 2782 5044 assidue
2810 5003 2934 5042 cum
2967 4987 3134 5043 Paulo
3164 5000 3319 5042 sacra
3352 4985 3586 5041 vacabat

2207 5089 2266 5142 In
2298 5085 2506 5157 templo
2532 5082 2828 5144 meditans.
2860 5096 2924 5136 ac
2956 5080 3165 5136 lumine
3196 5079 3335 5152 legis
3363 5077 3678 5133 abundans.

2204 5180 2366 5238 Liber
2390 5192 2457 5233 eo
2488 5174 2708 5231 solitum
2738 5173 2873 5229 vitio
2904 5172 2994 5229 cui
3025 5171 3265 5227 subdere
3292 5187 3416 5226 sese

2203 5273 2293 5328 Est
2320 5284 2496 5346 genus
2524 5268 2849 5331 humanum,
2878 5271 3058 5319 tectus
3084 5262 3285 5318 virtute
3316 5276 3580 5333 superna,

2202 5358 2423 5416 Ccelibis
2450 5365 2505 5412 et
2531 5355 2656 5411 vitae
2684 5353 2934 5425 locuples
2963 5351 3020 5406 in
3056 5366 3189 5423 pace
3209 5350 3443 5422 quievit.

2203 5451 2331 5507 Cum
2364 5445 2728 5522 primogenito
2756 5443 2954 5512 conjux
2983 5458 3105 5496 mea
3122 5440 3347 5496 credere
3380 5438 3589 5494 Christo

2201 5543 2464 5609 Vitantes,
2491 5540 2599 5596 alio
2630 5537 2797 5610 positi
2828 5534 3165 5592 tumulantur
3192 5533 3251 5589 in
3279 5547 3432 5589 arvo.

2200 5630 2580 5706 SareOphagos
2603 5629 2797 5684 horum
2825 5639 2993 5698 quare
3018 5620 3297 5694 spectabis
3327 5621 3523 5676 inanes

2201 5723 2496 5781 Nobiscum
2528 5721 2709 5778 meriti
2747 5718 2879 5794 quia
2909 5731 3020 5774 non
3045 5714 3399 5789 requiescere
3425 5713 3549 5771 visi.
3582 5731 3606 5764 ι›
