3970 6200
215 325 332 380 505
751 317 832 372 DE
871 313 1235 371 TRIUMPHIS
1276 313 1538 370 CHRISTI
1579 313 1656 368 ET
1695 312 1784 368 SS.
1828 311 2224 368 PALESTINA'I
2264 313 2438 370 LIBRI
2477 315 2665 370 TRES.
2708 345 2774 356 —-
2815 315 2944 369 LIB.
2988 314 3026 366 I.

224 455 337 508 Hoc
366 451 635 524 rogitante
662 446 768 503 loci
797 460 1018 502 nomem
1051 458 1161 514 quo
1191 449 1459 514 quaereret
1481 442 1624 510 illos,

1865 445 1920 513 Α
1945 439 2229 513 Condigna
2257 443 2402 497 socia
2426 444 2556 500 cleri
2574 445 2871 500 comitante
2893 450 3128 501 caterva.

224 542 380 598 Infit:
417 567 442 588 κ
473 542 614 614 Agre
637 537 691 592 in
715 542 901 590 nostro
931 549 1095 605 quem
1114 547 1261 587 nunc
1291 547 1551 588 sermone
1581 532 1841 603 Syrorum
1945 530 2044 594 Qui
2077 531 2165 602 pia
2193 534 2515 588 muneribus
2545 535 2803 604 pretiosis
2831 551 2954 590 ossa
2984 541 3322 605 prementes,

220 633 371 688 More
402 631 688 686 beatorum
721 627 893 680 fertur
921 623 1200 694 possessio
1231 621 1377 677 trito.
1410 644 1437 670 ι)

225 725 371 780 Visio
399 724 489 780 cui
529 720 724 776 similis
756 718 1066 786 iterumque
1099 715 1406 786 iterumque
1447 714 1668 768 videtur

223 813 576 884 Presbytero,
608 809 826 864 tandem
846 807 1190 877 Solymorum
1215 805 1392 879 pergit
1421 804 1490 860 ad
1519 803 1732 872 urbem,

225 904 482 961 Pontifici
512 903 758 958 monitus
797 899 1044 953 referens
1076 899 1191 952 haec
1222 905 1417 952 cuncta
1443 896 1662 962 Joanni,

223 1002 328 1066 Qui
360 1000 494 1054 fusis
523 997 812 1053 Dominum
843 994 1099 1065 lacrymis
1138 993 1420 1048 benedicit
1449 1000 1698 1057 ovanter,

224 1091 466 1146 Advocat
493 1095 546 1142 et
579 1094 758 1157 patres
779 1084 973 1140 vicinis
1002 1083 1236 1138 urbibus
1255 1084 1450 1149 almos,

225 1182 360 1247 Quis
383 1181 510 1235 dum
543 1185 844 1234 monstrato
874 1175 1154 1231 foderetur
1183 1176 1238 1229 in
1265 1189 1464 1249 aggere
1492 1189 1698 1239 coram,

222 1277 392 1330 Terra
409 1284 645 1329 tremore
675 1277 882 1342 crepat,
902 1269 1230 1340 spiransque
1247 1267 1539 1342 fragrantia
1561 1266 1741 1338 surgit

226 1367 324 1422 Cui
351 1365 594 1421 similem
625 1365 720 1436 qui
753 1364 894 1419 forte
925 1363 1153 1416 aderant
1179 1360 1420 1415 sensisse
1450 1368 1737 1434 negarent,

225 1462 303 1516 Se
333 1459 688 1531 paradysiaco
718 1457 1027 1531 gaudentes
1059 1460 1278 1508 nectare
1320 1452 1491 1523 pasci.

226 1549 397 1618 Cujus
424 1548 612 1603 odoris
635 1562 796 1617 opem
818 1544 984 1600 variis
1005 1542 1305 1612 sumpsisse
1333 1540 1494 1595 levati

229 1643 270 1696 E
293 1641 500 1696 morbis
524 1640 711 1695 decies
740 1637 955 1709 septeni
987 1642 1207 1706 tresque
1240 1634 1506 1688 resultant

230 1730 368 1784 Huic
388 1729 565 1783 habiti
603 1736 771 1783 testes
799 1726 978 1798 Operi,
1011 1743 1132 1781 cum
1167 1725 1319 1778 Patre
1353 1727 1562 1789 notato,

231 1819 434 1874 Prassul
463 1819 809 1874 Eleutherius
836 1788 1073 1884 ilierico,
1105 1813 1563 1884 Eustominusquc
1595 1810 1844 1876 Sebaste,
1873 1788 1922 1854 Β

1945 617 2228 676 Obstructo
2262 622 2463 689 loculo,
2493 625 2732 696 prOpriis
2763 624 2980 680 rediere
3019 626 3315 680 cathedris.

2015 713 2146 768 Ossa
2179 714 2335 770 beata
2365 717 2492 771 Sion
2523 717 2783 788 Stephani
2815 733 2927 772 non
2968 724 3215 788 tempore
3247 717 3415 772 multo

1948 806 2072 860 Post
2103 814 2353 862 revocata
2384 809 2538 875 nitet,
2566 809 2774 880 primus
2803 827 2908 881 qua
2937 809 3002 863 ad
3031 826 3185 863 sacra
3215 809 3487 864 minister.

1946 899 2107 954 Arida
2136 908 2245 955 tum
2275 902 2581 974 squallebat
2610 903 2830 967 humus,
2873 903 3183 956 sitientibus
3214 903 3379 968 arvis,

1947 989 2028 1054 Vi,
2064 992 2183 1045 sine
2216 993 2482 1062 temperie
2511 992 2770 1062 lympha-2,
2802 993 2996 1046 durata
3023 991 3246 1057 caloris;

1946 1083 2080 1137 Ecce
2105 1091 2330 1153 repente
2362 1085 2472 1155 poli
2514 1085 2680 1138 facies
2709 1087 2858 1153 latet,
2885 1102 3012 1140 aere
3044 1087 3219 1139 nubes

1945 1173 2306 1239 Densescunt,
2339 1175 2664 1245 subilusquc
2696 1174 2823 1244 polo
2855 1174 3163 1228 demittitur
3190 1173 3368 1227 imber

1947 1267 2018 1318 Ac
2036 1264 2174 1339 rigat
2200 1265 2385 1319 eximii
2416 1267 2625 1320 meritis
2652 1273 2704 1320 et
2737 1265 2949 1321 honore
2983 1274 3172 1336 parato

1949 1357 2198 1427 Martyris
2228 1363 2447 1411 arentes
2477 1357 2628 1430 largo
2654 1357 2922 1411 solamine
2954 1371 3198 1427 campos.

1951 1446 2120 1515 Hujus
2159 1462 2257 1516 per
2287 1446 2462 1500 varias
2492 1447 2799 1500 clarescunt
2839 1445 3070 1517 pignora
3111 1452 3302 1509 terras,

1951 1535 2168 1590 Prodita
2196 1552 2319 1607 quae
2350 1535 2522 1608 signis
2549 1536 2752 1605 passim
2785 1534 3118 1588 decorantur‘
3144 1531 3368 1602 opimis,

1951 1627 2187 1691 Quorum
2221 1630 2388 1682 multa
2419 1628 2664 1699 quidem,
2697 1634 2883 1681 sancte
2916 1626 3234 1701 Augustine,
3259 1623 3496 1689 faterisff

1950 1720 2188 1775 Plurima
2221 1735 2342 1791 quze.
2366 1718 2501 1773 fiunt
2527 1718 2611 1775 vel
2643 1718 2784 1773 facta
2812 1717 2965 1772 fuere
2993 1725 3260 1772 tacentur.

1692 1940 1900 1996 CAPUT
1949 1941 2109 1996 XXII.

1103 2046 1180 2105 De
1211 2053 1416 2104 sancto
1445 2043 1720 2103 Simeone
1749 2052 1800 2101 et
1831 2041 2083 2119 reliquis
2121 2044 2292 2101 ίΕιίω
2321 2043 2702 2119 praesulibus.

233 2182 363 2236 Post
386 2179 656 2234 Iacobum
684 2179 908 2234 Simeon
953 2179 1296 2250 Solymorum
1326 2179 1394 2233 ad
1425 2193 1578 2233 sacra
1623 2179 1855 2246 levatur,

233 2271 464 2325 Auditor
490 2269 704 2324 Domini
737 2269 918 2324 dictus
949 2286 1193 2340 quoque,
1225 2285 1388 2324 carne
1417 2270 1784 2341 prepinquus,

233 2358 406 2413 Filius
436 2365 493 2411 ut
521 2356 797 2427 CICOletB,
820 2357 994 2412 sancti
1028 2357 1123 2427 qui
1156 2356 1322 2411 frater
1351 2357 1570 2427 Ioseph,

232 2453 476 2525 Virginis
496 2461 715 2507 aeternae
753 2452 943 2524 sponsi
979 2459 1033 2506 et
1062 2452 1182 2506 sine
1209 2467 1470 2522 compare
1502 2451 1711 2507 matris.

237 2546 335 2600 Hic
360 2545 597 2615 Symeon
627 2543 804 2599 fessus
832 2543 1010 2610 senio,
1033 2558 1143 2614 quo
1184 2550 1432 2613 tempore
1455 2543 1716 2615 princeps

231 2637 497 2705 Trajanus
535 2635 718 2707 gladio
752 2635 949 2689 Christi
991 2633 1224 2689 vexabat
1261 2635 1427 2702 ovile,

232 2729 572 2784 Verberibus
602 2729 788 2784 multis
819 2727 1013 2783 Christi
1038 2727 1139 2783 sub
1172 2729 1397 2784 nomine
1428 2729 1609 2797 tritus,

235 2824 469 2877 Centum
499 2830 554 2876 et
580 2820 770 2894 viginti
801 2828 1090 2892 postquam
1123 2828 1673 2893 transageratannos,

238 2919 494 2989 Martyrio
536 2916 721 2972 rutilat
749 2916 1013 2982 moriens,
1057 2916 1236 2971 crucis
1275 2916 1452 2971 hostia
1482 2916 1655 2974 factus

234 3007 434 3062 Judice
467 3022 590 3062 cum
625 3005 856 3075 reliquis
877 3005 1120 3059 animum
1155 3005 1390 3060 mirante
1417 3007 1609 3081 vigore

237 3101 366 3154 Tam
395 3098 577 3153 valido
618 3097 858 3160 firmum,
891 3097 1077 3152 senior
1101 3097 1428 3171 grandaivus
1457 3105 1516 3152 ut
1543 3100 1706 3169 hujus

239 3189 506 3260 Supplicii
534 3193 788 3258 prompto
816 3188 1115 3243 cruciatum
1141 3195 1364 3258 pectore
1392 3188 1574 3244 ferret.

240 3282 536 3338 Pontifices
562 3280 798 3352 Solymis
818 3280 1030 3336 clarent
1056 3281 1108 3334 hi
1142 3281 1386 3352 denique
1414 3280 1578 3351 prisci
1608 3299 1622 3335 :

238 3374 364 3429 Iion
387 3379 508 3445 post
539 3373 688 3426 hunc
715 3373 928 3440 Justus,
961 3374 1214 3428 Zachaaus
1239 3373 1388 3437 hinc,
1413 3373 1544 3426 inde
1572 3373 1790 3441 Tobias,

241 3465 529 3534 Benjamin
559 3470 765 3529 sextus,
807 3471 919 3519 tum
963 3465 1233 3536 septimus
1263 3479 1383 3519 esse
1409 3465 1650 3520 Joannes

242 3556 456 3621 Fertur,
488 3555 738 3609 Matthias
784 3562 907 3625 post
937 3556 1106 3623 hunc,
1158 3556 1517 3626 sequiturque
1558 3555 1860 3627 Philippus.

241 3647 501 3702 Succedit
530 3648 738 3702 Seneca
767 3647 973 3712 Justus,
1017 3653 1139 3718 post
1165 3647 1348 3702 denuo
1382 3647 1540 3702 Levi:

246 3742 385 3796 Hinc
421 3741 678 3811 Ephrem,
707 3742 934 3813 Joseph,
958 3741 1081 3796 finis
1104 3743 1296 3798 horum
1325 3758 1548 3814 quoque
1577 3742 1766 3809 Judas,

1957 2178 2154 2233 Judrca
2183 2184 2556 2232 memorantur
2581 2177 2676 2241 ibi,
2711 2177 2802 2249 qui
2827 2176 2989 2247 plebe
3028 2177 3242 2248 probati

1958 2267 2208 2338 Praeponi
2241 2271 2551 2342 Christique
2586 2271 2746 2324 fidem
2782 2271 3025 2324 tenuisse
3051 2269 3280 2343 benigni
3307 2287 3320 2322 :

1957 2361 2197 2425 Quorum
2226 2363 2492 2418 Matthias.
2528 2362 2707 2417 stabili
2731 2362 3028 2416 certamine
3057 2377 3332 2436 pugnans,

1956 2455 2232 2528 Multaque
2252 2474 2351 2528 pro
2383 2457 2574 2512 Christi
2608 2475 2801 2529 passus
2829 2459 3031 2528 pietate
3060 2456 3289 2529 quievit,

1958 2550 2120 2618 Cujus
2143 2552 2306 2622 plena
2337 2549 2445 2606 fide
2468 2559 2758 2606 narrantur
2787 2552 3022 2622 plurima
3047 2557 3218 2625 gesta.

1953 2641 2034 2705 At,
2065 2643 2390 2707 Jerusalem,
2421 2649 2709 2714 postquam
2744 2649 3002 2696 renovata
3032 2641 3254 2695 renides

1949 2735 2159 2794 Judzcis
2189 2735 2362 2805 patria
2390 2735 2585 2806 pulsis,
2611 2735 2714 2788 sibi
2746 2742 2801 2789 ct
2830 2734 2967 2788 urbe
2996 2739 3217 2806 negata,

1959 2832 2020 2885 [it
2054 2831 2166 2898 jam
2196 2843 2306 2882 non
2339 2827 2446 2881 illis
2475 2826 2683 2882 licitum
2718 2833 2809 2881 tua
2837 2826 3011 2880 visere
3040 2843 3183 2892 rura,

1954 2923 2339 2993 Telluremque
2370 2920 2559 2991 procul
2589 2921 2671 2975 vel
2703 2927 3053 2990 prospectare
3081 2925 3362 2988 paternam

1963 3018 2229 3072 Gentibus
2249 3016 2527 3082 admissis,
2559 3031 2750 3087 pacem
2781 3013 3130 3069 servantibus
3169 3013 3223 3066 in
3254 3020 3328 3076 te,

1971 3111 2126 3177 Ailia,
2148 3110 2397 3165 Romulei
2421 3110 2751 3182 cognomine
2779 3108 2922 3163 dicta
2944 3107 3180 3178 tyranni.

1961 3202 2208 3258 Pacificis
2240 3202 2434 3256 Christi
2465 3201 2688 3255 famulis
2718 3200 2982 3255 habitatio
3006 3198 3166 3253 facta.

1963 3297 2090 3351 Post
2119 3295 2432 3365 praelibatos
2462 3301 2514 3348 te
2554 3293 2767 3348 Marcus
2806 3293 3100 3364 episcOpus
3139 3297 3296 3346 ornat

1965 3386 2228 3440 Gentibus
2255 3403 2284 3438 e
2308 3385 2733 3456 nostrisprimus
2759 3391 2810 3439 te
2842 3383 3041 3455 pracsul
3066 3381 3320 3452 adeptus,

1886 3493 1934 3561 Ο
1966 3473 2204 3561 Martyrii
2235 3473 2413 3543 palma
2437 3475 2582 3527 claro
2615 3476 2707 3544 qui
2738 3475 2940 3548 dignus
2966 3487 3163 3561 agone.

1965 3560 2219 3616 Succedit
2250 3561 2426 3614 Marco
2459 3563 2739 3626 (Tagianus,
2776 3561 2998 3616 Publius
3028 3560 3120 3616 olli
3147 3580 3161 3614 :

1964 3649 2226 3704 Maximus
2253 3650 2383 3704 hinc
2403 3650 2673 3720 sequitur,
2705 3651 2978 3717 Julianus,
3003 3651 3189 3717 Gaius,
3224 3657 3278 3703 et
3308 3649 3446 3705 alter

1965 3743 2238 3810 Julianus,
2272 3741 2596 3813 Capitoque,
2631 3743 2826 3799 Valens
2862 3750 2915 3798 et
2938 3743 3272 3798 Dolicianus.

1709 3871 1917 3928 CAPUT
1967 3873 2131 3927 XXIII

1356 3972 1435 4032 De
1463 3975 1690 4033 sanctis
1723 3975 2002 4034 Narcisso
2033 3982 2083 4033 et
2120 3973 2486 4034 Alexandro.

247 4121 374 4175 Post
399 4133 539 4190 quos
569 4115 869 4180 Narcissus,
899 4115 1158 4170 redolens
1183 4115 1285 4169 flos
1314 4121 1476 4187 atque
1505 4115 1758 4184 decorus,

249 4214 515 4270 Ecclesia:
545 4214 727 4267 lzetum
759 4211 991 4282 Solymm
1024 4210 1288 4281 respersit
1316 4212 1566 4279 odorem,

248 4307 419 4376 Cujus
449 4304 587 4359 mira
617 4304 750 4358 satis
779 4311 832 4358 et
861 4303 1098 4374 plurima
1127 4309 1280 4374 gesta
1311 4303 1567 4358 renident
1594 4321 1608 4368 ;

247 4396 506 4450 Naturam
538 4394 715 4448 laticis
738 4393 927 4466 pingui
957 4392 1050 4463 qui
1083 4392 1244 4446 vertit
1272 4392 1436 4447 olivo.

249 4489 498 4558 Namque
526 4485 631 4541 olei
651 4485 930 4557 quondam
964 4485 1093 4538 dum
1126 4483 1418 4558 deficiente
1440 4483 1654 4556 liquore

247 4579 542 4651 Lampadis
572 4579 866 4633 exhaustus
904 4593 1026 4631 cum
1057 4577 1266 4631 lumine
1298 4577 1576 4650 linqueret
1604 4578 1777 4650 ignis:

249 4669 508 4724 Ecclesiae
540 4666 759 4721 famulis
791 4666 1034 4721 fomenta
1061 4682 1160 4720 nec
1185 4665 1300 4736 ipsa
1327 4667 1636 4735 subessent,

250 4759 584 4828 Laetitiaaquc
609 4757 730 4810 dies
763 4757 988 4825 jamjam
1019 4755 1296 4826 paschalis
1321 4757 1563 4823 adesset,

251 4851 516 4906 Maximus
538 4850 668 4903 hinc
697 4849 902 4918 pOpulo
930 4863 1154 4914 mmror,
1179 4847 1416 4902 turbatio
1435 4849 1584 4904 clero

250 4939 520 4996 Inculitur
546 4955 560 5003 ;
595 4936 723 4990 fidei
753 4936 1032 4990 Narcissus
1054 4942 1106 4989 at
1133 4935 1347 5008 integer
1375 4937 1521 5004 altae,

247 5034 487 5101 Imperat
515 5044 544 5081 e
577 5033 757 5098 puteis
786 5026 1002 5081 laticem
1034 5024 1138 5079 sibi
1168 5024 1309 5079 ferre
1336 5025 1626 5093 ministris,

247 5124 424 5188 Quam
454 5135 681 5174 sumens
711 5125 848 5183 orat,
881 5117 1166 5172 benedicit
1195 5118 1395 5188 datque
1425 5117 1687 5173 lucernis.

247 5217 349 5271 Pro
379 5213 518 5268 mira
546 5212 730 5267 subito
751 5212 1002 5282 stupidus
1041 5211 1234 5265 virtute
1263 5212 1483 5267 videres

248 5303 474 5369 Pabula,
507 5317 578 5354 ne
610 5299 830 5354 sibimet
852 5299 1106 5375 fugerent
1134 5300 1405 5355 contraria
1433 5299 1688 5368 ﬂammas,

247 5396 526 5452 Materiem
561 5393 798 5464 lymphae
825 5392 945 5447 laeto
978 5392 1309 5447 densescere
1340 5393 1532 5467 pingui

246 5487 519 5542 Pallorem
550 5482 605 5538 e't
629 5482 820 5536 latices
849 5483 1010 5536 viridi
1049 5489 1291 5536 mutasse
1320 5484 1526 5551 colore,

243 5582 714 5646 Praestantemquc
742 5574 846 5628 sibi
889 5591 1150 5645 superum
1181 5575 1481 5645 sumpsisse
1501 5575 1768 5648 vigorem,

315 5724 440 5794 (150
454 5720 502 5792 *)
541 5719 630 5774 Sic
656 5717 894 5773 codices.

1966 4118 2348 4188 Adversosque
2373 4115 2506 4170 facis
2526 4114 2864 4169 ﬂammarum
2898 4115 3160 4169 alimenta
3187 4114 3410 4171 dedisse

1969 4209 2099 4275 Quis
2127 4207 2267 4263 solet
2293 4205 2602 4280 exstingui;
2637 4205 2820 4260 lichno
2856 4207 3130 4280 gaudente
3163 4204 3354 4260 foveri.

1971 4304 2215 4359 Luminis
2243 4303 2336 4357 hic
2360 4301 2624 4372 splendor
2652 4302 2814 4356 solito
2845 4311 2957 4356 tum
2990 4301 3186 4355 clarior
3218 4301 3369 4369 arsit,

1973 4391 2200 4466 Largius
2229 4391 2426 4444 educto
2456 4389 2648 4444 Christi
2681 4389 2928 4444 bonitate
2955 4390 3131 4444 nitore
3165 4405 3178 4450 ;

1972 4481 2159 4552 Obque
2191 4481 2360 4536 fidem
2392 4480 2584 4535 fratres
2613 4480 2920 4535 decernunt
2945 4479 3192 4534 muneris
3217 4480 3386 4550 hujus

1972 4573 2207 4648 Pignora
2234 4572 2556 4627 ﬁrmandam
2588 4571 2723 4627 tanti
2755 4586 2974 4626 servare
3013 4571 3268 4642 liquoris.

1973 4667 2029 4720 F.
2065 4668 2273 4736 (150-).

2044 4755 2290 4827 Denique
2317 4755 2695 4811 Narcissidum
2728 4769 2885 4809 mens
2912 4751 3211 4808 immobilis
3227 4752 3410 4818 instat,

1971 4851 2044 4905 Ac
2067 4851 2202 4918 justi
2230 4851 2474 4922 rectique
2493 4857 2653 4906 tenax
2683 4861 2736 4906 et
2777 4858 2889 4906 tuta
2922 4847 3147 4915 resistit,

1973 4943 2200 5007 Quidam
2235 4941 2509 5014 falsiloqui
2553 4943 2751 4998 vitiatae
2785 4941 2987 4996 mentis
3013 4938 3266 5006 homulli,

1969 5032 2164 5086 Judice
2205 5029 2443 5098 iustifico
2470 5032 2665 5105 dignas
2705 5031 2944 5102 perferre
2977 5031 3235 5086 timentes
3271 5059 3276 5063 -

1971 5122 2304 5177 Criminibus
2327 5138 2540 5192 poenas,
2571 5132 2911 5194 praesumunt
2937 5123 3148 5195 fingere
3175 5119 3380 5175 fmdum

1971 5215 2438 5284 (Ioncinnantque
2477 5215 2594 5269 viro
2625 5215 2752 5270 saevi
2785 5215 2968 5270 scelus
2997 5215 3200 5268 addere
3229 5218 3435 5267 sancto.

1971 5309 2106 5363 Hinc
2135 5307 2417 5362 auditores
2439 5307 2644 5361 adeunt
2673 5313 2951 5378 testesque
2982 5307 3305 5373 subornant,

1891 5395 1947 5462 D
1975 5397 2201 5453 Fraudis
2233 5396 2528 5468 participes
2568 5402 2622 5450 et
2640 5399 2953 5465 juramenta
2985 5396 3187 5468 pacisci

1967 5489 2086 5542 Non
2117 5491 2404 5540 metuunt:
2427 5499 2570 5540 unus
2585 5483 2664 5539 sic
2693 5500 2752 5539 se
2786 5501 2895 5540 non
2936 5485 3080 5559 ignis
3103 5486 3317 5551 adurat,

1969 5577 2339 5648 Cenﬁciatque
2370 5591 2611 5648 sequens
2642 5575 2866 5631 morbus
2895 5593 2966 5631 ne
2995 5576 3182 5651 regius
3209 5576 3406 5649 ipsum,
