3970 6200
368 281 472 334 507

371 401 694 457 Luminibus
717 403 884 470 jurat,
915 401 1009 457 ﬁat
1039 417 1107 456 ne
1136 402 1329 457 tertius
1357 401 1579 458 absens.

375 491 466 545 llis
485 493 750 546 adversus
772 507 895 546 eum
921 507 982 545 se
1003 507 1133 546 vera
1161 491 1351 547 tulisse
1371 492 1625 564 ligantes.

372 584 630 640 Crederet
660 584 885 639 assertis
916 585 1168 654 quamvis
1197 591 1327 639 tunc
1357 600 1519 640 nemo
1550 584 1752 651 ﬁdelis,

371 672 524 736 Quod
553 673 716 727 vitam
749 680 914 745 atque
949 673 1267 744 pudicitiam
1301 690 1464 745 quam
1499 673 1725 729 duxerat
1752 674 1914 730 annis

372 759 650 815 Narcissus
683 762 874 832 primis
901 771 1180 818 constaret
1205 780 1435 819 noscere
1458 763 1633 835 pluris

372 849 494 918 Ipse
525 856 707 904 tamen
733 866 843 905 non
868 851 1008 906 ferre
1036 852 1225 906 valens
1257 859 1363 906 tam
1383 853 1528 908 dicta
1555 853 1817 925 probrosa

369 939 607 1010 Tamque
641 940 868 1010 profana
897 958 1112 1009 vacare,
1145 943 1334 1016 legens
1373 944 1593 999 deserta
1625 944 1840 1016 petivit,

372 1033 431 1087 Et
459 1045 674 1090 secreta
704 1035 892 1091 colens
922 1037 1077 1092 latuit
1114 1038 1490 1109 compluribus
1520 1039 1700 1104 annis,

371 1125 646 1180 Semotam
681 1128 1076 1198 SOphicamque
1107 1143 1308 1201 gerens
1328 1127 1448 1183 sine
1479 1127 1696 1183 turbine
1728 1127 1891 1184 vitam

370 1214 434 1269 At
463 1229 573 1268 non
599 1214 690 1269 ille
730 1215 922 1270 oculus
947 1217 1328 1287 complectens
1365 1216 1552 1272 omnia
1579 1219 1702 1272 visu

371 1311 648 1365 Adversus
673 1328 863 1380 pcenas
894 1313 949 1367 in
981 1322 1230 1384 tempore
1261 1314 1428 1388 longa
1460 1321 1734 1369 moratur:

372 1400 485 1454 lmo
527 1416 624 1470 per
654 1401 768 1456 haec
792 1418 914 1472 quae
941 1403 1254 1457 sancierant
1283 1419 1406 1458 mox
1439 1403 1606 1475 digna
1639 1403 1914 1474 rependit,

371 1488 470 1552 Qui
497 1496 747 1544 sanctum
782 1490 1048 1565 ﬂagrante
1080 1492 1191 1546 doli
1225 1493 1490 1563 pepulere
1521 1509 1761 1558 veneno,

369 1575 607 1630 Arbitrio
641 1578 767 1630 dum
800 1579 924 1649 quis
955 1579 1180 1650 pr0prio
1207 1580 1311 1633 sibi
1344 1580 1484 1635 lecta
1514 1581 1774 1652 capessit,

371 1669 582 1723 Primus
604 1671 774 1735 enim,
809 1671 988 1725 tacitae
1017 1671 1255 1726 scintilla
1285 1680 1532 1743 tempore
1564 1673 1742 1728 noctis

368 1757 757 1812 Succendentc
800 1759 1049 1825 domum,
1082 1768 1237 1814 ustos
1265 1760 1428 1814 simul
1453 1761 1586 1814 arsit
1617 1760 1672 1814 in
1704 1761 1894 1835 ignes;

369 1849 461 1902 Ast
490 1849 659 1902 alium
692 1849 918 1904 morbus
948 1851 1185 1920 pedibus
1212 1851 1462 1923 pervadit
1489 1851 1558 1906 ab
1592 1852 1719 1906 imis

371 1937 450 1991 Ad
472 1953 769 2005 summum,
801 1938 1129 2011 scanditque
1153 1949 1316 2011 caput
1344 1941 1602 1996 decretus
1628 1941 1848 2008 eodem,

375 2028 468 2082 llis
500 2029 572 2084 ita
603 2031 970 2101 consumptis,
1003 2047 1240 2086 cernens
1269 2041 1324 2087 at
1350 2034 1545 2087 tertius
1574 2034 1743 2087 altum

379 2117 529 2172 llaud
552 2119 776 2174 latuisse
809 2120 967 2175 dolos
999 2121 1315 2188 Dominum,
1343 2139 1403 2176 se
1437 2124 1634 2196 vulgus
1661 2128 1853 2193 aperte

381 2210 604 2278 Projicit
634 2213 689 2266 in
717 2212 985 2281 medium,
1020 2224 1276 2289 retegens
1309 2230 1374 2269 ex
1413 2214 1607 2270 ordine
1640 2216 1924 2286 probrum,

380 2302 467 2355 Sic
498 2302 712 2357 facinus
733 2304 915 2359 nitens
946 2305 1200 2376 Iacrymis
1231 2306 1470 2360 immane
1495 2305 1670 2378 piare,

378 2393 621 2448 Fletibus
652 2394 891 2450 afﬁctam
925 2395 1062 2450 fusis
1093 2397 1377 2452 ulciscitur
1410 2405 1605 2465 artem,

379 2487 513 2542 Dum
546 2487 709 2542 ducta
743 2490 892 2542 luctu
920 2490 1125 2544 residet
1155 2491 1394 2565 caligine
1426 2506 1624 2556 caecus,

450 2584 702 2639 Narcisso
735 2584 945 2640 interea
976 2585 1202 2640 latebra:
1237 2596 1449 2641 secreta
1483 2586 1703 2642 fovente

381 2677 648 2752 Allegitur
677 2679 848 2732 sacris
875 2679 1073 2749 praasul
1094 2679 1423 2753 cognomine
1455 2679 1608 2745 Dius,

383 2774 551 2833 Quem
585 2778 794 2839 raptum
823 2770 1075 2840 sequitur
1095 2771 1390 2838 Germano,
1415 2771 1651 2826 Gordius
1681 2771 1856 2825 illum.

388 2861 522 2915 Ilinc
551 2860 702 2915 velut
733 2861 956 2915 horrida
976 2869 1101 2932 post
1127 2861 1326 2935 gelida:
1356 2862 1658 2932 spiramina
1685 2862 1894 2918 brumae

384 2955 640 3021 Affectus,
673 2956 898 3025 zephiro
928 2957 1086 3012 terris
1105 2957 1331 3013 afﬂante
1362 2959 1572 3021 solutis,

384 3051 698 3121 Purpureus
723 3051 881 3104 viridi
904 3068 1138 3127 surgens
1159 3054 1262 3110 llos
1301 3054 1553 3129 gramine
1576 3060 1790 3122 vernat,

386 3140 537 3195 Ilaud
572 3139 733 3195 aliter
762 3140 1009 3209 subiens,
1043 3143 1168 3198 divo
1199 3151 1258 3199 ut
1289 3144 1570 3200 redivivus
1613 3146 1823 3202 honore

387 3232 655 3288 Redditur
680 3233 934 3289 Ecclesiae
966 3235 1271 3304 Narcissus,
1302 3235 1546 3308 itemque
1573 3245 1796 3311 rogatur

289 3339 301 3348 -
389 3320 685 3376 Przesideat
713 3321 920 3393 populo
960 3321 1258 3396 divinaque
1289 3325 1479 3380 munia
1505 3333 1720 3393 tractet,

387 3414 480 3466 Ast
502 3429 648 3488 aegro
672 3413 853 3470 fessus
873 3416 1051 3483 senio,
1079 3415 1208 3470 dum
1234 3418 1524 3473 commoda
1551 3417 1730 3489 plebis

388 3501 581 3558 Omnia
611 3502 754 3560 ferre
785 3504 1002 3576 nequit,
1036 3505 1248 3562 caelesti
1279 3507 1508 3563 numine
1538 3507 1705 3563 ducto

1142 281 1509 336 FLODOARDI
1551 280 1850 336 CANONICI
1896 279 2219 336 REMENSIS
2259 275 2596 332 OPUSCULA
2637 273 2944 330 METRICA.

3613 275 3725 331 508

2011 413 2060 478 Α
2087 401 2247 457 Sedis
2275 399 2587 455 Alexandro
2617 413 2804 453 secum
2834 413 2989 453 sacra
3019 398 3261 453 culmina
3292 397 3535 465 confert,

2086 496 2471 568 Cappadocum
2493 493 2672 569 gentis
2696 492 2995 548 moderans
3023 493 3117 564 qui
3135 494 3262 562 jura
3284 494 3573 558 sacerdos,

2085 590 2378 662 Spectandi
2398 590 2516 643 loca
2538 594 2728 643 sancta
2748 587 2966 652 avidus,
2999 589 3142 642 hanc
3163 595 3222 642 ut
3249 587 3389 658 petit
3419 587 3654 653 urbem,

2087 685 2217 740 Esse
2242 683 2515 739 revelatur
2541 682 2801 755 plebique
2841 682 3074 754 senique
3097 682 3394 736 tenendus.

2089 779 2273 834 Excita
2302 779 2489 850 sicque
2522 777 2610 832 die
2640 777 2798 848 plebs
2837 791 2948 848 quo
2981 783 3316 850 cognoverat
3349 775 3506 829 Illum

2089 870 2286 926 Adfore
2316 875 2630 933 venturum,
2665 882 2972 938 preperans
2997 883 3055 921 se
3075 865 3357 921 mmnibus
3388 863 3557 920 offert

2089 961 2258 1016 Obvia
2283 961 2465 1015 danda
2493 959 2612 1014 viro
2636 976 2650 1024 ;
2691 973 2796 1014 vox
2829 959 3044 1013 intonat
3072 973 3201 1013 ecce
3233 963 3463 1028 repente

2089 1056 2314 1113 Coelitus
2343 1061 2568 1120 attacta,
2597 1053 2811 1110 cunctis
2848 1052 3198 1124 capientibus
3217 1066 3349 1106 aure
3377 1066 3391 1104 :

2089 1176 2113 1200 σι
2162 1152 2372 1207 Sumite
2405 1149 2725 1222 pontiﬁcem
2756 1148 2954 1203 vestris
2978 1163 3146 1219 quem
3177 1146 3418 1201 destinat
3445 1144 3562 1199 aris

2088 1242 2468 1313 Omnipotens.
2510 1261 2534 1292 υ
2582 1240 2684 1294 Ubi
2716 1256 2932 1294 summa
2971 1246 3121 1310 patet
3150 1236 3442 1292 manifesta
3463 1235 3738 1291 voluntas

2089 1332 2370 1406 Contiguis
2402 1329 2650 1402 patribus
2693 1336 2885 1383 sancto
2917 1336 2971 1383 et
2999 1327 3239 1394 seniore,
3272 1333 3506 1398 repente

2090 1423 2536 1493 Communiﬁx'oto
2575 1421 2765 1494 populi
2797 1420 3145 1476 concorditer
3173 1426 3353 1474 actum

2092 1517 2432 1587 Suscipiunt,
2476 1522 2702 1588 cogunt,
2733 1514 2994 1578 retinent,
3026 1520 3385 1577 venerantur,
3416 1511 3733 1565 honorant.

2094 1609 2338 1680 Denique
2372 1608 2678 1672 Narcissus,
2707 1622 2928 1661 sursum
2969 1604 3286 1660 certaminis
3317 1603 3578 1674 explens,

2097 1699 2224 1754 Post
2253 1707 2473 1754 centum
2506 1697 2592 1751 bis
2613 1704 2668 1751 et
2690 1703 2921 1752 octonos
2941 1711 3082 1767 quos
3103 1695 3309 1749 vixerat
3338 1708 3543 1756 annos,

2054 1757 2257 1845 3ljrbis
2287 1789 2591 1844 Alexandro
2620 1788 2864 1842 tutanda:
2890 1757 3014 1856 jure
3042 1786 3232 1841 relicto

2095 1883 2172 1937 Ad
2199 1882 2489 1937 Dominum
2523 1897 2781 1955 pergens,
2811 1879 3132 1934 meritorum
3163 1893 3393 1933 munere
3421 1875 3659 1949 gaudet.

2167 1974 2384 2030 Naviter
2404 1973 2710 2044 advigilans
2739 1986 3030 2027 successor
3054 1971 3243 2025 munia
3274 1976 3491 2035 tractat,

2097 2063 2483 2119 Condecorans
2510 2062 2657 2126 data,
2693 2062 2822 2116 dum
2851 2061 3052 2115 Decius
3085 2059 3330 2114 fervente
3361 2055 3612 2130 procella

2097 2153 2279 2216 Saevit,
2304 2152 2448 2206 ovile
2478 2151 2573 2206 Dei
2605 2150 2926 2222 disperdere
2962 2148 3181 2203 turbine
3208 2154 3450 2205 tcntans.

2098 2245 2306 2314 Nempe
2338 2251 2396 2296 ut
2433 2243 2635 2297 canitie
2667 2241 2971 2312 splendens
2999 2239 3276 2294 renitebat
3303 2256 3549 2308 amoena,

2100 2334 2628 2389 Caesareamlductus
2649 2333 2890 2389 crudelis
2915 2334 3036 2408 lege
3059 2333 3298 2404 tyranni,

2099 2427 2330 2481 Nomine
2361 2442 2460 2497 pro
2491 2425 2704 2482 Domini
2740 2425 2954 2480 laetatur
2980 2441 3202 2481 carcere
3235 2424 3415 2490 trudi;

2097 2513 2455 2584 Afﬂictusque
2497 2513 2589 2568 diu
2618 2529 2805 2568 sacros
2835 2520 3182 2567 consummat
3209 2527 3418 2588 agones

2099 2603 2448 2675 Martyriique
2477 2603 2646 2674 capit,
2691 2601 2906 2658 Christo
2937 2603 3238 2670 tribuente,
3269 2619 3562 2660 coronam.

2104 2691 2394 2760 Eusebius,
2435 2691 2651 2758 fultum,
2683 2692 2843 2762 cujus
2875 2708 2934 2747 se
2965 2691 3306 2748 bibliotheca
3335 2694 3482 2764 (151)

2104 2785 2383 2839 Materiam
2408 2783 2716 2854 sumpsisse
2745 2784 2910 2839 docet
2937 2784 3198 2855 praeclara
3231 2787 3462 2842 notandi

2106 2873 2363 2927 Ecclesiae
2391 2871 2587 2927 Christi
2619 2871 2790 2926 titulis
2829 2888 2952 2943 quae
2982 2880 3136 2945 gesta
3166 2871 3437 2930 feruntur.

2106 2963 2404 3034 Presbyter
2432 2963 2592 3031 hujus
2621 2962 2913 3017 Alexandri
2943 2964 3294 3017 venerandus
3331 2964 3401 3018 ab
3433 2963 3561 3035 ipso

2107 3055 2358 3109 Clemens
2388 3053 2644 3107 Ecclesiae
2683 3052 3072 3108 transmittitur
3109 3053 3486 3110 Antiochense.

2027 3127 2076 3196 C
2104 3146 2273 3210 Quem
2321 3161 2543 3218 quoque
2573 3153 2881 3217 praeceptor
2909 3145 3170 3200 virtutum
3202 3146 3462 3201 laudibus
3503 3162 3745 3214 ornans,

2109 3238 2239 3292 Esse
2265 3237 2611 3292 sacerdotem
2645 3237 2845 3309 allegat
2883 3237 3156 3308 probitate
3187 3237 3430 3303 beatum,

2110 3330 2513 3385 Commendans
2537 3329 2785 3384 radiante
2815 3344 3005 3383 senem
3033 3329 3236 3399 pietate
3261 3329 3558 3400 probatum
3582 3349 3598 3396 ;

2110 3419 2277 3489 Cujus
2302 3419 2448 3491 apud
2481 3419 2732 3489 Solymos
2762 3417 3060 3489 praesentia
3089 3434 3322 3473 munere
3353 3417 3558 3474 Christi

2111 3514 2375 3589 Detegata
2401 3513 2495 3568 Dei
2527 3513 2792 3585 papulum
2821 3510 3134 3568 ﬁrmaverat
3160 3520 3407 3568 auctum.

1839 3643 2049 3699 CAPUT
2098 3643 2275 3698 XXIV.

1368 3775 1448 3834 Dc
1482 3774 1768 3849 Macario,
1801 3775 2064 3837 Maximo
2101 3785 2153 3836 et
2186 3774 2416 3852 Cyrico,
2451 3776 2758 3853 episcopis.

393 3907 689 3965 Pontiﬁces
721 3919 846 3981 post
873 3910 981 3967 hoc
1013 3911 1249 3983 Solyma:
1278 3911 1478 3967 virtute
1508 3912 1768 3979 nitentes,

393 4002 654 4078 Dogmatc
696 4001 965 4073 praeclari,
998 4009 1312 4056 statuuntur
1340 4002 1396 4056 in
1429 4002 1625 4058 ordine
1659 4005 1869 4075 plures.

393 4095 630 4160 Quorum
657 4094 1199 4165 Macarius,'pretiosi
1230 4096 1382 4151 notio
1410 4095 1545 4172 ligni

393 4184 528 4238 Dum
557 4199 735 4239 crucis
767 4183 1002 4239 inventae
1034 4183 1238 4255 p0pulo
1269 4185 1576 4252 dubitante,
1608 4184 1847 4251 vacillat,

393 4278 646 4341 Quaerere
677 4282 1062 4348 comproperat
1091 4277 1395 4347 epiramine
1416 4277 1664 4333 membra
1688 4277 1898 4346 relicta,

392 4371 740 4441 Apponitque
769 4387 961 4426 cruces
991 4371 1211 4442 pariter,
1241 4389 1379 4445 quas
1411 4372 1549 4429 forte
1583 4381 1830 4445 repertas

395 4462 722 4518 Constabat:
752 4465 953 4534 spretis
982 4466 1082 4519 sed
1113 4466 1194 4520 eis
1227 4466 1450 4520 immota
1478 4465 1807 4531 manebant;

394 4553 554 4611 Tacta
585 4554 740 4626 vigor
767 4571 929 4610 cruce
957 4555 1174 4612 viviﬁca
1202 4572 1326 4612 mox
1350 4556 1578 4611 intimus
1596 4557 1779 4623 intrat,

397 4645 568 4715 Inque
599 4643 921 4715 repentinos
946 4653 1197 4716 reparata
1225 4646 1514 4701 resuscitat
1551 4653 1725 4701 actus.

397 4737 664 4793 Maximus
690 4738 908 4794 illorum
936 4754 1166 4794 consors
1193 4755 1257 4794 ac
1280 4737 1440 4794 miles
1460 4739 1652 4794 herilis

399 4837 501 4892 Pro
542 4835 746 4907 pietate
777 4835 1001 4908 ﬁdeqne
1035 4836 1151 4904 Dei,
1175 4835 1269 4908 qui
1303 4834 1510 4906 p0plite
1544 4834 1678 4889 laevo

397 4928 621 4983 Succiso
654 4925 913 4994 instabat,
941 4927 1129 4982 dextro
1158 4941 1379 4998 quoque
1419 4923 1626 4980 lumine
1655 4923 1902 4994 dempto,

399 5023 508 5078 Hac
537 5039 753 5098 magnae
782 5021 912 5077 ﬁdei
941 5023 1192 5099 gaudens
1220 5023 1438 5099 insigne
1477 5021 1722 5097 gerebat.

399 5112 600 5184 Martyr
626 5111 902 5182 Cyriacus,
925 5114 1131 5186 quique
1162 5120 1217 5168 et
1245 5112 1574 5186 cognomine
1611 5110 1799 5175 Judas,

402 5203 499 5260 Hic
544 5219 736 5276 paznas
765 5205 1043 5276 quondam
1078 5205 1258 5262 varias
1296 5205 1604 5274 multasque
1645 5201 2014 5272 triumphans,

403 5299 528 5354 Post
547 5314 810 5353 manuum
835 5307 1140 5374 segmenta,
1168 5301 1326 5376 ignes
1365 5307 1419 5355 et
1449 5299 1645 5371 pocula
1673 5295 1905 5370 plumbi,

402 5394 640 5468 Postque
675 5396 1088 5467 triumphatum,
1122 5397 1526 5467 candentiaque
1553 5410 1678 5455 atra,
1704 5391 2010 5466 grabatum,

399 5487 682 5566 Virgarum
709 5490 911 5562 plagas.
944 5492 1231 5562 adipisque
1257 5490 1495 5560 salisque
1518 5487 1729 5543 calores

2114 3912 2422 3968 Exstinctos
2455 3910 2740 3984 precibus,
2769 3908 3028 3966 colubros
3058 3909 3280 3982 oleique
3310 3925 3574 3981 vapores,

2117 4002 2342 4057 Pectore
2379 4000 2612 4065 deﬁxus,
2654 4006 2930 4071 contoque
2971 3999 3189 4054 interna
3220 3999 3444 4070 petitus,

2111 4092 2397 4148 Victricem
2427 4092 2662 4164 palmam
2693 4091 2880 4146 rutilat
2906 4098 3228 4146 constanter
3257 4091 3519 4162 adeptus,

2109 4185 2256 4240 Alter
2283 4184 2546 4240 Macarius
2587 4183 2910 4238 Ilermonem
2952 4183 3008 4237 in
3038 4199 3192 4237 sacra
3221 4189 3445 4238 secutus

2106 4277 2338 4332 Nomine
2367 4275 2557 4342 fertur,
2588 4282 2646 4330 ut
2669 4276 2773 4330 hoc
2793 4275 2994 4350 dignus
3022 4275 3319 4330 virtutibus
3349 4276 3494 4330 altus
3519 4293 3534 4342 ;

2108 4368 2387 4443 Dogmatis
2418 4366 2676 4442 egregius
2713 4366 2852 4422 nitet
2892 4367 2980 4422 hic
3010 4366 3305 4438 splendore
3338 4365 3597 4437 Cyrillus,

2108 4462 2210 4517 Pro
2252 4461 2378 4517 ﬁdei
2403 4461 2638 4532 sceptris
2666 4461 2965 4516 certamina
2991 4460 3226 4530 plurima
3250 4476 3466 4530 passus,

2110 4554 2267 4624 Step0
2297 4553 2519 4624 quidem
2556 4552 2766 4624 pulsus,
2801 4552 2897 4606 sed
2930 4552 3063 4606 sede
3095 4551 3367 4626 insignius
3390 4559 3623 4619 auctus;

2111 4645 2283 4708 Quem
2315 4644 2452 4697 mira
2482 4642 2735 4714 sequitur
2754 4641 2922 4697 fultus
2948 4641 3220 4712 probitate
3250 4641 3516 4697 Joannes.

2111 4735 2379 4790 Praeterea
2409 4735 2615 4806 plures,
2647 4750 2878 4806 quorum
2911 4733 3005 4805 qui
3038 4732 3265 4788 nomina
3294 4733 3449 4788 novit

2112 4829 2203 4884 Vel
2254 4843 2568 4895 numerum,
2599 4827 2701 4882 scit
2754 4833 2952 4880 cuncta
2995 4825 3158 4893 Deus,
3213 4825 3315 4880 hac
3365 4825 3508 4880 urbe
3544 4827 3745 4881 trium-

3469 4917 3670 4989 [phant

2110 5014 2205 5070 Vel
2239 5013 2411 5085 patria
2435 5010 2632 5067 sancti.
2665 5009 2904 5064 Cunctos
2936 5009 3062 5080 quis
3098 5008 3284 5064 dicere
3314 5010 3490 5080 possit

2112 5105 2256 5174 Quos
2285 5103 2372 5157 hic
2409 5099 2665 5171 discipuli
2705 5097 2904 5152 Christi
2936 5098 3148 5153 tinxere
3183 5097 3424 5168 lavacro,

2119 5196 2288 5266 Inque
2320 5191 2428 5248 ﬁde
2458 5199 2605 5247 recta
2631 5205 2903 5255 meruere,
2931 5206 2996 5244 ac
3033 5189 3276 5245 culmine
3306 5189 3452 5254 vitm,

2114 5290 2250 5344 Dum
2289 5286 2489 5361 legitur
2519 5293 2740 5338 sanctus
2769 5281 3003 5353 quadam
3035 5282 3136 5336 tria
3167 5281 3339 5334 millia
3374 5280 3573 5335 Petrus

2115 5377 2479 5432 Consecrasse
2509 5373 2620 5440 die,
2664 5372 2898 5444 quadam
2931 5378 3056 5441 post
3085 5369 3261 5423 millia
3288 5369 3564 5440 quinque,

2115 5472 2283 5528 IlIillia
2313 5478 2424 5525 tum
2455 5484 2687 5542 quorum
2718 5466 2878 5522 nobis
2900 5481 3080 5537 neque
3115 5464 3334 5538 cognita
3365 5480 3603 5518 summa.

476 5662 614 5730 (151)
654 5662 790 5716 Vide
821 5662 1047 5717 Eusebii
1075 5661 1366 5717 Historiam
1399 5657 1850 5724 ecclesiasticam,
1882 5655 2009 5711 libri
2043 5673 2090 5710 vi
2123 5671 2243 5726 cap.
2277 5653 2364 5708 11.
