3970 6200
152 270 264 323 509

664 264 747 320 DE
786 265 1146 322 TRIUMPHIS
1190 266 1449 323 CHRISTI
1496 268 1572 323 ΕΤ
1615 269 1710 323 SS.
1754 266 2159 323 PALzES'l‘INA‘I
2199 266 2375 321 LIBRI
2414 264 2600 319 TRES.
2643 293 2705 303 —
2751 261 2875 317 LIB.
2920 260 2988 314 II.
3381 254 3486 312 510

1622 402 1827 458 CAPUT
1881 404 2031 459 XXV.

1398 505 1472 566 σε
1500 506 1790 583 Hesychia
1817 516 1868 567 et
1905 508 2244 583 Philagrio.

153 633 446 703 Presbyter
477 630 802 701 llesychius,
832 632 1034 686 veteris
1062 633 1155 703 qui
1186 634 1414 705 mystica
1441 634 1577 710 legis

151 723 555 791 Sacrorumque
583 720 804 773 umbras
835 720 902 774 ad
944 720 1152 794 fulgida
1182 722 1391 777 lumina
1421 730 1663 795 raptans,

156 814 213 865 In
239 812 427 865 vinum
463 809 798 864 transfundit
820 825 1009 881 aquas,
1042 810 1370 885 ubidignius
1400 830 1632 884 usquam

154 905 217 957 Ni
253 919 360 975 qua
397 902 690 973 praecipuae
731 902 954 976 viguere
984 911 1194 957 remota
1227 911 1459 959 notaret.

152 996 249 1049 llic
282 995 425 1049 inter
455 992 687 1064 pOpulos
718 993 927 1063 sophiae
954 994 1251 1064 splendore
1283 996 1490 1050 nitebat

157 1085 482 1159 Philagrius;
508 1101 771 1139 manuum
800 1101 1053 1156 qurerens
1079 1085 1341 1141 alimenta
1370 1087 1593 1142 labore:

152 1179 331 1247 Atque
361 1176 599 1231 libenter
625 1175 785 1245 inOps
823 1182 897 1245 et;
912 1177 1244 1246 paupertatis
1272 1177 1502 1232 amicus.

154 1269 256 1332 Qui
287 1268 567 1339 quondam
600 1267 824 1322 invento
848 1268 1152 1323 solidorum
1180 1269 1293 1323 dite
1320 1269 1569 1324 crumino

152 1361 344 1414 Restat
374 1365 428 1413 et
457 1365 735 1429 exspectat
757 1375 952 1429 passus
979 1360 1106 1413 dum
1141 1361 1340 1414 damna
1367 1367 1628 1415 recurrat.

154 1457 359 1509 Aurum
386 1452 631 1509 restituit
658 1452 837 1520 flenti,
868 1460 1188 1526 partemque
1216 1454 1461 1525 precanti

148 1546 407 1601 Sumeret
435 1543 685 1605 obnisus,
722 1560 1006 1598 nummum
1042 1544 1110 1599 de
1138 1544 1285 1599 mille
1326 1560 1430 1599 nec
1462 1560 1630 1599 unum

1797 644 1847 711 Α
1875 637 2133 692 Attrectat
2161 636 2446 706 laudisque
2476 634 2635 689 simul
2668 632 2940 705 praeconia
2968 630 3111 685 fasso

1874 725 2115 797 Aufugit,
2139 741 2201 779 ac
2222 725 2425 779 strictis
2448 724 2690 778 cmlestia
2710 722 2975 793 competit
2993 720 3112 774 alis.

1874 814 2124 868 Justinus
2152 814 2325 868 nitido
2360 813 2579 866 radians
2608 812 2901 882 splendore
2924 808 3135 880 sephia)

1876 904 2082 969 Editur,
2112 905 2213 958 hac
2244 904 2416 958 oritur
2451 904 2656 973 Ioseph
2694 901 2917 973 regione
2941 906 3169 970 parente

1876 996 1975 1060 Qui
2006 1004 2193 1051 sancta
2231 998 2411 1051 valide
2443 1014 2540 1067 pro
2573 997 2861 1070 relligione
2894 995 3168 1058 laborans,

1875 1085 2133 1157 Augustis
2164 1084 2353 1148 libros,
2395 1086 2618 1155 pietatis
2649 1086 2859 1139 honore
2889 1084 3110 1153 politos,

1878 1176 2030 1232 Haud
2052 1178 2231 1232 crucis
2257 1179 2478 1232 erubuit
2500 1179 2743 1244 tradens,
2773 1182 3057 1248 spectante
3087 1182 3285 1228 senatu

1877 1270 2264 1341 Opprobrium,
2301 1271 2490 1325 divina
2519 1271 2721 1337 ferens,
2756 1271 2997 1324 humana
3024 1266 3321 1320 refellens:

1875 1363 2114 1430 Iudaeos,
2144 1372 2467 1435 gentesque,
2493 1363 2865 1433 haeresesque,
2896 1368 2950 1415 et
2981 1360 3115 1414 falsa
3148 1356 3493 1426 triumphans

1879 1454 2276 1525 Spectatusque
2295 1454 2472 1523 palam
2495 1453 2677 1507 Jesum
2698 1453 2960 1506 decorare
2990 1448 3311 1522 magistrum

1878 1549 2118 1604 Exsultat
2148 1548 2418 1604 celebrem
2451 1547 2662 1602 Christo
2695 1546 2904 1600 fudisse
2934 1558 3203 1598 cruorem.

1616 1671 1820 1728 CAPUT
1866 1674 2036 1729 XXVI.

1052 1772 1130 1831 De
1158 1773 1356 1834 Maria
1386 1774 1762 1851 illagdalena,
1805 1772 2039 1835 Lazaro
2070 1784 2121 1837 et
2159 1776 2370 1853 Joseph
2397 1774 2586 1835 Justo.

156 1906 418 1963 Pluribus
447 1908 565 1963 haec
593 1908 757 1963 tellus
785 1908 915 1965 hinc
944 1908 1136 1981 priscae
1167 1910 1305 1983 legis
1335 1910 1591 1977 alumnis,

152 2000 285 2055 Inde
322 2014 477 2054 novre
508 1998 711 2065 rutilat,
737 1998 1083 2070 Christiquos
1103 2001 1304 2073 gratias
1330 2002 1520 2056 salvat.

154 2092 262 2144 Hac
288 2104 518 2161 quoque
550 2087 868 2160 Magdalene
894 2090 1125 2162 regione
1151 2090 1318 2145 Maria
1334 2092 1571 2155 renidet,

151 2180 513 2237 Dazmonibus
545 2180 737 2251 pulsis,
769 2181 929 2236 Jesus
954 2199 1063 2253 qua
1092 2183 1353 2237 Flaminis
1382 2184 1510 2239 almi

156 2278 214 2331 Ut
239 2276 525 2330 ferventer
561 2283 707 2330 amet
739 2283 885 2347 patet
926 2293 1049 2332 esse
1081 2294 1359 2348 capacem.

149 2367 318 2435 Cujus
358 2365 431 2419 ita
463 2364 674 2420 Christo
708 2366 912 2436 placuit
941 2366 1163 2421 dilectio
1194 2384 1352 2439 pura,

150 2458 213 2513 Ut
241 2457 455 2532 Stygiis
482 2458 632 2511 illum
664 2459 988 2513 redeuutem
1022 2459 1197 2530 prima
1222 2460 1433 2515 videret
1466 2477 1480 2526 ;

154 2551 212 2604 Et
249 2549 507 2605 claustris
538 2548 719 2616 Erebi,
751 2548 990 2605 violenta
1020 2551 1347 2622 legesoluta,

161 2642 250 2697 llic
299 2658 478 2714 prope
528 2642 845 2696 Bethaniam
897 2643 1017 2710 tibi,
1068 2643 1268 2697 Lazare
1324 2652 1533 2711 sancte,
1586 2642 1775 2714 sepul-

1531 2750 1679 2789 crum

1531 2750 1679 2789 crum

161 2820 307 2875 Unde
348 2828 547 2891 quater
567 2820 712 2876 deuo
743 2827 1033 2893 postquam
1068 2828 1121 2877 te
1150 2821 1265 2878 sole
1297 2735 1552 2891 retentaI,
1691 2778 1704 2803 ’

160 2911 295 2967 Mors
325 2912 570 2984 superis,
596 2913 825 2969 Domino
855 2929 1075 2985 parens,
1093 2914 1408 2970 tremefacta
1437 2916 1666 2973 remisit.

1880 1912 1976 1967 Hic
2006 1914 2203 1969 domus
2223 1913 2453 1969 ecclesia
2482 1921 2563 1967 est
2580 1919 2671 1966 tua
2699 1917 3120 1979 sanctarumque
3146 1922 3417 1962 sororum.

1874 2006 2102 2078 Ioseph,
2127 2007 2220 2078 qui
2248 2007 2451 2072 Justus,
2480 2005 2654 2075 patria
2671 2004 2773 2058 hac
2792 2009 3138 2057 consummat
3164 2015 3417 2072 agonem,

1877 2100 2044 2162 Quem
2071 2098 2267 2152 Christi
2300 2097 2527 2151 comites
2553 2095 2707 2149 Judze
2724 2095 2844 2149 vice
2876 2100 3020 2147 sorte
3052 2092 3349 2165 legendum

1876 2187 2082 2261 Dignus
2107 2185 2668 2257 apostolico'censent
2687 2185 2816 2256 quia
2833 2184 2956 2252 jure
2998 2181 3226 2236 nitebat.

1802 2310 1850 2376 Β
1881 2269 2101 2327 lnteruo
2128 2282 2311 2327 tamen
2343 2273 2571 2328 arbitrio
2591 2289 2711 2327 sors
2736 2271 2929 2347 legerit
2957 2270 3058 2325 etsi

1878 2366 2178 2431 Matthiam,
2207 2364 2451 2420 ofﬁcium
2491 2365 2702 2434 Joseph
2746 2360 3318 2432 nihilominusimplet

1876 2456 2150 2510 Doetrinae
2180 2466 2407 2520 sanctze,
2440 2471 2645 2526 supero
2676 2470 2977 2509 succensus
3007 2468 3215 2507 amore.

1881 2545 2031 2599 Unde
2055 2545 2243 2599 furens
2266 2544 2582 2599 Judazorum
2615 2560 2817 2598 vesana
2847 2550 3064 2598 caterva

1877 2634 2057 2689 Multis
2088 2635 2235 2689 hunc
2258 2634 2428 2707 agitat
2460 2632 2675 2703 probris
2708 2633 3025 2702 ;ferturque
3056 2628 3186 2685 ﬁdei

1881 2732 2100 2787 Potatus
2126 2732 2283 2786 titulo
2307 2732 2381 2784 nil
2412 2731 2569 2785 triste
2593 2730 2782 2785 tulisse
2806 2744 3048 2793 veneno;

1882 2825 2083 2897 Ilioque
2104 2824 2214 2879 Deo
2243 2823 2465 2879 demum
2489 2823 2709 2895 supplet
2739 2822 2994 2878 vincente
3024 2818 3387 2891 triumphum.

979 3117 1483 3207 INCIPIT
1548 3118 1942 3207 LIBER
2007 3118 2691 3209 SECUNDUS

1565 3300 1771 3355 CAPUT
1818 3300 2099 3356 PRIMUM.

1228 3417 1306 3477 De
1335 3418 1607 3479 vindicta
1639 3418 1869 3479 Christi
1897 3420 2007 3480 sub
2049 3420 2421 3498 Vespasiano.

166 3549 396 3604 Plurima
440 3554 704 3619 praeterea
734 3548 968 3621 Solyma:
986 3549 1265 3605 celebrata
1292 3558 1497 3622 trepaea

164 3641 403 3696 Diversis
460 3640 675 3695 nituere
703 3640 900 3695 modis.
939 3641 1074 3696 Hinc
1094 3641 1357 3714 gentibus
1386 3642 1537 3696 olim.

164 3734 412 3804 Depulsis
436 3733 585 3788 vario
613 3733 717 3787 sub
736 3742 1001 3803 tempore,
1038 3741 1093 3789 et
1123 3733 1260 3788 urbe
1283 3736 1529 3803 subacta,

160 3826 363 3881 Iudaeis
396 3825 591 3880 crebro
623 3826 891 3881 bellorum
914 3827 1137 3881 turbine
1170 3827 1351 3895 tectis,

160 3920 440 3976 Justorum
467 3920 680 3974 meritis
711 3921 949 3990 praelatis
989 3922 1231 3977 culmine
1271 3923 1426 3995 regni

163 4014 323 4068 Sacra
352 4015 479 4088 lege
511 4014 627 4079 Dei,
669 4014 829 4068 claris
859 4022 913 4069 et
944 4015 1012 4069 ab
1044 4016 1205 4071 hoste
1236 4016 1437 4087 quietis

163 4104 491 4176 Contemptu
522 4104 763 4171 afﬂictis,
790 4107 993 4177 captis,
1028 4114 1081 4161 et
1102 4106 1170 4161 ab
1212 4108 1370 4163 hoste
1388 4109 1598 4164 necatis

164 4201 521 4272 Extrusisque
542 4201 679 4268 solo,
712 4203 918 4272 templo
959 4204 1223 4274 librisque
1252 4205 1492 4275 perustis
1519 4222 1532 4259 :

168 4288 443 4361 Correptis
474 4290 850 4365 peregrinatu,
876 4292 1160 4363 patriaque
1189 4293 1427 4363 receptis

167 4379 290 4434 Post
321 4382 487 4435 etiam
523 4382 671 4436 varia
701 4381 972 4437 bellorum
1012 4391 1199 4456 strage
1231 4384 1447 4451 levatis,

165 4469 334 4539 Atque
369 4471 666 4525 reservatis
696 4471 874 4526 donec
906 4472 1093 4525 divina
1123 4488 1370 4545 propago

168 4559 486 4617 Emmanuel
513 4564 686 4637 surgit
718 4564 787 4618 de
821 4564 1049 4631 lumine,
1079 4565 1292 4639 virgine
1321 4566 1429 4621 feta

169 4651 222 4703 In
254 4669 419 4722 quem
453 4655 768 4725 praecipites
800 4654 1040 4725 lapidem
1069 4656 1349 4711 offendere
1378 4657 1553 4712 ruinm
1587 4674 1602 4722 ;

163 4744 394 4818 Surgere
418 4763 522 4800 nec
578 4755 891 4817 prOperaut,
924 4749 1141 4803 veniam
1171 4750 1301 4804 dum
1362 4765 1581 4805 sumere
1611 4748 1784 4804 vitant

163 4832 264 4887 Per
294 4833 528 4889 eomites
560 4834 777 4903 Christi,
812 4836 1014 4907 quibus
1046 4838 1280 4913 allegata
1312 4846 1498 4893 reatus

162 4922 367 4990 Cessio,
398 4923 601 4979 dilatus
627 4924 741 4980 fere
764 4926 1132 5000 quadraginta
1166 4945 1264 4999 per
1305 4943 1479 4984 annos

160 5010 422 5066 Vindicta
451 5013 667 5085 gladius
696 5015 873 5069 veniae
904 5024 1217 5085 superesset
1236 5025 1295 5071 ut
1320 5025 1491 5084 actus,

157 5101 217 5153 At
238 5102 437 5170 pietate
469 5104 563 5157 Dei
589 5112 774 5174 spreta
803 5105 950 5160 subit
980 5106 1115 5162 ultio
1146 5107 1351 5181 digna,

163 5192 524 5249 Praecelerant
557 5203 740 5250 tamen
774 5198 1059 5252 exordium
1095 5209 1349 5269 portenta
1378 5200 1644 5267 futurum,

164 5281 546 5356 Prodigiisque
579 5286 722 5340 datis
755 5295 1031 5342 terrentur
1058 5290 1178 5344 luce
1207 5291 1429 5347 minaci.

161 5372 326 5427 Stella
350 5375 601 5445 quidem,
625 5377 847 5432 frameae
861 5379 1076 5445 similis,
1106 5379 1328 5436 fulsisse
1350 5399 1450 5452 per
1470 5397 1673 5435 annum

160 5467 497 5538 Impendens
529 5478 701 5527 totum
724 5474 1005 5526 sceieratua
1036 5474 1265 5529 traditur
1289 5478 1436 5552 urbi,

158 5557 548 5632 Pestiferisque
583 5572 761 5617 truces
795 5564 1029 5617 flammis
1059 5565 1256 5620 arsisse
1288 5574 1537 5622 cometze.

158 5647 409 5722 Dumque
427 5652 511 5706 sui
543 5651 822 5708 celebrare
857 5661 1051 5723 parant
1070 5655 1339 5712 solemnia
1366 5656 1608 5722 Paschae,

1879 3553 2047 3609 Paulo
2080 3559 2206 3624 post
2235 3551 2473 3606 mediam
2507 3551 2693 3606 fanum
2726 3552 2817 3606 lux
2848 3552 3056 3627 fulgida
3084 3562 3303 3608 noctem

1882 3645 2256 3709 Circumdans,
2289 3644 2344 3698 in
2359 3652 2594 3715 utroque
2615 3659 2842 3715 vagans,
2875 3645 3104 3698 horrore
3129 3650 3412 3699 coruscat.

1883 3733 2038 3798 Quod
2069 3734 2235 3788 rebus
2265 3732 2489 3805 quidam
2543 3732 2850 3803 auspicium
2899 3734 3167 3804 replicare
3197 3737 3456 3792 secundis
3484 3754 3497 3790 :

1884 3829 1981 3882 Ast
2009 3827 2126 3894 alii,
2151 3843 2384 3898 quorum
2419 3825 2596 3896 potuit
2626 3841 2783 3879 mens
2810 3825 2998 3879 sanior
3024 3841 3166 3891 esse,

1812 3949 1861 4018 Ο
1887 3916 2127 3971 Infausta
2159 3923 2469 3970 memorant
2495 3916 2766 3970 turbatam
2786 3913 2919 4015 .luee
2948 3913 3215 4018 quietem.

1887 4008 2143 4063 Pluribus
2171 4008 2301 4062 inde
2331 4005 2734 4062 motislethalia
2755 4004 2912 4077 signa
2944 4003 3237 4058 trahebant

1885 4100 1985 4163 Qui
2024 4099 2219 4154 moniti
2252 4107 2503 4154 temnunt
2525 4099 2782 4169 lacrymis
2810 4098 3008 4170 punire
3040 4104 3272 4168 patrata,

1886 4194 1947 4248 Et
1977 4191 2349 4267 dedignantur
2378 4191 2649 4246 scelerum
2681 4190 2887 4246 deﬂere
2919 4190 3117 4262 piacla,

1890 4283 1979 4335 liis
2008 4282 2174 4337 etiam
2206 4281 2361 4336 festis
2382 4282 2605 4337 vitulam
2626 4290 2866 4336 mactare
2897 4280 3163 4335 ministris

1887 4372 2194 4442 Applicitis,
2227 4372 2355 4425 dum
2387 4372 2585 4427 cervici
2628 4372 2839 4427 vibrata
2868 4373 3080 4427 securis

1888 4461 2189 4535 Deﬁgenda
2218 4462 2400 4530 micat,
2444 4462 2681 4532 peperit,
2704 4479 2856 4518 sacra
2881 4462 3141 4533 ponderis
3173 4461 3337 4529 hujus

1892 4554 2179 4608 lmmutata
2208 4553 2646 4608 docensarcanis
2680 4553 2918 4627 legibus,
2952 4568 3169 4626 agnam.

1891 4644 2059 4709 Quem
2090 4651 2265 4699 mater
2296 4660 2538 4699 renuens
2576 4644 2852 4699 balantem
2914 4657 3213 4718 agnoscere
3262 4644 3504 4711 partum,

1890 4738 2050 4814 Legis
2080 4739 2217 4794 dura
2239 4740 2411 4794 sacris
2437 4741 2591 4813 juga,
2625 4738 2851 4793 mitibus
2871 4737 3067 4791 remula
3089 4739 3378 4796 monstrat,

1889 4832 1963 4883 Ae
1990 4832 2236 4885 trucibus
2260 4830 2485 4902 proprio
2517 4831 2712 4903 gladiis
2734 4830 2991 4901 pellenda
3019 4827 3240 4883 sacello.

1892 4922 2123 4977 Interior
2148 4923 2338 4992 templi
2371 4939 2491 4993 quae
2530 4921 2862 4992 respiciebat
2892 4920 3063 4975 Eoum

1880 5016 2055 5071 Janua
2082 5016 2209 5070 dote
2240 5014 2445 5087 gravis,
2477 5014 2653 5069 solido
2680 5021 2941 5084 cooperta
2969 5012 3212 5074 metallo,

1884 5104 2152 5160 Ponderis
2179 5102 2387 5164 eximii,
2417 5102 2503 5157 bis
2542 5102 2702 5157 denis
2732 5110 2879 5157 mota
2900 5101 3164 5157 ministris

1884 5200 2010 5263 Quae
2042 5196 2403 5253 claudebatur
2430 5195 2516 5250 vix
2557 5195 2974 5266 impellentibus
3014 5211 3143 5262 aera,

1797 5292 1859 5362 Ι)
1892 5291 2096 5346 Conatu
2130 5305 2345 5346 summo
2372 5287 2662 5359 patefacta.
2696 5287 2998 5342 recluditur
3028 5288 3192 5351 ultro,

1887 5383 2146 5438 Vectibus
2174 5389 2339 5454 atque
2368 5381 2506 5436 seris
2530 5379 2657 5434 ferri
2683 5380 3101 5450 penetrantibus
3116 5379 3226 5433 alte

1887 5475 2024 5528 Dum
2049 5475 2259 5529 munita
2279 5474 2419 5530 foret
2449 5472 2643 5527 mediae
2674 5472 2776 5526 sub
2809 5478 3056 5541 tempore
3089 5470 3280 5525 noctis.

1886 5567 2133 5640 Postque
2164 5569 2309 5624 diem
2342 5570 2538 5625 festum
2567 5584 2734 5641 parvo
2761 5567 3012 5623 volvente
3045 5568 3267 5621 dierum

1885 5658 2184 5729 Curriculo,
2226 5672 2414 5733 noctu,
2448 5662 2680 5720 necdum
2704 5661 3033 5720 cedentibus
3065 5661 3298 5727 umbris,
