3970 6200
444 339 546 395 511
1208 332 1574 390 FLODOARDI
1617 331 1921 387 CANONlCl
1962 329 2296 387 REMENSIS
2338 328 2670 385 OPUSCULA
2711 324 3019 384 METRICA.
3679 332 3795 387 5η

434 466 538 521 Per
564 466 762 521 cmlum
793 482 986 522 currus
1006 466 1330 538 equitesque
1360 464 1547 519 volare
1574 462 1830 519 videntur
1861 482 1876 529 ;
2068 465 2121 533 Α
2144 460 2405 516 Romanis
2437 460 2713 533 siquidem
2736 459 2928 515 turmis
2948 459 3339 533 quassantibus
3368 460 3569 516 urbem

432 554 683 610 Nubibus
711 561 929 610 armatae
958 571 1078 611 sese
1109 555 1419 609 immiscere
1448 554 1724 619 cohortes,
2156 552 2277 609 Mon
2318 552 2492 628 magis
2516 552 2760 609 exterius
2784 569 2949 625 quam
2987 553 3388 627 grassatoribus
3415 553 3566 609 intus

439 646 760 719 Agminibus
788 646 984 702 subitis
1013 645 1352 701 circumdare
1370 644 1425 699 in
1458 660 1581 700 aere
1604 660 1809 712 muros,
2155 642 2642 709 lnterimebautur,
2671 641 2877 715 quibus
2907 642 3042 697 urbs
3070 641 3294 697 addicta
3312 641 3580 708 labescit;

437 735 597 790 Festo
625 735 787 790 etiam
821 736 967 791 dicto
994 736 1063 791 de
1094 734 1499 808 quinquaginta
1541 734 1741 791 diebus
2151 735 2262 790 Nec
2280 735 2537 790 manibus
2569 735 2743 809 magis
2772 734 3011 790 exterius
3036 726 3200 806 quam
3235 750 3427 806 pressa
3450 750 3712 804 suorum,

436 825 584 881 More
612 827 929 882 sacerdotes
949 828 1111 884 solito
1141 826 1378 901 caligine
1411 825 1588 881 noctis
2151 826 2251 892 Qui
2280 827 2458 883 victus
2476 842 2709 898 usquam
2739 825 2787 882 si
2814 826 2948 898 quid
2978 826 3227 882 residere
3254 834 3535 898 repertum

435 915 858 987 Dum’templum
883 917 1184 984 introeunt,
1209 917 1473 987 strepitus
1494 931 1718 971 sensere
1745 923 2050 984 sonantes;
2154 918 2432 982 Actutum,
2462 914 2683 971 insidiis
2712 922 3011 986 properant
3031 922 3250 987 raptare
3281 915 3366 970 vel
3399 916 3587 971 armis.

440 1009 556 1065 Mox
589 1010 752 1065 etiam
777 1012 961 1068 subito
980 1028 1145 1069 voces
1174 1013 1405 1067 hausere
1428 1012 1711 1083 profantes
2155 1009 2209 1063 Si
2241 1008 2550 1080 quidquam
2581 1006 2778 1079 reliqui
2808 1005 3118 1078 loclupetes
3153 1006 3293 1062 forte
3316 1007 3596 1073 videntur,

442 1099 690 1155 Terribili
723 1102 934 1171 crepitu
966 1120 979 1155 :
1012 1123 1037 1153 α
1065 1102 1362 1176 Migremus
1389 1101 1619 1157 sedibus
1649 1102 1788 1159 istis.
1813 1122 1838 1154 ιο
2162 1097 2400 1152 Crimine
2433 1095 2725 1169 transfugii
2757 1095 3017 1163 conficto,
3051 1102 3227 1152 morte
3259 1104 3610 1167 premuntur,

442 1191 598 1246 Festo
622 1191 867 1261 postalio
894 1191 1098 1247 virides
1116 1192 1362 1248 habitare
1398 1192 1655 1246 tabernas
2162 1183 2535 1256 Increscitque
2568 1184 2769 1239 malum
2802 1184 2967 1239 simul
2992 1201 3056 1240 ac
3084 1184 3370 1240 temeraria
3394 1184 3558 1239 turba

443 1283 573 1338 Cum
608 1282 826 1338 solitum
856 1300 1033 1358 genus
1062 1284 1167 1339 hoc
1218 1284 1524 1351 hominum,
1561 1283 1783 1356 quidam
1817 1301 1946 1342 ecce
1974 1302 2061 1343 re-
2159 1279 2585 1349 Scrutantesque
2616 1276 2830 1342 domos,
2863 1276 3190 1331 abscondita
3219 1275 3363 1331 farra
3389 1282 3722 1347 capessunt,

1798 1376 1989 1449 [pente
2161 1369 2537 1441 Custodesque
2568 1375 2786 1436 necant,
2819 1368 2979 1440 quasi
3012 1368 3259 1440 reperire
3289 1374 3544 1440 negatur.

440 1461 696 1517 Rusticus
730 1462 995 1518 exclamat
1024 1461 1256 1518 turbans
1288 1464 1343 1518 in
1384 1481 1519 1536 pace
1548 1466 1768 1539 quietos
1798 1485 1812 1523 :
2162 1464 2426 1518 lnventos
2454 1469 2639 1517 tamen
2671 1461 2987 1517 excruciant
3024 1461 3184 1533 quasi
3214 1460 3441 1516 condita
3466 1468 3722 1528 senem,

443 1576 462 1604 ι
502 1555 645 1610 Solis
672 1556 738 1609 ab
768 1572 994 1630 egressu
1020 1572 1145 1623 vox,
1178 1573 1280 1612 vox
1320 1574 1351 1612 a
1383 1558 1555 1613 limite
1581 1560 1738 1628 solis,
2163 1556 2543 1628 lndiciumque
2582 1555 2692 1611 cibi
2721 1555 2951 1625 capiunt
2979 1553 3108 1626 quia
3132 1553 3320 1609 vivere
3346 1560 3611 1622 cernunt,

438 1643 547 1699 Vox
570 1661 599 1698 a
621 1644 933 1716 quadritido
964 1653 1251 1700 ventorum
1285 1646 1521 1701 turbinis
1552 1657 1672 1703 ortu
1703 1647 1716 1702 l
2165 1649 2333 1717 Quos,
2363 1647 2626 1703 alimenta
2649 1647 2754 1701 nisi
2780 1653 3049 1719 tegerent,
3083 1646 3315 1717 periisse
3337 1653 3662 1702 retractant.

437 1735 548 1790 Vox
580 1753 747 1807 supra
772 1737 1073 1807 Solymam,
1104 1752 1206 1791 vox
1224 1754 1393 1810 supra
1424 1739 1630 1795 muenia
1652 1742 1843 1814 templi
1876 1760 1890 1807 ;
2164 1742 2281 1798 Jam
2313 1754 2561 1794 marcore
2583 1737 2743 1793 famis
2773 1753 2913 1810 quos
2937 1738 3292 1793 extabescere
3320 1737 3530 1802 visunt,

437 1823 551 1878 Vox
577 1840 742 1895 supra
768 1840 1689 1899 sponsos,sponsasque,superque
1721 1828 2057 1900 popellum.»
2088 1837 2140 1907 Β
2161 1833 2435 1888 Temnuut
2462 1830 2565 1885 hos
2592 1828 2767 1884 nitido
2796 1828 3070 1900 perituros
3095 1845 3229 1884 ense
3261 1828 3449 1885 ferire.

435 1918 575 1973 Ante
605 1935 809 1973 annum
834 1919 967 1975 belli
989 1930 1246 1993 quartum
1274 1921 1368 1993 qui
1398 1930 1561 1977 nocte
1598 1923 1807 1995 dieque
2164 1923 2317 1978 Multi
2348 1921 2578 1977 secretis
2597 1935 2721 1975 sese
2751 1919 3132 1991 penetralibus
3164 1919 3375 1975 addunt

439 2006 678 2062 Sedulus
704 2007 803 2063 has
832 2024 1026 2064 omnes
1043 2016 1293 2083 peragrat
1318 2026 1441 2065 cum
1462 2026 1599 2066 voce
1613 2011 1844 2082 plateas,
2165 2010 2354 2066 Omnis
2378 2026 2501 2066 cum
2530 2009 2753 2081 proprio
2778 2008 3092 2080 superantis
3119 2009 3352 2082 pignore
3383 2008 3589 2065 victus.

443 2097 635 2153 Omnia
656 2100 917 2171 primates
944 2100 1173 2174 indigne
1209 2100 1446 2157 infausta
1467 2100 1708 2157 ferentes
2167 2100 2394 2166 Quidam
2422 2099 2587 2154 etiam
2620 2098 2818 2153 crudas
2844 2097 3089 2173 gaudent
3118 2098 3411 2154 absumere
3442 2098 3640 2173 fruges
3668 2116 3682 2155 :

442 2190 762 2261 Correptum
796 2192 1059 2260 juvenem
1093 2192 1262 2248 multa
1291 2193 1470 2249 vibice
1501 2193 1801 2270 ﬂagellant,
2168 2194 2396 2267 Ignibus
2432 2192 2719 2265 abripiunt
2744 2191 2838 2247 alii
2862 2191 3006 2246 male
3035 2198 3175 2246 tosta
3200 2198 3478 2247 vorantes.

442 2282 538 2336 llle
566 2283 703 2337 nihil
727 2299 827 2354 pro
859 2300 919 2338 se
952 2284 1211 2351 reddens,
1243 2285 1343 2340 bas
1372 2286 1541 2341 edere
1571 2302 1739 2342 voces
2165 2288 2274 2342 Nec
2303 2293 2486 2341 tamen
2514 2286 2632 2340 haec
2667 2283 2769 2340 tuti
2800 2283 2949 2339 bello
2980 2283 3245 2339 interiore
3272 2292 3554 2350 carentes,

441 2372 557 2426 Non
588 2380 808 2441 cessat,
850 2389 1013 2445 quem
1046 2374 1277 2429 Romani
1303 2375 1356 2430 vi
1395 2375 1639 2430 numinis
1668 2382 1848 2430 actum
2165 2380 2349 2434 Mutua
2380 2379 2511 2433 dum
2538 2377 2765 2432 modicae
2796 2374 3022 2431 sibimet
3050 2375 3355 2431 retinacula
3382 2375 3511 2431 vitae

443 2465 762 2535 Cernentes,
794 2468 1059 2543 subigunt
1087 2470 1302 2526 cmrsori
1331 2487 1344 2523 :
1377 2470 1598 2525 attritus
1628 2469 1698 2524 ab
1731 2469 1852 2542 ipso
2170 2469 2353 2541 Usque
2384 2467 2635 2523 adimunt
2665 2464 3123 2539 patribusgeniti,
3150 2465 3469 2538 genitisque
3499 2472 3792 2538 parentes;

443 2556 684 2611 Verbere
711 2557 946 2621 crudeli,
968 2556 1157 2632 ﬂagris
1189 2557 1434 2611 sulcatur
1461 2556 1529 2611 ad
1557 2572 1683 2613 ossa
1713 2575 1728 2623 ;
2172 2563 2403 2616 Arrosus
2442 2558 2627 2613 subito
2658 2558 2871 2629 rapitur
2885 2557 3042 2613 cibus
3064 2571 3161 2613 ore
3192 2563 3447 2628 paterno,

447 2646 556 2702 Nec
577 2647 845 2719 lacrymas
876 2647 1016 2702 fudit
1040 2647 1406 2719 precibusque
1426 2662 1627 2701 serena
1653 2646 1866 2720 rogavit
1898 2663 1913 2712 ;
2171 2652 2443 2709 Mei-sibus
2471 2651 2666 2707 attrita:
2696 2658 2987 2728 gnatorum
3019 2648 3281 2704 dentibus
3306 2664 3469 2705 escae.

447 2735 589 2800 Ουίη
618 2753 781 2791 νοείθε
817 2738 967 2807 ipsas
993 2735 1339 2808 Per-.Slngula
1358 2735 1588 2790 Verbera
1618 2752 1903 2807 Ρνοῐηθηδν
2170 2745 2280 2803 Sed
2312 2761 2493 2817 neque
2534 2743 2827 2815 praedones
2860 2742 2993 2797 istos
3023 2740 3210 2796 edisse
3240 2740 3448 2796 latebat

448 2828 709 2902 Adjungit
741 2845 754 2882 :
783 2852 808 2875 κ
844 2828 930 2882 Vae
967 2827 978 2882 l
1008 2844 1088 2883 vae
1120 2827 1353 2899 Solyma:
1377 2826 1388 2881 l
1415 2852 1437 2874 »
1459 2829 1725 2904 plangore
1756 2828 1995 2885 misello.
2172 2834 2383 2890 Indicio
2416 2840 2659 2904 sumpto,
2690 2847 2817 2887 mox
2848 2830 2990 2887 ostia
3020 2829 3207 2885 clausa
3244 2829 3525 2897 videntes,

452 2919 603 2973 llunc
642 2918 844 2974 virtute
864 2934 964 2973 sua
993 2918 1218 2973 mittens
1246 2935 1461 2987 curare,
1494 2918 1766 2976 furentem
2171 2926 2597 2998 Praecipitesque
2646 2933 2833 2992 ruunt,
2891 2929 3260 2996 revocantque
3290 2939 3323 2977 a
3358 2921 3622 2980 faucibus
3648 2938 3802 2979 escas

449 3009 602 3064 [licet
633 3009 944 3081 insequitur
974 3010 1165 3082 plebes
1192 3011 1460 3066 scelerata
1489 3011 1744 3067 furendo.
2170 3015 2608 3086 Verberibusque
2640 3029 2804 3069 senes
2834 3013 3121 3088 subigunt,
3143 3020 3464 3083 matresque
3490 3013 3801 3083 prehensas

446 3099 703 3172 Appliciti
732 3102 901 3156 sacris
929 3102 1153 3174 capiunt
1182 3119 1308 3157 nam
1331 3102 1535 3159 famina
1565 3103 1722 3159 libris
2115 3169 2148 3175 _
2170 3109 2335 3165 Passo
2364 3107 2516 3164 crine
2546 3106 2790 3173 trahunt,
2815 3105 3089 3161 haerentes
3116 3103 3276 3175 panis
3301 3102 3484 3159 ofellze
3516 3120 3533 3158 :

450 3169 634 3247 ortum
665 3199 831 3267 gente
860 3169 1110 3261 sua,_rex
1141 3194 1235 3266 qui
1265 3194 1501 3266 imperet
1526 3195 1648 3252 orbi
1682 3212 1698 3261 ;
2098 3169 2151 3238 C
2172 3200 2392 3257 Elidunt
2425 3213 2627 3271 pueros
2656 3169 2792 3253 nulli
2832 3169 3130 3253 miseratio-
3152 3195 3345 3251 fertur.

452 3284 607 3348 Quod
636 3285 766 3339 dum
799 3285 1112 3357 despiciunt
1148 3296 1473 3343 concessum
1504 3289 1732 3344 credere
1761 3287 1997 3357 Christo,
2171 3290 2319 3356 Quos
2345 3304 2476 3344 vero
2514 3286 2891 3358 absumpsisse
2920 3285 3075 3341 cibos
3092 3284 3395 3340 sentiscere
3423 3283 3665 3356 quibant

452 3376 635 3448 Sequo
663 3377 855 3453 legunt
882 3377 1001 3433 ﬁeri
1034 3385 1287 3435 auctores
1310 3388 1417 3436 tam
1444 3382 1712 3458 regminis
1741 3382 1859 3450 alti,
2171 3387 2279 3442 Hos
2299 3394 2490 3442 contra
2518 3384 2755 3440 truciore
2792 3382 2881 3438 via
2907 3382 3099 3437 saevire
3126 3380 3365 3451 juvabat
3395 3397 3408 3434 :

452 3468 606 3524 Unde
634 3470 973 3527 vocabantur
1001 3488 1183 3528 veram
1211 3476 1608 3545 comprendere
1638 3477 1827 3544 vitam,
2165 3480 2409 3551 Namque
2440 3475 2782 3533 verecundas
2820 3474 3257 3530 obturantobice
3285 3482 3493 3546 portas,

453 3559 574 3613 lrde
606 3566 774 3615 ruunt
812 3560 1109 3636 dignaque
1138 3570 1334 3633 petunt
1361 3564 1592 3637 vestigia
1618 3566 1830 3622 mortis.
2172 3568 2542 3638 Secessusque
2568 3565 2673 3620 alvi
2703 3563 2940 3619 sudibus
2969 3563 3322 3618 terebrantur
3351 3563 3550 3629 acutis,

451 3652 526 3703 Ac
548 3648 804 3705 dominos
830 3659 1021 3706 contra
1048 3667 1281 3723 quorum
1311 3653 1619 3708 munimine
1646 3656 1747 3709 tuti
2170 3657 2237 3712 Ut
2267 3672 2465 3727 panem
2486 3654 2707 3710 miseris
2728 3661 2983 3725 promant
3012 3652 3373 3725 ciathumque
3401 3651 3624 3707 farinae.

450 3737 581 3792 Esse
608 3737 941 3795 videbantur
968 3740 1125 3795 furiis
1155 3750 1428 3814 coguntur
1452 3742 1508 3797 in
1539 3756 1723 3810 enses,
2172 3747 2501 3819 Dispereunt
2536 3745 2704 3812 cives,
2736 3750 2999 3815 superant
3027 3741 3387 3813 pradonibus
3419 3755 3567 3797 escae
3594 3757 3611 3806 ;

456 3832 516 3886 Et
563 3832 657 3904 qui
712 3833 990 3891 caelestem
1043 3835 1336 3892 Dominum
1370 3836 1729 3912 impugnasse
1769 3838 2074 3909 probantur
2173 3836 2541 3908 Esuriensque
2571 3834 2740 3889 miser
2774 3839 2959 3888 saturo
2984 3837 3193 3887 tortore
3214 3836 3447 3885 necatus
3478 3845 3493 3883 :

452 3925 782 4001 Terrigenas
807 3928 1063 3985 dominos
1093 3929 1258 3984 simul
1282 3946 1600 4004 expugnare
1630 3931 1900 3988 laborant.
2174 3930 2241 3985 Et
2266 3928 2464 3984 merito
2494 3926 2661 3999 positi
2686 3940 2902 3981 summo
2925 3923 2983 3979 in
3022 3921 3348 3978 discrimine
3371 3919 3507 3976 lethi

454 4013 609 4070 Unde
638 4016 817 4072 modis
846 4017 1027 4085 variis,
1060 4017 1314 4090 coeloque
1337 4019 1568 4091 soloque
1591 4028 1874 4091 petuntur,
2174 4020 2438 4075 Latrones
2460 4018 2696 4073 tolerant
2715 4015 2811 4088 qui
2839 4015 3098 4089 delegere
3126 4013 3395 4069 latronem
3427 4011 3596 4083 (152).

456 4104 560 4159 Sed
591 4105 765 4179 signis
786 4106 941 4178 prius
971 4106 1214 4162 ostensis
1243 4107 1370 4179 quis
1391 4123 1556 4163 saxea
1584 4117 1816 4179 possent
2172 4108 2432 4179 Ereptant
2459 4105 2627 4177 aliqui
2660 4104 2906 4171 frutices,
2925 4102 3238 4174 herbasque
3261 4100 3505 4175 legendo

459 4197 714 4268 Deposito
747 4198 971 4254 tandem
1002 4199 1326 4256 mollescere
1356 4200 1525 4256 corda
1554 4201 1735 4273 rigore
1771 4220 1784 4257 :
2171 4201 2475 4257 Occurrunt
2502 4198 2660 4271 queis
2693 4196 2921 4253 hostiles
2951 4194 3157 4269 fugisse
3188 4199 3415 4249 catenas

457 4288 653 4343 Durior
689 4298 743 4344 at
762 4289 907 4345 saxis
932 4306 1168 4363 propere
1191 4292 1460 4348 tradenda
1488 4293 1773 4364 supremis
2173 4290 2484 4364 Contigerat
2514 4307 2529 4355 ;
2559 4288 2805 4344 fomenta
2833 4302 3000 4341 manu
3032 4285 3266 4341 collecta
3298 4281 3599 4349 revellunt,

458 4380 769 4436 lncorrecta
798 4382 961 4438 molis
986 4384 1228 4439 dirorum
1254 4401 1413 4440 mens
1442 4384 1556 4439 fera
1585 4385 1805 4441 mansit.
2173 4381 2254 4436 Nil
2286 4380 2521 4449 adiurati
2547 4378 2784 4435 reddunt
2813 4393 2912 4450 pro
2944 4391 3175 4431 munere
3205 4388 3427 4430 summo
3455 4391 3470 4428 :

458 4470 652 4528 Christi
683 4480 865 4529 autem
895 4474 1084 4530 famuli
1107 4476 1342 4548 Solymae
1360 4477 1455 4549 qui
1487 4483 1706 4549 tempus
1733 4477 1788 4532 in
1821 4477 2002 4549 ipsum
2092 4520 2151 4549 ῃ
2176 4470 2235 4525 Id
2265 4476 2523 4541 reputant
2561 4468 2797 4524 miseros
2826 4468 3055 4538 impune
3084 4474 3144 4520 ut
3183 4478 3415 4538 pergere
3445 4462 3692 4527 mittant,

465 4520 652 4528 ----__--
684 4520 865 4529 πη...
895 4520 1084 4530 ..........
1107 4520 1198 4531 ην.
1242 4520 1342 4531 ...ιν
1403 4520 1455 4532 ...
1490 4520 1597 4532 ηρ...
1645 4520 1706 4534 υ...
1821 4520 1836 4532 .
1882 4520 2002 4533 να...
2176 4520 2235 4525 --
2265 4520 2357 4541 -νγ
2375 4520 2521 4525 -ν---ν
2827 4520 2859 4522 ν
2906 4520 2920 4538 .
2958 4520 2961 4521 ν
3038 4520 3048 4522 τ
3183 4520 3197 4535 ι
3282 4520 3316 4538 υ

460 4561 831 4619 Restituerant
859 4564 1076 4626 moniti,
1110 4580 1142 4619 a
1169 4520 1400 4621 Dbmin;
1432 4520 1694 4636 responsa
1720 4520 2006 4639 recelptant
2092 4520 2152 4590 D
2175 4559 2350 4630 Inque
2380 4557 2597 4630 fugane
2628 4555 2765 4612 forte
2797 4556 2949 4611 locus
2973 4561 3143 4626 queat
3161 4567 3283 4608 esse
3310 4550 3530 4619 531053.

461 4653 678 4727 Egressi
710 4670 837 4711 mox
875 4655 1014 4711 urbe
1040 4670 1155 4720 rea,
1175 4656 1436 4711 Jordanis
1461 4662 1515 4710 et,
1530 4655 1694 4711 undis
2175 4647 2471 4706 lnveniunt
2500 4647 2686 4702 hostes
2716 4659 2971 4699 nummos
3000 4643 3104 4698 sub
3137 4641 3383 4717 tegmine
3408 4640 3683 4712 quosdam

456 4745 833 4814 Transmissis,
856 4752 1034 4803 castro
1059 4747 1325 4803 secedunt
1347 4748 1495 4802 Pella
1516 4754 1725 4804 vocato.
2174 4740 2493 4811 Deportare,
2510 4738 2722 4810 aliquot
2750 4751 2940 4792 aurum
2970 4734 3203 4809 glutisse
3232 4732 3595 4804 prehendunt

456 4838 680 4894 Eductis
702 4855 847 4896 saevo
873 4840 1066 4897 mortis
1091 4840 1410 4896 discrimine
1440 4839 1671 4907 sanctis,
2174 4831 2513 4888 Obtruncant
2531 4830 2696 4903 igitur
2723 4842 3045 4902 progressos
3071 4824 3352 4882 mcenibus
3389 4838 3594 4879 omnes

459 4927 712 5000 Undique
739 4929 912 4985 multa
940 4934 1199 5002 premunt
1225 4929 1550 4985 sceleratam
1603 4926 1857 4984 cladibus
1881 4928 2074 4985 urbem
2175 4925 2422 4980 Parcitur
2450 4923 2596 4979 haud
2622 4921 2741 4992 ulli,
2773 4920 2985 4977 loculus
3016 4919 3149 4975 dum
3170 4918 3416 4976 creditur
3441 4918 3587 4974 auri.

461 5022 614 5095 Igne,
655 5018 819 5091 fame,
849 5021 1056 5097 gladio,
1090 5020 1415 5088 latronibus,
1446 5019 1743 5091 obsidione
1772 5039 1789 5075 :
1994 5064 2014 5083 ,
2247 5020 2339 5074 Ast
2363 5018 2459 5073 ubi
2492 5015 2738 5091 perfugis
2766 5014 3097 5085 restat‘jspes
3123 5012 3275 5069 nulla
3298 5011 3516 5075 salutis,

460 5110 656 5166 Omnia
675 5111 787 5182 jam
817 5114 976 5183 cujus
1008 5113 1216 5186 pariter
1236 5113 1480 5186 peritura
1518 5112 1778 5169 videntur
2178 5112 2322 5166 Intra
2345 5118 2504 5181 septa
2531 5107 2706 5162 fames
2735 5119 3063 5161 excrescens
3082 5109 3284 5159 cuncta
3303 5101 3554 5169 tenebat,

460 5200 672 5271 Inclyta
694 5218 818 5257 cum
846 5204 1050 5275 templo
1068 5202 1219 5276 quod
1248 5213 1306 5260 et
1342 5202 1652 5259 exsecratio
1679 5200 1827 5259 freda
2176 5200 2403 5256 Omnem
2430 5198 2722 5254 devastans
2751 5192 3230 5261 urbem,viventia
3260 5200 3542 5256 sternens,

460 5288 760 5353 Polluerat,
790 5291 961 5347 sacris
988 5293 1119 5348 olim
1152 5292 1415 5363 praedicta
1445 5290 1748 5361 prophetis.
2176 5290 2315 5345 Fusa
2338 5288 2526 5357 jacent
2556 5284 2683 5340 imis
2706 5282 3084 5355 penetralibus
3125 5280 3313 5336 abdita
3340 5280 3600 5335 claustris

460 5374 647 5431 Patres
674 5392 799 5431 cum
829 5378 1268 5452 genitis,uxores
1295 5393 1534 5450 cumque
1551 5377 1763 5432 maritis
2181 5380 2422 5438 Feminei
2452 5394 2615 5434 sexus
2640 5376 2805 5432 simul
2838 5383 2892 5431 et
2923 5374 3157 5446 puerilia
3174 5371 3445 5440 membra,

459 5467 929 5537 Dispereuntsine
960 5469 1090 5537 fine,
1123 5471 1250 5525 mali
1282 5468 1542 5526 discretio
1571 5469 1741 5535 nulla,
2182 5475 2242 5529 In
2264 5469 2570 5540 mediisque
2600 5466 2744 5521 fame
2768 5464 3048 5520 seniorum
3080 5458 3586 5532 absumptaplateis
3618 5476 3631 5512 :

462 5557 650 5613 Parvis
679 5575 743 5614 ac
772 5558 1021 5628 senibus,
1052 5561 1239 5631 pueris
1266 5558 1543 5616 miseratio
1561 5559 1734 5625 nulla,
2181 5569 2245 5621 Αι
2263 5565 2500 5634 juvenes
2521 5558 2814 5630 omnisque
2838 5557 3012 5612 virum
3045 5554 3327 5611 robustior
3354 5558 3490 5607 83188

467 5651 627 5706 Nulla
655 5654 932 5707 senectuti
965 5673 979 5709 :
1010 5672 1299 5712 numerum
1330 5660 1686 5726 superaverat
1708 5667 1889 5709 orcus.
2186 5655 2249 5711 Ul
2278 5651 2573 5708 simulacra
2589 5648 2689 5706 viis
2720 5645 2991 5720 pallentes
3018 5643 3277 5701 omnibus
3301 5648 3490 5698 errant
3522 5657 3535 5693 :

548 5795 689 5864 (152)
718 5797 1019 5854 Barabbam
1039 5800 1273 5868 scilicet,
