3970 6200
196 244 305 299 513

199 384 262 438 Et
291 396 627 454 quocunque
653 379 759 434 loci
790 395 1037 452 gressum
1070 378 1175 432 sibi
1216 378 1389 449 pestis
1416 378 1622 433 ademit

202 470 364 525 Clade
399 474 582 533 ruunt,
613 482 844 537 quorum
878 466 1116 537 sepelire
1149 466 1418 521 cadavera
1458 466 1685 521 morbus

201 562 277 613 Ac
338 574 599 613 numerus
656 555 977 626 prohibent.
1020 554 1249 619 Quidam
1312 571 1480 625 super
1535 562 1689 609 antra
1735 572 1829 610 se-

1562 647 1757 720 [pulcri

208 746 475 801 Emittunt
503 745 735 811 animas,
767 742 907 797 alios
937 740 1176 812 sepelire
1199 747 1471 811 parantes.

206 842 496 912 Exspirant
530 841 620 895 alii
652 838 816 894 fantis
850 838 936 909 [f.,
981 834 1179 907 fantes[
1211 836 1341 889 dum
1372 834 1565 890 funera
1600 835 1830 902 ducunt,

209 929 320 983 Nec
342 928 565 983 tumulis
586 926 722 982 alios
749 927 902 991 dant,
928 925 1397 992 nectumulantur
1422 924 1489 978 ab
1521 924 1653 979 ullo.

208 1022 321 1076 Nec
351 1022 419 1076 de
451 1028 624 1075 morte
653 1026 812 1075 sonat
838 1018 1109 1089 planctus,
1143 1033 1267 1071 nam
1301 1017 1544 1072 vindicat
1565 1032 1729 1071 omne

209 1113 308 1167 Jus
336 1110 442 1165 sibi
474 1108 775 1181 pernicies:
806 1109 982 1163 oculis
1008 1123 1230 1180 quoque
1263 1107 1503 1178 dempsit
1528 1107 1831 1162 humorem.

212 1203 588 1258 Subdiderant
612 1200 806 1256 urbem
835 1201 946 1269 jam
988 1207 1139 1255 vasta
1178 1200 1398 1254 silentia
1426 1206 1614 1265 totam,

214 1294 392 1363 Atque
419 1290 521 1346 loci
552 1290 746 1344 faciem
781 1290 975 1343 mortis
1006 1294 1325 1343 contexerat
1355 1288 1547 1342 umbra
1573 1306 1587 1353 ;

216 1380 346 1434 Sola
376 1379 523 1451 viget
552 1378 773 1452 gravior
796 1377 976 1448 pcenis
1006 1392 1205 1429 manus
1236 1376 1498 1431 omnibus
1520 1376 1636 1430 istis

118 1472 125 1475 Α
220 1470 571 1533 Praedonum,
605 1476 728 1540 post
759 1476 955 1523 cuncta
988 1467 1153 1522 etiam
1184 1468 1422 1538 spoliare
1451 1466 1700 1537 sepulcra

221 1563 323 1627 Qui
358 1562 563 1615 licitum
589 1561 818 1626 ducunt,
854 1559 1163 1633 gladiisque
1195 1559 1459 1613 cadavera
1482 1564 1773 1623 truncant;

222 1652 509 1723 Spirantes
541 1650 838 1721 perimunt,
860 1650 1141 1720 «solosque
1171 1648 1333 1703 ferire
1365 1659 1641 1711 recusant,

222 1740 548 1795 Semineces
582 1737 749 1793 tensis
789 1738 1113 1809 periniqnos
1155 1753 1384 1808 poscere
1418 1737 1643 1804 dextris,

224 1829 601 1900 Optantcsque
624 1827 813 1880 vident
838 1842 1097 1896 supremo
1120 1825 1307 1880 fenore
1329 1825 1551 1879 ferrum.

225 1924 480 1979 Fetorem
510 1939 632 1976 cum
652 1921 763 1989 jam
788 1928 1073 1991 nequeunt
1102 1920 1337 1975 tolerare
1350 1992 1355 1995 μ
1370 1920 1650 1994 nigrorum
1671 1917 1841 1991 (153),

225 2013 517 2069 Communi
545 2010 805 2065 mandant
831 2016 986 2064 terra}
1014 2010 1145 2064 dare
1181 2001 1411 2080 corpora
1442 2015 1664 2079 sumptu

224 2107 371 2176 (15$)
396 2104 627 2158 Vincere
658 2119 781 2157 mox
812 2102 987 2175 surgit
1012 2102 1345 2157 morientum
1371 2100 1530 2170 copia
1548 2107 1845 2171 sumptum.

231 2202 473 2271 Corpora
501 2198 844 2269 praecipitant
874 2197 1069 2264 muris,
1100 2196 1225 2251 valli
1258 2203 1411 2251 antra
1443 2196 1742 2267 replentur.

304 2291 639 2346 Circumiens
667 2290 836 2356 Titus,
871 2304 1214 2360 cernensque
1240 2287 1504 2342 cadavere
1537 2286 1761 2342 ductum

227 2384 474 2439 Circuitu
502 2382 712 2454 appleri
741 2382 970 2447 fossum,
1006 2380 1241 2451 tabeque
1273 2379 1437 2453 rigari

226 2473 476 2527 Humano
507 2478 729 2537 terram,
766 2470 1000 2542 gemitus
1020 2486 1144 2523 cum
1176 2484 1308 2523 voce
1337 2467 1571 2523 tetendit

225 2564 309 2619 Ad
337 2564 536 2620 coelum
563 2562 793 2635 palmas,
828 2569 1019 2616 testem
1042 2570 1199 2616 vocat
1225 2568 1367 2615 astra
1396 2568 1672 2634 regentem
1696 2577 1710 2625 ;

224 2657 345 2712 Non
370 2672 509 2728 Opus
534 2673 659 2711 esse
682 2671 866 2723 suum,
898 2655 1067 2709 multa
1096 2670 1207 2709 non
1234 2653 1464 2709 crimine
1494 2652 1547 2706 in
1572 2652 1709 2708 istis.

229 2748 426 2802 Omnia
457 2746 642 2802 feralis
673 2746 854 2801 rabies
882 2744 1154 2799 suadebat
1190 2744 1244 2797 in
1287 2760 1465 2798 escam
1491 2760 1503 2797 :

228 2838 358 2892 Hazc
377 2837 541 2892 etiam
569 2853 802 2908 quorum
833 2836 1021 2889 multis
1049 2834 1382 2889 animalibus
1415 2850 1571 2889 esum

231 2932 507 2987 Vescendi
539 2947 827 2987 removens
858 2930 1076 2985 libitum
1108 2937 1302 2984 natura
1333 2929 1572 3003 negavit,

234 3026 497 3081 Mandere
527 3041 643 3093 eos,
668 3042 854 3081 mores
882 3040 1168 3096 superans,
1201 3023 1420 3079 fortuna
1446 3038 1585 3096 coeg

230 3116 343 3172 Nec
368 3116 501 3171 loris
533 3116 773 3181 tandem,
810 3115 1029 3188 cinglis,
1061 3114 1144 3168 vel
1187 3113 1575 3167 calceamentis

227 3214 560 3269 Abstinuere
584 3231 597 3279 ;
630 3213 778 3268 fores
804 3210 1063 3283 equidem
1094 3209 1369 3265 velamine
1393 3208 1604 3263 nudant
1630 3251 1643 3275 ,

236 3308 503 3363 Dentibus
531 3308 585 3361 hi
618 3307 883 3383 subigunt
908 3304 1021 3361 feni
1060 3310 1359 3361 stramenta
1389 3303 1617 3369 vetusti;

238 3400 342 3456 Ore
372 3407 556 3455 terunt
581 3399 803 3471 quidam
845 3399 1001 3454 vacui
1028 3396 1315 3452 molimine
1339 3395 1576 3459 ventris;

240 3489 477 3545 Sordida
508 3488 822 3560 quisquiliis
853 3490 1017 3543 etiam
1048 3488 1400 3563 spurgamina
1434 3486 1700 3542 vendunt.

239 3584 493 3651 Insuper,
524 3580 856 3635 horrendum
889 3579 1074 3636 dictu!
1110 3579 1460 3653 reprobabile
1491 3580 1724 3647 cunctis,

241 3670 552 3741 Admissum
586 3669 799 3726 facinus
829 3670 1015 3737 caedis,
1049 3670 1407 3742 colubrisque
1439 3668 1700 3741 ferisque,
1746 3676 1749 3677 ⁷

710 240 792 294 DE
830 238 1201 293 TRIUMPHIS
1252 238 1512 294 CHRISTI
1554 238 1631 293 ET
1673 238 1767 295 SS.
1811 236 2212 293 PALESTINAE
2252 237 2427 292 LIBRI
2466 235 2649 291 TRES.
2686 267 2753 274 —
2796 236 2921 290 LIB.
2968 236 3030 290 II.
3440 237 3545 291 514

1853 384 1904 451 Α
1931 378 2152 432 Iniamis
2174 376 2379 431 mulier
2412 383 2599 448 partus
2638 382 2697 430 ut
2726 374 2973 429 membra
3003 374 3225 440 vorarit,

1928 466 2147 521 Viscera
2169 465 2476 519 visceribus
2499 464 2735 535 propriis
2753 470 2806 517 et
2838 464 3057 534 propria
3089 463 3337 517 condens

2002 555 2094 608 His
2120 554 2301 609 attrita
2326 554 2481 607 malis
2504 553 2723 606 tandem
2752 551 2965 621 capitur
2988 552 3254 605 scelerata
3275 591 3288 605 .

1932 646 2090 713 Urbs,
2125 646 2471 717 ﬂammisque
2497 646 2655 699 datur
2675 644 2853 715 poenis
2877 643 3165 699 ultricibus
3195 650 3331 698 acta.

1934 742 2147 814 Quique
2177 741 2471 797 salutarem
2504 740 2794 796 Dominum
2824 741 3028 794 violare
3060 746 3285 794 cruenta

1936 830 2341 901 Praesumpsere
2367 846 2551 895 manu,
2579 829 2798 882 Paschze
2816 828 2945 882 dum
2975 831 3112 881 testa
3140 834 3410 897 teruntur,

1938 917 2163 973 Carcere
2196 935 2296 973 ceu
2320 919 2563 991 quodam
2595 917 2780 971 ultrici
2801 917 3002 971 virtute
3028 915 3226 984 coacti,

1940 1014 2130 1089 Regno
2157 1015 2329 1079 omni,
2372 1020 2608 1084 pereunt
2630 1012 2850 1066 Paschae
2882 1012 3010 1066 dum
3043 1011 3179 1065 festa
3211 1010 3483 1066 coluntur.

1936 1106 2141 1160 Tricies
2182 1106 2398 1161 illorum
2436 1104 2732 1176 perhibent
2772 1112 3005 1157 centena
3036 1102 3205 1156 fuisse

1940 1199 2125 1266 Millia,
2158 1215 2388 1270 quorum
2421 1197 2717 1267 absumpta
2750 1197 2892 1249 fame
2920 1196 3215 1267 gladioque
3238 1194 3453 1249 furenlo

1940 1290 2214 1345 Undecies
2247 1299 2467 1345 centum
2502 1289 2829 1343 miscrorum
2862 1287 3031 1340 millia
3064 1287 3305 1340 tradunt.

1945 1382 2078 1438 lliuc
2105 1391 2448 1456 grassatores
2479 1380 2688 1435 alterna
2716 1380 2865 1434 caede
2895 1388 3181 1434 necantur.

1944 1476 2113 1530 Electi
2133 1476 2368 1543 juvenes
2397 1493 2617 1531 currum
2650 1474 2853 1545 stipare
2875 1471 3139 1541 triumphi

1950 1564 2234 1618 Ducuntur
2255 1564 2421 1634 patris
2453 1572 2507 1619 et
2533 1563 2724 1638 geniti.
2776 1562 2869 1633 qui
2907 1561 3125 1615 vindice
3157 1559 3317 1615 ccelo.

1950 1651 2247 1723 Tempores
2287 1653 2459 1706 Patris
2491 1660 2544 1707 ct
2576 1651 2753 1706 (leniti
2785 1661 3023 1704 stravere
3048 1648 3330 1719 profanos.

1953 1743 2062 1797 Nec
2076 1743 2347 1812 reperitur
2368 1742 2433 1795 ad
2470 1742 2520 1795 id
2557 1750 2771 1811 tempus
2793 1741 2961 1795 decus
2991 1754 3163 1810 usque
3194 1738 3457 1808 triumphi

1944 1836 2155 1901 Nobile,
2192 1845 2304 1889 tum
2329 1844 2484 1905 pater
2513 1841 2565 1888 et
2594 1842 2791 1906 gnatus
2822 1832 2981 1887 simul
3015 1832 3151 1886 urbe
3184 1832 3390 1901 recepti

1945 1927 2082 1980 Sunt
2105 1942 2326 1997 unoque
2359 1924 2746 1995 triumphantis
2775 1924 3081 1997 gestamine
3109 1939 3322 1988 currus,

1946 2016 2139 2071 Chrisii
2168 2023 2226 2070 ut
2255 2016 2511 2071 vindich
2543 2016 2713 2069 decus
2744 2015 2846 2069 hoc
2876 2021 3101 2069 ornetur
3128 2015 3357 2070 honore.

1950 2105 2147 2173 Judaei,
2183 2105 2346 2161 variis
2379 2114 2490 2159 tum
2531 2104 2939 2159 conditionibus
2969 2104 3097 2170 acti,

1953 2195 2277 2249 Subduntur
2304 2212 2316 2249 :
2352 2194 2549 2266 reliqui
2578 2194 2732 2249 multi
2756 2194 2958 2248 servire
2981 2192 3216 2247 metallis

1954 2287 2192 2353 Addicti,
2214 2287 2389 2341 rictus
2429 2286 2519 2341 alii
2551 2293 2795 2341 saturare
2828 2284 3087 2349 ferarum,

1954 2377 2213 2433 Nonnulli
2241 2378 2603 2451 gladiatorum
2634 2393 2893 2432 mucrone
2927 2378 3105 2447 perire
3134 2394 3147 2429 :

1955 2470 2284 2523 Venduntur
2311 2470 2519 2541 plures,
2554 2468 2708 2539 pueri
2752 2468 3161 2539 imberbesque,
3192 2466 3277 2521 vel
3307 2481 3504 2521 omnes

1958 2565 2190 2621 Octavus
2230 2566 2478 2621 decimus
2508 2580 2646 2636 quos
2674 2580 2784 2619 non
2818 2571 3109 2635 exceperat
3126 2579 3324 2619 annus.

1958 2658 2311 2728 Diversisque
2335 2656 2560 2731 relegati
2580 2655 2899 2728 regionibus
2928 2656 3075 2709 orbis

1959 2752 2220 2808 Omnibvs
2247 2752 2548 2807 ostendunt
2580 2751 2799 2822 populis
2830 2766 2993 2821 quam
3026 2765 3223 2824 magne
3247 2748 3410 2820 piacli

1959 2845 2213 2901 Pondera
2241 2844 2506 2915 patrarint
2529 2843 2730 2914 pariter
2756 2842 3053 2897 meruisset
3084 2850 3143 2896 ut
3171 2841 3353 2896 omnis

1962 2933 2247 3008 Exstingui
2274 2933 2535 3004 populus,
2561 2950 2696 3007 gens
2728 2941 2781 2987 et
2804 2940 2911 2987 tam
2936 2948 3131 3005 magna
3161 2931 3378 3002 perire;

1963 3022 2228 3093 Reliquiae
2259 3023 2446 3089 vendi,
2488 3022 2679 3077 mundi
2716 3037 2814 3091 per
2847 3021 3065 3075 climata
3092 3018 3300 3093 spargi.

1959 3118 2221 3192 Angelico
2255 3118 2495 3189 denique
2528 3133 2722 3173 carens
2744 3116 3010 3171 tutamine
3044 3114 3310 3185 templum

1963 3210 2243 3275 Polluitur,
2278 3210 2540 3281 quatitur,
2569 3216 2808 3264 vastatur
2838 3216 2893 3263 et
2925 3209 3048 3281 igne
3072 3213 3368 3261 crematur.

1962 3296 2155 3353 Sermo
2188 3298 2279 3352 Dei
2307 3315 2475 3369 super
2515 3299 2618 3355 hoc
2640 3298 2816 3353 dictus
2847 3296 3154 3366 completur
3183 3303 3238 3348 et
3260 3292 3443 3347 omnis

1964 3391 2157 3446 Divino
2180 3392 2445 3446 Dominus
2464 3393 2624 3447 Jcsus
2655 3409 2820 3464 quem
2851 3391 3053 3446 famine
3093 3388 3381 3460 prompsit.

1969 3482 2104 3537 Dum
2133 3482 2361 3536 sceleris
2383 3483 2581 3538 merito
2614 3484 2911 3553 perituram
2939 3482 3223 3554 plangeret
3251 3478 3445 3533 urbem
3470 3495 3482 3531 :

1971 3574 2217 3629 Ecclesia
2247 3574 2449 3630 Christi
2483 3575 2627 3630 clare
2652 3576 2931 3642 rutilante,
2976 3574 3214 3630 tenebrae

1969 3669 2255 3724 Tolluntur
2276 3668 2579 3739 templique
2608 3676 2765 3725 vetus
2794 3670 3093 3740 depellitur
3112 3666 3323 3723 umbra.

1758 3788 1965 3845 CAPUT
2006 3791 2073 3845 II.

1358 3888 1435 3948 De
1476 3894 1923 3952 restauratione
1968 3894 2175 3970 templi
2216 3900 2469 3953 cassam.

236 3994 451 4070 Defuga
491 3993 637 4066 quod
665 3993 862 4049 Christi
893 3993 1144 4049 Julianus
1177 4001 1429 4066 apostata
1459 3996 1692 4066 priscam

242 4091 478 4146 Restitui
514 4089 793 4162 indigenis
817 4090 983 4165 longo
1016 4098 1137 4161 post
1164 4098 1412 4161 tempore
1438 4093 1662 4147 mandat

252 4182 310 4233 In
344 4179 613 4250 speciem,
645 4180 806 4234 solito
834 4180 1040 4234 Iudaeis
1067 4196 1218 4235 more
1249 4180 1565 4236 colendum.

255 4275 638 4342 ApprOperant
658 4270 736 4325 illi
760 4270 973 4325 cunctis
1006 4271 1331 4345 regionibus
1358 4273 1485 4341 acti,

259 4364 368 4419 Ceu
401 4365 759 4420 ductarentur
790 4364 916 4418 divo
950 4379 1200 4434 praecone
1228 4365 1427 4432 vocati,

258 4455 626 4523 Conveniunt,
660 4455 976 4527 temploque
1003 4456 1185 4511 locum
1217 4473 1437 4528 coepere
1467 4458 1731 4528 parando.

253 4548 518 4620 Sumptus
544 4548 627 4604 eis
656 4549 803 4603 vires
832 4549 1095 4619 privatus,
1138 4549 1393 4619 publicus
1423 4566 1637 4617 ausum,

254 4637 600 4705 Accumulat,
629 4636 841 4711 geritur
867 4637 1201 4708 properandi
1230 4639 1491 4694 instantia
1512 4640 1677 4711 ccepti

258 4726 527 4799 Insultare
569 4727 735 4799 igitur
764 4733 1006 4796 nostros,
1037 4743 1137 4783 ceu
1172 4734 1421 4799 tempora
1452 4731 1606 4805 regni

258 4818 495 4873 Reddita
521 4818 871 4883 sustulerint;
913 4818 1065 4874 vultu
1099 4825 1306 4874 terrere
1335 4819 1562 4888 minaci,

262 4916 521 4970 Promere
546 4912 836 4979 saevitiam,
861 4912 1129 4967 tumidum
1164 4920 1445 4968 ostentare
1476 4913 1739 4981 furorem,

265 5007 581 5076 Cunctaque
610 5021 735 5060 cum
766 5004 907 5059 fastu
934 5005 989 5059 in
1023 5012 1243 5060 nostros
1279 5006 1486 5079 agitare
1519 5007 1777 5078 superbo.

264 5100 384 5154 Jam
426 5097 844 5153 fundaminibus
874 5096 1165 5167 patefactis
1196 5105 1337 5152 terra
1360 5098 1603 5166 subibat,

1976 3999 2073 4063 Qui
2109 4000 2372 4066 Danielis,
2404 4000 2568 4056 homo
2607 4002 2951 4074 utprndeus,
2974 4004 3191 4057 oracula
3226 4003 3454 4072 rimans,

1976 4088 2279 4144 Verborum
2303 4106 2513 4145 memor
2534 4090 2769 4145 Domini.
2806 4108 2917 4146 non
2960 4092 3012 4144 id
3046 4093 3326 4162 potisesse

1977 4180 2227 4236 Testatur
2255 4182 2424 4252 lapidi
2461 4189 2517 4236 ut
2544 4182 2684 4253 lapis
2724 4183 2812 4237 hic
2842 4190 3056 4253 aptetur
3085 4185 3152 4238 ab
3186 4184 3342 4254 ipsis.

1979 4273 2154 4344 thue
2188 4273 2515 4343 probaretur
2554 4290 2661 4341 res,
2696 4274 3031 4343 exspectatio
3059 4274 3221 4330 facta.

1979 4368 2093 4422 Nox
2123 4367 2308 4438 operis
2335 4368 2572 4439 spatium
2603 4368 2858 4439 captandi
2890 4367 3004 4422 sola
3035 4370 3306 4437 trahebat,

1982 4456 2055 4510 En
2088 4456 2267 4511 subito
2297 4457 2542 4511 exoritur
2572 4464 2733 4512 motae
2772 4456 3065 4511 concussio
3095 4466 3275 4513 terrze.

1980 4545 2265 4600 Jactantur
2282 4546 2473 4616 procul
2515 4545 2645 4601 hinc
2674 4545 2909 4617 lapides,
2946 4544 3269 4602 fundamina
3300 4547 3408 4604 late

1984 4636 2334 4711 Sparguntur
2365 4637 2671 4709 rapidoque
2703 4644 2867 4692 ruunt
2894 4636 2997 4691 sita
3023 4638 3227 4694 mcenia
3252 4638 3442 4709 lapsu:

1985 4725 2277 4782 Dissiliunt
2304 4734 2594 4794 caementa,
2628 4725 2923 4798 volantque
2956 4742 3056 4797 per
3076 4742 3203 4783 aera
3225 4727 3403 4783 calces

1990 4817 2297 4873 Porticibus
2329 4820 2531 4889 patulis
2560 4819 2857 4874 recubabat
2886 4818 3057 4873 multa
3086 4818 3362 4874 fabrorum

1987 4912 2168 4967 Turba
2190 4913 2566 4983 profanorum,
2600 4931 2697 4970 sua
2728 4915 2967 4970 condere
3000 4915 3123 4970 fana
3150 4924 3460 4987 parantum,

1991 5000 2295 5069 Parjetibus
2326 5002 2495 5071 lapsis
2525 5019 2662 5073 quos
2701 5004 2959 5059 attrivere
2989 5005 3180 5059 ruinas.

1992 5096 2052 5148 At
2085 5094 2282 5165 reliqui
2315 5105 2543 5150 mortem
2575 5099 2667 5167 qui
2700 5114 2759 5153 se
2791 5097 3051 5173 effugisse
3082 5099 3365 5171 putabant,

268 5191 476 5259 Sponte
505 5187 725 5258 replens
753 5186 947 5254 fossas,
973 5194 1028 5241 et
1057 5194 1211 5242 erant
1244 5194 1427 5243 tamen
1450 5189 1636 5243 omnia
1669 5196 1884 5259 presto,
1918 5237 1969 5305 υ
1994 5186 2291 5250 Quaesitum
2326 5196 2645 5257 properant,
2678 5195 2794 5242 orta
2822 5189 2935 5257 jam
2967 5190 3109 5256 luce,
3144 5200 3479 5261 peremptos.

268 5282 401 5305 0..-...
459 5281 617 5305 k--..-
672 5296 896 5305 ...η-...ηανι
957 5280 1132 5305 ΛηΙΛΛη
1190 5287 1454 5305 Αωκηηκι..
1516 5282 1778 5305 ΑΑΙ....Α...Μ
1802 5298 1815 5305 -
1998 5278 2228 5305 ἰηιΛ-ἶηη
2262 5278 2482 5305 1ηιέιηκη
2514 5288 2722 5305 ηηη-Αο..
2760 5281 3084 5305 ,1Α..υ......,.--1..
3126 5282 3365 5305 ---μλλμ

266 5282 427 5346 Saxa,
459 5281 637 5342 bases,
668 5296 922 5352 gypsum,
954 5280 1154 5347 calces,
1186 5287 1478 5346 cmmenta,
1512 5282 1815 5347 columnae;

266 5373 349 5427 Nil
374 5373 565 5427 deerat
604 5373 855 5441 jacerent
881 5387 1019 5427 nova
1046 5372 1423 5435 fundamenta,
1450 5374 1679 5429 vetustis

266 5464 408 5529 Quin
431 5463 756 5530 deturbatis,
789 5478 929 5533 opus
955 5470 1016 5517 ut
1047 5464 1139 5517 lux
1169 5471 1298 5518 nata
1328 5463 1579 5532 referret,

266 5554 505 5610 Praesule
535 5565 665 5610 tunc
692 5555 927 5623 Solyma:
967 5553 1097 5609 licet
1134 5552 1421 5609 obnitente
1454 5554 1668 5625 Cyrillo.

342 5663 491 5734 (153)
525 5663 582 5716 Id
604 5668 689 5718 est
717 5668 1089 5729 mortuorum;
1112 5660 1275 5733 niger
1294 5661 1442 5716 enim
1472 5678 1502 5716 a
1539 5664 1730 5734 νεκρός.

1998 5278 2231 5333 Interius
2262 5278 2485 5333 latitans
2514 5288 2726 5334 secreta
2758 5281 3089 5336 domuncula
3121 5282 3371 5354 quaedam

1998 5376 2366 5430 Instrumenta
2394 5374 2548 5445 Operi
2580 5376 2835 5433 servabat
2861 5379 3149 5433 commoda
3182 5385 3424 5451 sumpto.

1996 5468 2070 5522 Ex
2098 5468 2201 5523 hac
2230 5468 2595 5544 progrediens
2625 5468 2822 5544 globus
2868 5470 3083 5543 igneus,
3114 5480 3277 5545 atque
3299 5472 3537 5545 plateam

1995 5557 2349 5628 Percurrens,
2382 5560 2707 5632 quaesitores
2733 5560 2993 5616 absorbet
3014 5563 3238 5620 adustos

2062 5667 2209 5734 (154)
2234 5667 2341 5721 Cod
2394 5668 2701 5725 Mazarinus
2730 5671 2875 5727 hunc
2904 5686 3117 5726 versum
3153 5676 3371 5731 omittit.
