3970 6200
443 330 550 386 315

438 463 660 518 Iudaeos
689 459 828 513 buos
858 471 978 510 esse
1000 453 1180 525 palam
1209 468 1328 506 sors
1358 450 1548 504 ultima
1580 449 1726 504 fecit.

1205 320 1571 377 FLODOARDI
1613 317 1915 376 CANONICI
1958 315 2284 372 REMENSIS
2326 311 2665 368 OPUSCULA
2705 310 3032 367 METRICA.‘

3683 320 3795 374 516

2081 456 2123 518 Α
2158 445 2376 500 Exuviis
2408 443 2699 498 infidorum
2732 459 2955 516 quoque
2979 453 3142 500 nocte
3173 446 3432 518 sequenti

444 551 552 606 Hoc
599 550 794 603 iterum
846 550 1122 615 repetens,
1177 541 1487 610 iterumque
1536 539 1663 604 hoc,
1722 544 1888 608 atque
1946 534 2054 589 fre-
2156 537 2294 591 Crux
2325 553 2584 607 expressa
2606 537 2934 607 patet,miro
2967 536 3491 611 inculcatanigello,

1735 625 1987 697 [quenter

440 731 544 787 Per
565 734 731 784 totam
759 724 956 801 globus
985 723 1077 776 ille
1108 721 1254 775 diem
1286 717 1589 773 ferventius
1619 727 1800 792 urget,

441 819 676 876 Audacis
696 815 887 890 p0puli
921 812 1209 870 temeraria
1235 817 1414 882 coepta
1443 824 1726 864 coercens.

444 915 657 990 Ingenti
685 913 908 968 domum
937 909 1253 981 perhibent,
1287 905 1579 961 formidine
1607 903 1772 970 vecti,

443 1007 601 1062 Inviti
636 1005 906 1060 Christum
947 1018 1158 1066 verum,
1186 998 1614 1068 Dominumque,
1645 997 1948 1066 Deumque.

441 1105 503 1160 Et
528 1120 596 1160 ne
627 1102 762 1160 forte
794 1101 922 1156 dato
966 1105 1198 1154 tractent
1227 1096 1344 1150 haec
1373 1094 1520 1148 edita
1549 1109 1703 1163 casu,

439 1194 680 1249 Stemma
713 1189 891 1248 crucis
911 1187 1051 1245 ccelo
1080 1185 1302 1240 radians
1335 1182 1592 1240 rutilante
1625 1181 1862 1250 renidet,

2157 628 2403 684 Perﬁdus
2432 629 2594 684 enisu
2625 629 2823 700 probet
2853 635 2913 684 ut
2940 645 3051 684 non
3094 646 3257 701 posse
3289 631 3511 701 repelli.

2154 720 2394 774 Tandem
2422 720 2618 775 horum
2643 719 2942 791 fultrixque
2971 735 3168 774 manus
3184 720 3264 774 sic
3290 721 3481 775 territa
3505 721 3684 788 cedit,

2156 811 2385 886 Dignius
2422 811 2543 880 ipsa
2574 820 2736 865 tuens
2767 809 3009 880 antiquis
3038 810 3236 864 ritibus
3264 809 3351 864 isti

2163 905 2332 977 Signa
2360 905 2556 971 crucis,
2593 905 2904 977 Christique
2934 921 3133 960 novum
3176 907 3398 961 rutilare
3439 907 3795 978 triumphum

2166 996 2307 1052 Urbe
2338 995 2638 1062 salutifera,
2668 995 2855 1050 lumen
2886 1012 3009 1068 quae
3038 997 3298 1068 gentibus
3317 995 3500 1066 offert,

2169 1087 2298 1141 Inde
2333 1088 2510 1143 nitore
2535 1087 2655 1160 jugi
2679 1088 2870 1144 mundi
2903 1105 3004 1160 per
3033 1105 3204 1162 regna
3225 1106 3548 1146 coruscans.

1938 1282 2144 1338 CAPUT
2186 1283 2280 1338 Ill.

1394 1417 1470 1476 De
1512 1416 1866 1476 abductione
1908 1424 1959 1475 et
2002 1417 2298 1476 relatione
2338 1423 2558 1474 sanctae
2599 1418 2820 1476 cruris.

441 1535 697 1604 Quamvis
726 1535 832 1589 huc
863 1531 1159 1604 quondam,
1184 1528 1411 1583 sceleris
1441 1533 1674 1600 cogente
1706 1532 1858 1580 reatu

442 1632 724 1680 t'ersarum
749 1623 964 1687 ductor,
998 1620 1126 1673 dum
1159 1619 1589 1688 circumquaque
1618 1616 1868 1686 jacentes

444 1713 678 1770 Proterit
705 1728 837 1766 ense
865 1710 1071 1783 plagas,
1115 1707 1339 1762 crudele
1374 1705 1649 1760 induxerit
1677 1720 1894 1780 agmen,

437 1807 657 1878 Templa
685 1805 804 1859 solo
830 1809 1111 1865 sternens,
1146 1801 1262 1854 loca
1285 1798 1529 1854 caedibus
1561 1799 1702 1852 alma
1727 1797 2054 1869 profanans:

441 1898 770 1950 Ornamenta
803 1892 985 1946 ferens
1005 1905 1128 1944 cum
1162 1890 1285 1960 quis
1303 1889 1501 1943 vexilla
1528 1888 1700 1942 beata:

446 1987 723 2042 Praedatus
745 1985 944 2051 crucis,
974 1981 1217 2042 adducit.
1251 1980 1523 2051 rutiloque
1564 1979 1770 2034 metalli

443 2079 585 2132 Luce
607 2077 802 2131 throno
815 2073 1009 2128 sociat.
1037 2070 1426 2138 Mentitusjura
1447 2068 1707 2123 Tonantis

440 2167 668 2236 Sceptra
699 2163 926 2237 indigna
965 2166 1141 2231 parat,
1173 2157 1392 2213 modico
1420 2157 1556 2210 deus
1581 2157 1787 2210 mthere
1819 2155 1984 2222 visus,

445 2259 714 2313 Strenuus
735 2263 785 2309 at
805 2254 1064 2326 princeps
1086 2250 1312 2306 Romani
1332 2249 1538 2317 militis,
1568 2265 1702 2304 usus

439 2351 499 2404 Vi
532 2349 686 2415 belli,
722 2348 998 2419 fultusque
1031 2347 1124 2401 Dei
1157 2346 1423 2402 tutamine
1455 2345 1592 2412 veri,

439 2439 667 2513 Agmina
704 2437 944 2492 semiviri
974 2434 1193 2509 frangit,
1226 2433 1530 2505 penetralia
1562 2433 1786 2504 rumpit,

439 2529 713 2585 Inclusum
739 2546 848 2585 tere
880 2529 1045 2582 deum
1073 2529 1362 2582 mortalem
1394 2527 1542 2581 caede
1585 2526 1840 2581 recludit.

437 2621 697 2677 Addictos
726 2619 934 2694 subigit
963 2635 1172 2675 cuneos
1201 2635 1262 2674 ac
1297 2619 1422 2673 diva
1453 2618 1668 2673 reducit

2086 1529 2139 1597 Β
2162 1523 2349 1597 Signa,
2381 1523 2508 1579 dato
2541 1524 2698 1592 cujus
2727 1523 2928 1599 gaudet
2951 1524 3150 1580 virtute
3181 1532 3414 1597 trOpreo,

2161 1615 2223 1668 Et
2244 1615 2518 1686 Solymam
2552 1616 2782 1681 revehit,
2816 1615 2978 1670 leis
3006 1615 3194 1670 divina
3223 1625 3530 1687 patrantur.

2158 1705 2341 1760 Prisca
2373 1706 2530 1761 novis
2570 1715 2820 1777 reparata
2855 1707 3030 1762 nitent
3059 1695 3325 1761 miracula
3356 1708 3500 1762 votis

2157 1799 2402 1854 Mortuus
2421 1798 2488 1854 ad
2513 1800 2677 1854 vitam
2710 1801 2834 1855 vitae
2867 1817 2964 1871 per
2993 1801 3139 1873 ligna
3168 1802 3423 1856 recurrit.

2158 1893 2424 1958 Quattuor
2452 1893 2729 1959 assiliunt,
2764 1893 2928 1968 longo
2953 1893 3220 1968 languore
3243 1893 3433 1962 soluti,

2163 1987 2381 2060 Purgati
2408 2005 2642 2043 numero
2675 1987 2878 2058 leprosi
2912 2005 3146 2060 corpora
3171 1989 3337 2060 pleno

2161 2075 2361 2130 Munda
2387 2085 2598 2143 notant,
2627 2083 2712 2132 ter
2745 2077 2990 2150 quinque
3011 2078 3203 2133 vident
3233 2078 3514 2151 magnolla
3541 2079 3680 2133 caeci
3707 2096 3719 2132 :

2159 2167 2448 2224 Daemones
2477 2169 2692 2240 expulsi
2727 2186 3019 2225 numerosa
3041 2169 3353 2225 habitacula
3382 2170 3652 2242 linquunt

2159 2255 2415 2310 Pluribus
2445 2264 2498 2312 et
2527 2257 2716 2328 plures
2745 2257 2919 2314 morbi
2944 2258 3134 2333 fugere
3165 2259 3386 2327 relictis,

2159 2347 2509 2402 Romulidum
2541 2349 2776 2404 exsultat
2816 2350 3011 2405 ductor
3040 2351 3326 2424 largasque
3359 2349 3650 2422 profundit

2157 2437 2370 2495 Pronus
2401 2457 2557 2512 opes,
2591 2440 2815 2497 fabricis
2854 2459 3115 2513 reparans
3144 2443 3381 2498 sacraria
3403 2444 3618 2516 dignis,

2158 2527 2575 2602 Exhortansque
2599 2538 2802 2603 patres,
2836 2532 3080 2587 decernit
3109 2533 3324 2606 agenda
3347 2534 3652 2604 quotannis

2159 2621 2315 2678 Festa
2335 2625 2534 2693 crncis,
2562 2625 2918 2699 celebresque
2942 2627 3071 2682 dein
3094 2644 3425 2684 veneramur
3453 2628 3723 2697 honores,

1932 2749 2141 2806 CAPUT
2182 2753 2266 2809 IV.

1629 2875 1707 2935 De
1749 2877 1966 2938 tabella
2002 2881 2297 2955 imaginis
2337 2879 2590 2942 Christi.

441 2997 590 3051 Gens
619 2992 845 3049 inimica
875 2999 1060 3047 tamen
1092 2987 1251 3046 caacis
1280 2987 1489 3062 garrire
1520 2988 1765 3043 susurris

444 3089 874 3161 Haudquaquam
904 3085 957 3140 in
977 3084 1316 3138 devictorum
1339 3089 1596 3152 superata
1627 3081 1882 3153 quiescit.

441 3181 588 3246 Quos
608 3177 876 3232 delictum
905 3173 1019 3230 oris
1047 3171 1334 3244 sternique
1363 3169 1627 3242 superbia
1648 3171 1852 3236 cordis,

441 3266 726 3332 Quomodo
756 3264 886 3320 dum
919 3261 1460 3334 nequeunttlhristo,
1485 3259 1591 3315 sibi
1626 3260 1840 3332 spicula
1863 3258 2060 3335 figunt,

440 3360 513 3412 Ac
539 3363 696 3412 vetus
724 3362 1008 3411 ostentant
1035 3353 1224 3410 odium
1255 3359 1638 3424 aeternumque
1680 3351 1924 3409 furorem
1949 3370 1962 3407 :

442 3446 572 3512 Quis
599 3446 725 3502 licet
754 3444 982 3500 indiciis
1009 3443 1110 3500 atri
1151 3443 1342 3499 saevire
1373 3445 1574 3499 veneni

439 3539 682 3596 Emolus
703 3537 881 3593 inviso
909 3552 1132 3608 semper
1151 3551 1328 3592 novus
1359 3536 1535 3592 hostis
1556 3537 1766 3593 honore

438 3632 842 3691 Flammmatur,
876 3628 1074 3700 quaerit
1100 3645 1336 3701 quanam
1369 3629 1548 3684 furere
1575 3637 1689 3684 arte
1716 3629 1942 3686 sinatur.

437 3723 687 3779 Tabescit
718 3722 918 3777 decore
951 3721 1206 3776 Ecclesiae
1237 3721 1477 3792 livetque
1510 3721 1712 3789 nitore,

439 3815 532 3872 Sic
553 3815 744 3869 horum
773 3813 997 3885 quidam
1031 3811 1272 3867 tabulam
1306 3811 1546 3886 effigiata
1571 3823 1854 3882 gerentem

435 3903 537 3959 Ora
568 3902 974 3974 Redemptoris,
1007 3902 1172 3974 digna
1203 3901 1496 3972 splendere
1529 3901 1699 3957 nitela

438 3995 706 4050 Moznibus
726 3994 1001 4066 aspiciens
1032 3993 1190 4060 aulae,
1217 3993 1335 4048 diro
1361 3993 1538 4048 uritur
1563 4011 1712 4067 igne,

435 4087 599 4160 Nigra
628 4103 842 4142 venena
871 4102 1137 4157 coquens,
1184 4101 1600 4158 properansque
1643 4086 1826 4143 furore
1859 4087 2050 4145 silenti

436 4177 580 4232 Clam
607 4182 765 4233 nocte
794 4183 1032 4231 armatus
1063 4174 1198 4246 petit
1228 4174 1363 4230 illita
1393 4174 1671 4232 schemata
1702 4176 1840 4245 telo,

2092 2994 2142 3062 C
2162 2991 2375 3060 Parjete
2407 2993 2962 3062 deverrenslitulum,
2991 3010 3156 3066 quem
3187 2996 3356 3051 vestis
3385 3007 3646 3069 opertum

2162 3082 2424 3156 Tegmine
2457 3081 2599 3138 ferre
2626 3083 2852 3140 domum
2885 3087 3168 3157 pra'sumit
3197 3095 3253 3142 et
3277 3105 3439 3143 urere
3465 3096 3688 3146 tractat.

2164 3174 2396 3230 Lumine
2424 3184 2478 3231 at
2509 3175 2796 3248 applicito,
2827 3179 3108 3234 madidum
3140 3196 3201 3234 se
3230 3181 3508 3256 sanguino
3531 3199 3793 3249 cernens,

2166 3265 2432 3340 Stigmate
2463 3266 2686 3335 diﬂuso,
2718 3285 2830 3340 prae
2861 3286 2971 3342 quo
3003 3270 3280 3327 terebrata
3309 3273 3514 3329 tabella

2165 3356 2326 3412 Furta
2347 3375 2553 3430 pavens
2583 3359 2772 3428 abicit,
2796 3361 2927 3417 vitat
2949 3362 3289 3435 latebrisque
3315 3364 3610 3432 recondit;

2157 3445 2398 3502 Territus
2423 3455 2640 3504 ostento
2667 3447 2884 3522 fugitat,
2921 3457 3152 3506 tractare
3185 3469 3286 3508 nec
3318 3454 3505 3509 audet.

2157 3537 2312 3593 Mane
2340 3539 2435 3594 Dei
2466 3541 2704 3611 populus
2730 3541 2958 3597 subiens
2989 3545 3294 3615 penetralia
3316 3547 3495 3602 cernit

2155 3630 2305 3685 Aidis
2325 3630 2519 3687 abesse
2554 3633 2745 3700 decus,
2777 3635 3120 3708 vestigiaque
3149 3646 3268 3692 acta
3301 3654 3499 3694 cruore

2155 3722 2516 3793 Deprendens
2544 3726 2812 3796 sequitur,
2847 3726 3094 3798 furisque
3127 3728 3364 3799 mapalia
3392 3739 3594 3785 nactus

2157 3811 2353 3866 lntima
2383 3813 2618 3868 sollicite
2653 3815 2856 3892 tugurii
2889 3822 3160 3870 scrutatur
3181 3818 3372 3888 opaci:

2156 3899 2305 3956 Cella
2334 3901 2543 3957 monile
2573 3901 2758 3971 refert,
2790 3911 2949 3958 caule
2979 3904 3227 3959 discussa
3252 3907 3532 3979 negantis,

2156 3993 2471 4050 Grassatore
2497 3994 2612 4050 fero
2641 4011 2901 4051 saxorum
2933 3997 3082 4052 nube
3104 3998 3276 4068 petito

2158 4087 2426 4143 Redditur
2455 4087 2702 4144 ecclesiae
2728 4089 2962 4145 celebris
2994 4089 3228 4146 titulatio
3259 4089 3440 4146 famae.

1938 4319 2148 4376 CAPUT
2188 4321 2248 4376 V.

1574 4451 1652 4512 De
1676 4453 1958 4530 parvulis
1986 4455 2058 4515 ab
2098 4453 2324 4514 Herode
2371 4456 2618 4514 necatis.

435 4560 671 4634 Ephrata
701 4559 1100 4630 carpOphoros,
1135 4559 1298 4614 tellus
1328 4559 1627 4626 uberrima,
1663 4558 1832 4614 salve.

433 4653 612 4720 Salve,
644 4651 899 4707 fertilitas
928 4652 1083 4721 cujus
1104 4651 1271 4718 Deus,
1314 4651 1514 4724 inclyta
1547 4651 1818 4714 Bethlem,

434 4744 618 4800 Laude
649 4751 741 4799 tua
767 4743 998 4818 dignare
1019 4743 1234 4811 rudem,
1268 4742 1616 4814 praaconibus
1643 4742 1821 4812 impar

433 4833 551 4889 Non
585 4832 748 4889 modo
780 4833 872 4905 qui
930 4831 1164 4906 magnis,
1198 4846 1370 4902 puero
1401 4831 1536 4902 quin
1565 4845 1763 4886 ceruor
1804 4829 2052 4902 iniquus.

434 4925 747 4997 Saphronio
779 4941 881 4980 nec
911 4925 1092 4980 adhuc
1121 4921 1354 4995 pollenti
1384 4929 1564 4995 strage
1595 4922 1835 4996 Serapis.

433 5020 492 5073 In
524 5025 576 5074 te
608 5034 738 5091 rege
769 5017 881 5090 poli
912 5025 1062 5084 nato,
1094 5015 1374 5072 terrestria
1406 5032 1576 5091 regna

430 5106 746 5175 Terrentur,
776 5106 981 5163 celebri
1008 5105 1256 5162 caelestia
1293 5105 1415 5162 luce
1447 5112 1761 5163 coruscant.

429 5194 701 5251 Caelicolae
732 5197 996 5271 gaudent,
1021 5195 1240 5251 hostilia
1269 5211 1436 5269 regna
1457 5202 1778 5267 pavescunt.

428 5285 562 5342 Caeli
595 5301 729 5356 pace
762 5288 868 5358 piis
895 5289 1079 5354 missa,
1115 5287 1229 5342 fera
1256 5289 1423 5344 corda
1462 5289 1808 5357 tremiscunt,

431 5378 492 5434 Et
517 5393 710 5450 pacem
737 5379 958 5435 turbare
991 5386 1186 5451 parant
1215 5395 1327 5434 non
1362 5380 1512 5451 pacis
1542 5379 1726 5434 amici.

431 5468 675 5524 Herodes
697 5470 849 5525 illum
877 5470 1181 5526 succedere
1214 5487 1378 5542 posse
1395 5478 1635 5536 veretur,

428 5560 527 5624 Qui
557 5562 768 5616 cunctis
794 5562 945 5632 prior
964 5570 1048 5616 est
1072 5561 1292 5633 pOpulis
1320 5569 1374 5617 et
1402 5562 1626 5638 regibus
1656 5559 1826 5616 orbis.

427 5649 621 5703 Omnia
639 5661 907 5721 perpetuo
939 5653 1242 5725 disponens
1270 5653 1516 5709 culmina
1548 5661 1703 5708 nutu.

431 5736 833 5809 Compertoque
857 5742 953 5795 tibi
977 5759 1178 5813 magno
1211 5745 1304 5813 qui
1335 5760 1428 5799 rex
1449 5743 1554 5800 siet
1582 5754 1721 5806 arto,

2073 4559 2387 4630 DPerdere
2417 4569 2632 4633 sceptra
2661 4562 2882 4630 timens,
2926 4562 3050 4618 οωιὶ
3084 4561 3238 4617 ardet
3269 4563 3510 4634 perdere
3541 4580 3729 4640 regem
3763 4582 3776 4629 ;

2154 4649 2552 4723 Equaavosque
2620 4660 2800 4719 necat,
2860 4660 3012 4708 ratus
3089 4652 3236 4707 hunc
3279 4652 3446 4709 simul
3501 4662 3622 4710 arte
3681 4670 3776 4708 ne-

3501 4745 3774 4817 [candum,

2156 4832 2217 4886 In
2248 4837 2299 4886 te
2319 4831 2434 4900 jam
2461 4830 2614 4888 nullo
2644 4832 2803 4888 cunis
2823 4831 3032 4889 infante
3068 4833 3283 4889 relicto.

2155 4926 2407 4981 Attamen
2437 4932 2565 4982 ante
2594 4926 2745 4981 venit
2770 4927 2921 4982 nisus
2948 4927 3222 4998 sapientia
3247 4943 3466 4984 summa

2154 5015 2486 5087 Hostemque
2517 5014 2788 5082 afficiens,
2818 5016 2954 5072 alter
2983 5017 3112 5072 dum
3139 5017 3380 5073 volvitur
3405 5035 3611 5074 annus.

2156 5107 2343 5162 Ulcere
2376 5107 2630 5179 petifero,
2663 5108 2875 5164 meritis
2905 5109 3246 5165 cruciamina
3277 5111 3450 5186 digno

2151 5199 2480 5274 Exstinguit,
2504 5209 2847 5272 sumptisque
2879 5208 3055 5272 patrat
3085 5203 3345 5272 mysteria
3377 5204 3562 5259 carnis

2150 5294 2286 5347 Ante
2315 5298 2515 5346 statum
2539 5291 2730 5346 mundi
2761 5309 2882 5364 quae
2916 5291 3288 5363 praefiniverat
3327 5295 3482 5351 olim.

2152 5381 2384 5436 Istorum
2407 5382 2504 5436 sed
2536 5382 2660 5452 quis
2691 5399 2982 5437 numerum
3016 5399 3248 5440 censere
3271 5385 3496 5444 valebit.

2149 5471 2388 5536 Quorum
2421 5479 2553 5527 tunc
2582 5473 2796 5529 maduit
2825 5474 3204 5531 Bethlemitica
3237 5485 3379 5532 terra
3404 5493 3625 5544 cruore,

2147 5563 2360 5619 Funere
2391 5566 2670 5621 nascentis
2699 5567 2982 5638 complent
3007 5568 3102 5638 qui
3133 5569 3323 5624 munia
3351 5570 3523 5645 regis,

2147 5651 2408 5708 Libantes
2430 5652 2639 5710 Christo
2669 5661 2874 5711 tenerae
2902 5655 3205 5728 primordia
3232 5658 3376 5714 vitae.

2148 5743 2327 5813 Ipsius
2361 5745 2508 5801 haud
2538 5745 2722 5802 verbis
2752 5747 2877 5804 facti
2910 5747 3004 5803 sed
3036 5749 3306 5822 sanguine
3336 5757 3525 5816 testes,
