  <div class='ocr_page' id='page_1' title='image "/cluster/home/n/w/nwhite01/storage/ocr_20150623/134-135/uva.x000829784/842.png"; bbox 0 0 3970 6200; ppageno 0'>
   <div class='ocr_carea' id='block_1_1' title="bbox 226 244 339 297">
    <p class='ocr_par' dir='ltr' id='par_1_1' title="bbox 226 244 339 297">
     <span class='ocr_line' id='line_1_1' title="bbox 226 244 339 297; baseline 0 0"><span class='ocrx_word' id='word_1_1' title='bbox 226 244 339 297; x_wconf 80' lang='lat'><strong>517</strong></span> 
     </span>
    </p>
   </div>
   <div class='ocr_carea' id='block_1_2' title="bbox 231 370 1493 444">
    <p class='ocr_par' dir='ltr' id='par_1_2' title="bbox 231 370 1493 444">
     <span class='ocr_line' id='line_1_2' title="bbox 231 370 1493 444; baseline 0.007 -21"><span class='ocrx_word' id='word_1_2' title='bbox 231 371 383 434; x_wconf 84' lang='lat' dir='ltr'><strong>Quos</strong></span> <span class='ocrx_word' id='word_1_3' title='bbox 405 370 711 426; x_wconf 89' lang='lat' dir='ltr'><strong>amiserunt</strong></span> <span class='ocrx_word' id='word_1_4' title='bbox 738 372 1229 444; x_wconf 54' lang='lat' dir='ltr'><strong>logentiazpectora</strong></span> <span class='ocrx_word' id='word_1_5' title='bbox 1261 385 1493 432; x_wconf 88' lang='lat' dir='ltr'><strong>matrum</strong></span> 
     </span>
    </p>
   </div>
   <div class='ocr_carea' id='block_1_3' title="bbox 231 462 1429 538">
    <p class='ocr_par' dir='ltr' id='par_1_3' title="bbox 231 462 1429 538">
     <span class='ocr_line' id='line_1_3' title="bbox 231 462 1429 538; baseline 0.007 -23"><span class='ocrx_word' id='word_1_6' title='bbox 231 462 310 517; x_wconf 86' lang='lat' dir='ltr'><strong>Ac</strong></span> <span class='ocrx_word' id='word_1_7' title='bbox 334 472 699 533; x_wconf 89' lang='lat' dir='ltr'><strong>susceperunt</strong></span> <span class='ocrx_word' id='word_1_8' title='bbox 720 463 961 520; x_wconf 63' lang='lat' dir='ltr'><strong>laetantia</strong></span> <span class='ocrx_word' id='word_1_9' title='bbox 982 482 1149 538; x_wconf 83' lang='lat' dir='ltr'><strong>regna</strong></span> <span class='ocrx_word' id='word_1_10' title='bbox 1179 467 1429 538; x_wconf 90' lang='lat' dir='ltr'><strong>polorum</strong></span> 
     </span>
    </p>
   </div>
   <div class='ocr_carea' id='block_1_4' title="bbox 761 245 3052 327">
    <p class='ocr_par' dir='ltr' id='par_1_4' title="bbox 761 245 3052 327">
     <span class='ocr_line' id='line_1_4' title="bbox 761 245 3052 327; baseline 0.013 -29"><span class='ocrx_word' id='word_1_11' title='bbox 761 246 843 299; x_wconf 87' lang='lat' dir='ltr'><strong>DE</strong></span> <span class='ocrx_word' id='word_1_12' title='bbox 882 245 1240 302; x_wconf 79' lang='lat' dir='ltr'><strong>TRIUMPIIIS</strong></span> <span class='ocrx_word' id='word_1_13' title='bbox 1281 247 1541 305; x_wconf 78' lang='lat' dir='ltr'><strong>CHRISTI</strong></span> <span class='ocrx_word' id='word_1_14' title='bbox 1585 251 1661 307; x_wconf 89' lang='lat' dir='ltr'><strong>ET</strong></span> <span class='ocrx_word' id='word_1_15' title='bbox 1699 254 1793 307; x_wconf 92' lang='lat' dir='ltr'><strong>SS.</strong></span> <span class='ocrx_word' id='word_1_16' title='bbox 1837 254 2234 312; x_wconf 58' lang='lat' dir='ltr'><strong>PAUESTINrE</strong></span> <span class='ocrx_word' id='word_1_17' title='bbox 2275 258 2449 316; x_wconf 82' lang='lat' dir='ltr'>LIBRI</span> <span class='ocrx_word' id='word_1_18' title='bbox 2492 260 2672 317; x_wconf 79' lang='lat' dir='ltr'><strong>TRES.</strong></span> <span class='ocrx_word' id='word_1_19' title='bbox 2708 297 2778 305; x_wconf 95' lang='lat'>—</span> <span class='ocrx_word' id='word_1_20' title='bbox 2818 267 2942 325; x_wconf 85' lang='lat' dir='ltr'><strong>LIB.</strong></span> <span class='ocrx_word' id='word_1_21' title='bbox 2989 270 3052 327; x_wconf 92' lang='lat' dir='ltr'><strong>II.</strong></span> 
     </span>
    </p>
   </div>
   <div class='ocr_carea' id='block_1_5' title="bbox 3472 281 3578 337">
    <p class='ocr_par' dir='ltr' id='par_1_5' title="bbox 3472 281 3578 337">
     <span class='ocr_line' id='line_1_5' title="bbox 3472 281 3578 337; baseline 0.019 -2"><span class='ocrx_word' id='word_1_22' title='bbox 3472 281 3578 337; x_wconf 75' lang='grc'>518</span> 
     </span>
    </p>
   </div>
   <div class='ocr_carea' id='block_1_6' title="bbox 1880 385 3371 469">
    <p class='ocr_par' dir='ltr' id='par_1_6' title="bbox 1880 385 3371 469">
     <span class='ocr_line' id='line_1_6' title="bbox 1880 385 3371 469; baseline 0.015 -33"><span class='ocrx_word' id='word_1_23' title='bbox 1880 400 1931 467; x_wconf 75' lang='grc' dir='ltr'><em>Α</em></span> <span class='ocrx_word' id='word_1_24' title='bbox 1962 385 2021 438; x_wconf 88' lang='lat' dir='ltr'><strong>Et</strong></span> <span class='ocrx_word' id='word_1_25' title='bbox 2043 388 2136 457; x_wconf 88' lang='lat' dir='ltr'><strong>qui</strong></span> <span class='ocrx_word' id='word_1_26' title='bbox 2166 404 2273 443; x_wconf 92' lang='lat' dir='ltr'><strong>non</strong></span> <span class='ocrx_word' id='word_1_27' title='bbox 2309 398 2509 445; x_wconf 90' lang='lat' dir='ltr'><strong>norant</strong></span> <span class='ocrx_word' id='word_1_28' title='bbox 2539 393 2752 449; x_wconf 91' lang='lat' dir='ltr'><strong>animas</strong></span> <span class='ocrx_word' id='word_1_29' title='bbox 2781 396 2867 450; x_wconf 91' lang='lat' dir='ltr'><strong>cui</strong></span> <span class='ocrx_word' id='word_1_30' title='bbox 2899 407 3074 454; x_wconf 89' lang='lat' dir='ltr'><strong>morte</strong></span> <span class='ocrx_word' id='word_1_31' title='bbox 3104 401 3371 469; x_wconf 87' lang='lat' dir='ltr'><strong>dicarent,</strong></span> 
     </span>
    </p>
   </div>
   <div class='ocr_carea' id='block_1_7' title="bbox 1960 473 3576 565">
    <p class='ocr_par' dir='ltr' id='par_1_7' title="bbox 1960 473 3576 565">
     <span class='ocr_line' id='line_1_7' title="bbox 1960 473 3576 565; baseline 0.015 -38"><span class='ocrx_word' id='word_1_32' title='bbox 1960 473 2113 529; x_wconf 85' lang='lat' dir='ltr'><strong>Hunc</strong></span> <span class='ocrx_word' id='word_1_33' title='bbox 2146 478 2312 533; x_wconf 90' lang='lat' dir='ltr'><strong>modo</strong></span> <span class='ocrx_word' id='word_1_34' title='bbox 2344 481 2594 551; x_wconf 90' lang='lat' dir='ltr'><strong>perpetui</strong></span> <span class='ocrx_word' id='word_1_35' title='bbox 2625 492 2859 540; x_wconf 90' lang='lat' dir='ltr'><strong>cernunt</strong></span> <span class='ocrx_word' id='word_1_36' title='bbox 2898 488 3221 561; x_wconf 85' lang='lat' dir='ltr'><strong>Agnumque</strong></span> <span class='ocrx_word' id='word_1_37' title='bbox 3249 504 3576 565; x_wconf 87' lang='lat' dir='ltr'><strong>sequuntur.</strong></span> 
     </span>
    </p>
   </div>
   <div class='ocr_carea' id='block_1_8' title="bbox 1751 606 2083 666">
    <p class='ocr_par' dir='ltr' id='par_1_8' title="bbox 1751 606 2083 666">
     <span class='ocr_line' id='line_1_8' title="bbox 1751 606 2083 666; baseline 0.009 -4"><span class='ocrx_word' id='word_1_38' title='bbox 1751 606 1959 663; x_wconf 76' lang='lat' dir='ltr'><strong>CAPUT</strong></span> <span class='ocrx_word' id='word_1_39' title='bbox 1997 609 2083 666; x_wconf 90' lang='lat' dir='ltr'><strong>VI.</strong></span> 
     </span>
    </p>
   </div>
   <div class='ocr_carea' id='block_1_9' title="bbox 1442 707 2377 787">
    <p class='ocr_par' dir='ltr' id='par_1_9' title="bbox 1442 707 2377 787">
     <span class='ocr_line' id='line_1_9' title="bbox 1442 707 2377 787; baseline 0.012 -21"><span class='ocrx_word' id='word_1_40' title='bbox 1442 707 1519 768; x_wconf 83' lang='lat' dir='ltr'><strong>De</strong></span> <span class='ocrx_word' id='word_1_41' title='bbox 1545 719 1749 770; x_wconf 80' lang='lat' dir='ltr'><strong>sancto</strong></span> <span class='ocrx_word' id='word_1_42' title='bbox 1781 710 2027 787; x_wconf 80' lang='lat' dir='ltr'><strong>Georgio</strong></span> <span class='ocrx_word' id='word_1_43' title='bbox 2062 717 2377 777; x_wconf 80' lang='lat' dir='ltr'><strong>monacho.</strong></span> 
     </span>
    </p>
   </div>
   <div class='ocr_carea' id='block_1_10' title="bbox 234 810 1619 888">
    <p class='ocr_par' dir='ltr' id='par_1_10' title="bbox 234 810 1619 888">
     <span class='ocr_line' id='line_1_10' title="bbox 234 810 1619 888; baseline 0.004 -22"><span class='ocrx_word' id='word_1_44' title='bbox 234 812 513 866; x_wconf 78' lang='lat' dir='ltr'><strong>Asseritur</strong></span> <span class='ocrx_word' id='word_1_45' title='bbox 540 810 847 866; x_wconf 82' lang='lat' dir='ltr'><strong>monachus</strong></span> <span class='ocrx_word' id='word_1_46' title='bbox 871 810 972 865; x_wconf 86' lang='lat' dir='ltr'><strong>hac</strong></span> <span class='ocrx_word' id='word_1_47' title='bbox 994 811 1130 866; x_wconf 86' lang='lat' dir='ltr'><strong>urbe</strong></span> <span class='ocrx_word' id='word_1_48' title='bbox 1160 811 1425 888; x_wconf 83' lang='lat' dir='ltr'><strong>Georgius</strong></span> <span class='ocrx_word' id='word_1_49' title='bbox 1446 824 1619 884; x_wconf 88' lang='lat' dir='ltr'><strong>ortus,</strong></span> 
     </span>
    </p>
   </div>
   <div class='ocr_carea' id='block_1_11' title="bbox 230 902 1555 973">
    <p class='ocr_par' dir='ltr' id='par_1_11' title="bbox 230 902 1555 973">
     <span class='ocr_line' id='line_1_11' title="bbox 230 902 1555 973; baseline 0.002 -16"><span class='ocrx_word' id='word_1_50' title='bbox 230 903 473 958; x_wconf 89' lang='lat' dir='ltr'><strong>Tramite</strong></span> <span class='ocrx_word' id='word_1_51' title='bbox 504 920 564 957; x_wconf 91' lang='lat' dir='ltr'><strong>se</strong></span> <span class='ocrx_word' id='word_1_52' title='bbox 596 902 735 959; x_wconf 87' lang='lat' dir='ltr'><strong>mire</strong></span> <span class='ocrx_word' id='word_1_53' title='bbox 765 903 1034 958; x_wconf 86' lang='lat' dir='ltr'><strong>cohibens</strong></span> <span class='ocrx_word' id='word_1_54' title='bbox 1061 903 1365 959; x_wconf 88' lang='lat' dir='ltr'><strong>abstemius</strong></span> <span class='ocrx_word' id='word_1_55' title='bbox 1381 913 1555 973; x_wconf 89' lang='lat' dir='ltr'><strong>arcto,</strong></span> 
     </span>
    </p>
   </div>
   <div class='ocr_carea' id='block_1_12' title="bbox 236 990 1859 1071">
    <p class='ocr_par' dir='ltr' id='par_1_12' title="bbox 236 990 1859 1071">
     <span class='ocr_line' id='line_1_12' title="bbox 236 990 1859 1071; baseline 0.005 -26"><span class='ocrx_word' id='word_1_56' title='bbox 236 991 491 1046; x_wconf 79' lang='lat' dir='ltr'><strong>Corduba</strong></span> <span class='ocrx_word' id='word_1_57' title='bbox 573 1007 735 1063; x_wconf 89' lang='lat' dir='ltr'><strong>quem</strong></span> <span class='ocrx_word' id='word_1_58' title='bbox 833 990 1072 1063; x_wconf 79' lang='lat' dir='ltr'><strong>Solymis</strong></span> <span class='ocrx_word' id='word_1_59' title='bbox 1136 1008 1418 1068; x_wconf 90' lang='lat' dir='ltr'><strong>egressum</strong></span> <span class='ocrx_word' id='word_1_60' title='bbox 1476 995 1544 1050; x_wconf 89' lang='lat' dir='ltr'><strong>ad</strong></span> <span class='ocrx_word' id='word_1_61' title='bbox 1603 995 1859 1071; x_wconf 88' lang='lat' dir='ltr'><strong>dogmata</strong></span> 
     </span>
    </p>
   </div>
   <div class='ocr_carea' id='block_1_13' title="bbox 1490 1086 1786 1158">
    <p class='ocr_par' dir='ltr' id='par_1_13' title="bbox 1490 1086 1786 1158">
     <span class='ocr_line' id='line_1_13' title="bbox 1490 1086 1786 1158; baseline 0.014 -18"><span class='ocrx_word' id='word_1_62' title='bbox 1490 1086 1741 1158; x_wconf 89' lang='lat' dir='ltr'><strong>[sumpsit</strong></span> <span class='ocrx_word' id='word_1_63' title='bbox 1773 1106 1786 1154; x_wconf 89' lang='lat'><strong>;</strong></span> 
     </span>
    </p>
   </div>
   <div class='ocr_carea' id='block_1_14' title="bbox 1958 818 3431 907">
    <p class='ocr_par' dir='ltr' id='par_1_14' title="bbox 1958 818 3431 907">
     <span class='ocr_line' id='line_1_14' title="bbox 1958 818 3431 907; baseline 0.016 -35"><span class='ocrx_word' id='word_1_64' title='bbox 1958 818 2355 895; x_wconf 86' lang='lat' dir='ltr'><strong>Nobilibusque</strong></span> <span class='ocrx_word' id='word_1_65' title='bbox 2396 833 2613 882; x_wconf 91' lang='lat' dir='ltr'><strong>auctum</strong></span> <span class='ocrx_word' id='word_1_66' title='bbox 2646 831 3052 890; x_wconf 89' lang='lat' dir='ltr'><strong>sociisterreua</strong></span> <span class='ocrx_word' id='word_1_67' title='bbox 3092 847 3431 907; x_wconf 77' lang='lat' dir='ltr'><strong>prementem</strong></span> 
     </span>
    </p>
   </div>
   <div class='ocr_carea' id='block_1_15' title="bbox 1959 912 3325 1001">
    <p class='ocr_par' dir='ltr' id='par_1_15' title="bbox 1959 912 3325 1001">
     <span class='ocr_line' id='line_1_15' title="bbox 1959 912 3325 1001; baseline 0.016 -37"><span class='ocrx_word' id='word_1_68' title='bbox 1959 912 2131 983; x_wconf 84' lang='lat' dir='ltr'><strong>Atque</strong></span> <span class='ocrx_word' id='word_1_69' title='bbox 2150 913 2244 968; x_wconf 92' lang='lat' dir='ltr'><strong>diu</strong></span> <span class='ocrx_word' id='word_1_70' title='bbox 2277 923 2523 987; x_wconf 88' lang='lat' dir='ltr'><strong>Optatum</strong></span> <span class='ocrx_word' id='word_1_71' title='bbox 2547 921 2683 978; x_wconf 91' lang='lat' dir='ltr'><strong>vidit</strong></span> <span class='ocrx_word' id='word_1_72' title='bbox 2714 933 2934 995; x_wconf 76' lang='lat' dir='ltr'><strong>captare</strong></span> <span class='ocrx_word' id='word_1_73' title='bbox 2968 928 3325 1001; x_wconf 81' lang='lat' dir='ltr'><strong>triumphum,</strong></span> 
     </span>
    </p>
   </div>
   <div class='ocr_carea' id='block_1_16' title="bbox 1732 1220 2085 1280">
    <p class='ocr_par' dir='ltr' id='par_1_16' title="bbox 1732 1220 2085 1280">
     <span class='ocr_line' id='line_1_16' title="bbox 1732 1220 2085 1280; baseline 0.017 -6"><span class='ocrx_word' id='word_1_74' title='bbox 1732 1220 1936 1275; x_wconf 84' lang='lat' dir='ltr'><strong>CAPUT</strong></span> <span class='ocrx_word' id='word_1_75' title='bbox 1974 1223 2085 1280; x_wconf 78' lang='lat' dir='ltr'><strong>VII.</strong></span> 
     </span>
    </p>
   </div>
   <div class='ocr_carea' id='block_1_17' title="bbox 1554 1320 2282 1403">
    <p class='ocr_par' dir='ltr' id='par_1_17' title="bbox 1554 1320 2282 1403">
     <span class='ocr_line' id='line_1_17' title="bbox 1554 1320 2282 1403; baseline 0.015 -24"><span class='ocrx_word' id='word_1_76' title='bbox 1554 1320 1631 1379; x_wconf 89' lang='lat' dir='ltr'><strong>De</strong></span> <span class='ocrx_word' id='word_1_77' title='bbox 1658 1331 1862 1382; x_wconf 82' lang='lat' dir='ltr'><strong>sancto</strong></span> <span class='ocrx_word' id='word_1_78' title='bbox 1896 1324 2282 1403; x_wconf 77' lang='lat' dir='ltr'><strong>Hieronymo.</strong></span> 
     </span>
    </p>
   </div>
   <div class='ocr_carea' id='block_1_18' title="bbox 242 1425 1615 1501">
    <p class='ocr_par' dir='ltr' id='par_1_18' title="bbox 242 1425 1615 1501">
     <span class='ocr_line' id='line_1_18' title="bbox 242 1425 1615 1501; baseline 0.004 -20"><span class='ocrx_word' id='word_1_79' title='bbox 242 1427 354 1481; x_wconf 86' lang='lat' dir='ltr'><strong>llac</strong></span> <span class='ocrx_word' id='word_1_80' title='bbox 382 1425 577 1481; x_wconf 89' lang='lat' dir='ltr'><strong>tellure</strong></span> <span class='ocrx_word' id='word_1_81' title='bbox 610 1425 733 1498; x_wconf 91' lang='lat' dir='ltr'><strong>pios</strong></span> <span class='ocrx_word' id='word_1_82' title='bbox 762 1432 976 1482; x_wconf 78' lang='lat' dir='ltr'><strong>constat</strong></span> <span class='ocrx_word' id='word_1_83' title='bbox 1006 1427 1394 1498; x_wconf 89' lang='lat' dir='ltr'><strong>splendescere</strong></span> <span class='ocrx_word' id='word_1_84' title='bbox 1429 1431 1615 1501; x_wconf 88' lang='lat' dir='ltr'><strong>plures</strong></span> 
     </span>
    </p>
   </div>
   <div class='ocr_carea' id='block_1_19' title="bbox 241 1518 1605 1592">
    <p class='ocr_par' dir='ltr' id='par_1_19' title="bbox 241 1518 1605 1592">
     <span class='ocr_line' id='line_1_19' title="bbox 241 1518 1605 1592; baseline 0.005 -21"><span class='ocrx_word' id='word_1_85' title='bbox 241 1519 589 1584; x_wconf 87' lang='lat' dir='ltr'><strong>Sanctorum,</strong></span> <span class='ocrx_word' id='word_1_86' title='bbox 623 1518 792 1572; x_wconf 91' lang='lat' dir='ltr'><strong>voluit</strong></span> <span class='ocrx_word' id='word_1_87' title='bbox 815 1525 988 1573; x_wconf 92' lang='lat' dir='ltr'><strong>terras</strong></span> <span class='ocrx_word' id='word_1_88' title='bbox 1018 1536 1155 1590; x_wconf 91' lang='lat' dir='ltr'><strong>quas</strong></span> <span class='ocrx_word' id='word_1_89' title='bbox 1184 1529 1404 1577; x_wconf 90' lang='lat' dir='ltr'><strong>sanctus</strong></span> <span class='ocrx_word' id='word_1_90' title='bbox 1432 1524 1605 1592; x_wconf 90' lang='lat' dir='ltr'><strong>adire,</strong></span> 
     </span>
    </p>
   </div>
   <div class='ocr_carea' id='block_1_20' title="bbox 244 1608 1699 1685">
    <p class='ocr_par' dir='ltr' id='par_1_20' title="bbox 244 1608 1699 1685">
     <span class='ocr_line' id='line_1_20' title="bbox 244 1608 1699 1685; baseline 0.007 -24"><span class='ocrx_word' id='word_1_91' title='bbox 244 1609 356 1663; x_wconf 90' lang='lat' dir='ltr'><strong>Iluc</strong></span> <span class='ocrx_word' id='word_1_92' title='bbox 395 1625 455 1663; x_wconf 92' lang='lat' dir='ltr'><strong>se</strong></span> <span class='ocrx_word' id='word_1_93' title='bbox 489 1608 853 1679; x_wconf 89' lang='lat' dir='ltr'><strong>Ilieronymus</strong></span> <span class='ocrx_word' id='word_1_94' title='bbox 884 1626 1200 1665; x_wconf 85' lang='lat' dir='ltr'><strong>mansurum</strong></span> <span class='ocrx_word' id='word_1_95' title='bbox 1235 1614 1470 1668; x_wconf 91' lang='lat' dir='ltr'><strong>contulit</strong></span> <span class='ocrx_word' id='word_1_96' title='bbox 1501 1616 1699 1685; x_wconf 87' lang='lat' dir='ltr'><strong>almus,</strong></span> 
     </span>
    </p>
   </div>
   <div class='ocr_carea' id='block_1_21' title="bbox 238 1697 1625 1773">
    <p class='ocr_par' dir='ltr' id='par_1_21' title="bbox 238 1697 1625 1773">
     <span class='ocr_line' id='line_1_21' title="bbox 238 1697 1625 1773; baseline 0.006 -22"><span class='ocrx_word' id='word_1_97' title='bbox 238 1697 481 1752; x_wconf 87' lang='lat' dir='ltr'><strong>Eusebio</strong></span> <span class='ocrx_word' id='word_1_98' title='bbox 504 1706 681 1768; x_wconf 67' lang='lat' dir='ltr'><strong>patre8</strong></span> <span class='ocrx_word' id='word_1_99' title='bbox 721 1697 992 1752; x_wconf 89' lang='lat' dir='ltr'><strong>Stridonis</strong></span> <span class='ocrx_word' id='word_1_100' title='bbox 1019 1700 1111 1770; x_wconf 90' lang='lat' dir='ltr'><strong>qui</strong></span> <span class='ocrx_word' id='word_1_101' title='bbox 1150 1702 1426 1757; x_wconf 71' lang='lat' dir='ltr'><strong>mamilius</strong></span> <span class='ocrx_word' id='word_1_102' title='bbox 1451 1712 1625 1773; x_wconf 89' lang='lat' dir='ltr'><strong>ortus,</strong></span> 
     </span>
    </p>
   </div>
   <div class='ocr_carea' id='block_1_22' title="bbox 240 1789 1622 1867">
    <p class='ocr_par' dir='ltr' id='par_1_22' title="bbox 240 1789 1622 1867">
     <span class='ocr_line' id='line_1_22' title="bbox 240 1789 1622 1867; baseline 0.006 -24"><span class='ocrx_word' id='word_1_103' title='bbox 240 1789 661 1860; x_wconf 68' lang='lat' dir='ltr'><strong>Dalmaticarque</strong></span> <span class='ocrx_word' id='word_1_104' title='bbox 681 1796 734 1843; x_wconf 93' lang='lat' dir='ltr'><strong>et</strong></span> <span class='ocrx_word' id='word_1_105' title='bbox 764 1789 1062 1845; x_wconf 72' lang='lat' dir='ltr'><strong>Pannonia)</strong></span> <span class='ocrx_word' id='word_1_106' title='bbox 1095 1807 1202 1863; x_wconf 90' lang='lat' dir='ltr'><strong>qua</strong></span> <span class='ocrx_word' id='word_1_107' title='bbox 1234 1792 1358 1847; x_wconf 82' lang='lat' dir='ltr'><strong>finis</strong></span> <span class='ocrx_word' id='word_1_108' title='bbox 1378 1795 1622 1867; x_wconf 89' lang='lat' dir='ltr'><strong>utrique,</strong></span> 
     </span>
    </p>
   </div>
   <div class='ocr_carea' id='block_1_23' title="bbox 243 1881 1556 1954">
    <p class='ocr_par' dir='ltr' id='par_1_23' title="bbox 243 1881 1556 1954">
     <span class='ocr_line' id='line_1_23' title="bbox 243 1881 1556 1954; baseline 0.004 -19"><span class='ocrx_word' id='word_1_109' title='bbox 243 1881 508 1935; x_wconf 78' lang='lat' dir='ltr'><strong>Romulea</strong></span> <span class='ocrx_word' id='word_1_110' title='bbox 538 1881 734 1935; x_wconf 83' lang='lat' dir='ltr'><strong>Christi</strong></span> <span class='ocrx_word' id='word_1_111' title='bbox 773 1890 980 1936; x_wconf 77' lang='lat' dir='ltr'><strong>vestem</strong></span> <span class='ocrx_word' id='word_1_112' title='bbox 1009 1883 1255 1954; x_wconf 88' lang='lat' dir='ltr'><strong>suscepit</strong></span> <span class='ocrx_word' id='word_1_113' title='bbox 1288 1885 1341 1938; x_wconf 92' lang='lat' dir='ltr'><strong>in</strong></span> <span class='ocrx_word' id='word_1_114' title='bbox 1373 1886 1506 1941; x_wconf 87' lang='lat' dir='ltr'><strong>urbe</strong></span> <span class='ocrx_word' id='word_1_115' title='bbox 1544 1906 1556 1940; x_wconf 90' lang='lat'><strong>:</strong></span> 
     </span>
    </p>
   </div>
   <div class='ocr_carea' id='block_1_24' title="bbox 241 1971 1650 2046">
    <p class='ocr_par' dir='ltr' id='par_1_24' title="bbox 241 1971 1650 2046">
     <span class='ocr_line' id='line_1_24' title="bbox 241 1971 1650 2046; baseline 0.005 -21"><span class='ocrx_word' id='word_1_116' title='bbox 241 1972 642 2027; x_wconf 88' lang='lat' dir='ltr'><strong>Grammatibus</strong></span> <span class='ocrx_word' id='word_1_117' title='bbox 672 1971 864 2027; x_wconf 91' lang='lat' dir='ltr'><strong>doctus</strong></span> <span class='ocrx_word' id='word_1_118' title='bbox 883 1972 1081 2027; x_wconf 73' lang='lat' dir='ltr'><strong>Grzecis</strong></span> <span class='ocrx_word' id='word_1_119' title='bbox 1101 1974 1189 2028; x_wconf 91' lang='lat' dir='ltr'><strong>hic</strong></span> <span class='ocrx_word' id='word_1_120' title='bbox 1227 1981 1391 2046; x_wconf 88' lang='lat' dir='ltr'><strong>atque</strong></span> <span class='ocrx_word' id='word_1_121' title='bbox 1424 1976 1650 2032; x_wconf 83' lang='lat' dir='ltr'><strong>Latinis.</strong></span> 
     </span>
    </p>
   </div>
   <div class='ocr_carea' id='block_1_25' title="bbox 239 2065 1854 2142">
    <p class='ocr_par' dir='ltr' id='par_1_25' title="bbox 239 2065 1854 2142">
     <span class='ocr_line' id='line_1_25' title="bbox 239 2065 1854 2142; baseline 0.006 -23"><span class='ocrx_word' id='word_1_122' title='bbox 239 2065 372 2120; x_wconf 91' lang='lat' dir='ltr'><strong>Inde</strong></span> <span class='ocrx_word' id='word_1_123' title='bbox 394 2081 637 2136; x_wconf 88' lang='lat' dir='ltr'><strong>sequens</strong></span> <span class='ocrx_word' id='word_1_124' title='bbox 700 2066 958 2120; x_wconf 85' lang='lat' dir='ltr'><strong>monachi</strong></span> <span class='ocrx_word' id='word_1_125' title='bbox 990 2065 1195 2121; x_wconf 91' lang='lat' dir='ltr'><strong>cultum</strong></span> <span class='ocrx_word' id='word_1_126' title='bbox 1239 2083 1601 2142; x_wconf 86' lang='lat' dir='ltr'><strong>normamque</strong></span> <span class='ocrx_word' id='word_1_127' title='bbox 1643 2071 1854 2142; x_wconf 84' lang='lat' dir='ltr'><strong>probati</strong></span> 
     </span>
    </p>
   </div>
   <div class='ocr_carea' id='block_1_26' title="bbox 241 2156 1582 2233">
    <p class='ocr_par' dir='ltr' id='par_1_26' title="bbox 241 2156 1582 2233">
     <span class='ocr_line' id='line_1_26' title="bbox 241 2156 1582 2233; baseline 0.004 -23"><span class='ocrx_word' id='word_1_128' title='bbox 241 2157 531 2228; x_wconf 82' lang='lat' dir='ltr'><strong>I‘rerbyter</strong></span> <span class='ocrx_word' id='word_1_129' title='bbox 555 2156 806 2223; x_wconf 84' lang='lat' dir='ltr'><strong>effectus,</strong></span> <span class='ocrx_word' id='word_1_130' title='bbox 840 2159 1098 2213; x_wconf 88' lang='lat' dir='ltr'><strong>laudatur</strong></span> <span class='ocrx_word' id='word_1_131' title='bbox 1126 2160 1324 2231; x_wconf 66' lang='lat' dir='ltr'><strong>praesul</strong></span> <span class='ocrx_word' id='word_1_132' title='bbox 1363 2161 1582 2233; x_wconf 85' lang='lat' dir='ltr'><strong>dignus,</strong></span> 
     </span>
    </p>
   </div>
   <div class='ocr_carea' id='block_1_27' title="bbox 238 2248 1476 2322">
    <p class='ocr_par' dir='ltr' id='par_1_27' title="bbox 238 2248 1476 2322">
     <span class='ocr_line' id='line_1_27' title="bbox 238 2248 1476 2322; baseline 0.005 -21"><span class='ocrx_word' id='word_1_133' title='bbox 238 2248 359 2304; x_wconf 80' lang='lat' dir='ltr'><strong>Mox</strong></span> <span class='ocrx_word' id='word_1_134' title='bbox 390 2250 466 2303; x_wconf 89' lang='lat' dir='ltr'><strong>illi</strong></span> <span class='ocrx_word' id='word_1_135' title='bbox 490 2249 705 2305; x_wconf 68' lang='lat' dir='ltr'><strong>insidia:</strong></span> <span class='ocrx_word' id='word_1_136' title='bbox 736 2266 846 2322; x_wconf 92' lang='lat' dir='ltr'><strong>quo</strong></span> <span class='ocrx_word' id='word_1_137' title='bbox 874 2266 973 2321; x_wconf 86' lang='lat' dir='ltr'><strong>pro</strong></span> <span class='ocrx_word' id='word_1_138' title='bbox 1014 2250 1184 2306; x_wconf 85' lang='lat' dir='ltr'><strong>livore</strong></span> <span class='ocrx_word' id='word_1_139' title='bbox 1214 2260 1476 2322; x_wconf 87' lang='lat' dir='ltr'><strong>parantur</strong></span> 
     </span>
    </p>
   </div>
   <div class='ocr_carea' id='block_1_28' title="bbox 234 2338 1647 2414">
    <p class='ocr_par' dir='ltr' id='par_1_28' title="bbox 234 2338 1647 2414">
     <span class='ocr_line' id='line_1_28' title="bbox 234 2338 1647 2414; baseline 0.004 -21"><span class='ocrx_word' id='word_1_140' title='bbox 234 2338 468 2393; x_wconf 79' lang='lat' dir='ltr'><strong>Maxime</strong></span> <span class='ocrx_word' id='word_1_141' title='bbox 498 2340 796 2394; x_wconf 90' lang='lat' dir='ltr'><strong>multorum</strong></span> <span class='ocrx_word' id='word_1_142' title='bbox 812 2340 1005 2395; x_wconf 89' lang='lat' dir='ltr'><strong>solitus</strong></span> <span class='ocrx_word' id='word_1_143' title='bbox 1020 2340 1168 2411; x_wconf 92' lang='lat' dir='ltr'><strong>quod</strong></span> <span class='ocrx_word' id='word_1_144' title='bbox 1194 2341 1423 2413; x_wconf 76' lang='lat' dir='ltr'><strong>pingere</strong></span> <span class='ocrx_word' id='word_1_145' title='bbox 1456 2342 1647 2414; x_wconf 90' lang='lat' dir='ltr'><strong>culpas</strong></span> 
     </span>
    </p>
   </div>
   <div class='ocr_carea' id='block_1_29' title="bbox 230 2428 1748 2501">
    <p class='ocr_par' dir='ltr' id='par_1_29' title="bbox 230 2428 1748 2501">
     <span class='ocr_line' id='line_1_29' title="bbox 230 2428 1748 2501; baseline 0.003 -18"><span class='ocrx_word' id='word_1_146' title='bbox 230 2428 561 2495; x_wconf 88' lang='lat' dir='ltr'><strong>Scribendo,</strong></span> <span class='ocrx_word' id='word_1_147' title='bbox 592 2429 862 2483; x_wconf 90' lang='lat' dir='ltr'><strong>scelerum</strong></span> <span class='ocrx_word' id='word_1_148' title='bbox 905 2444 970 2484; x_wconf 90' lang='lat' dir='ltr'><strong>ea</strong></span> <span class='ocrx_word' id='word_1_149' title='bbox 1010 2429 1267 2485; x_wconf 88' lang='lat' dir='ltr'><strong>vitiorum</strong></span> <span class='ocrx_word' id='word_1_150' title='bbox 1305 2432 1547 2501; x_wconf 89' lang='lat' dir='ltr'><strong>pandere</strong></span> <span class='ocrx_word' id='word_1_151' title='bbox 1585 2432 1748 2488; x_wconf 88' lang='lat' dir='ltr'><strong>furta.</strong></span> 
     </span>
    </p>
   </div>
   <div class='ocr_carea' id='block_1_30' title="bbox 232 2516 1499 2587">
    <p class='ocr_par' dir='ltr' id='par_1_30' title="bbox 232 2516 1499 2587">
     <span class='ocr_line' id='line_1_30' title="bbox 232 2516 1499 2587; baseline 0.003 -16"><span class='ocrx_word' id='word_1_152' title='bbox 232 2518 299 2572; x_wconf 83' lang='lat' dir='ltr'><strong>At</strong></span> <span class='ocrx_word' id='word_1_153' title='bbox 326 2518 505 2573; x_wconf 85' lang='lat' dir='ltr'><strong>vitans</strong></span> <span class='ocrx_word' id='word_1_154' title='bbox 533 2518 588 2572; x_wconf 91' lang='lat' dir='ltr'><strong>in</strong></span> <span class='ocrx_word' id='word_1_155' title='bbox 616 2535 673 2573; x_wconf 90' lang='lat' dir='ltr'><strong>se</strong></span> <span class='ocrx_word' id='word_1_156' title='bbox 716 2516 885 2573; x_wconf 89' lang='lat' dir='ltr'><strong>furias</strong></span> <span class='ocrx_word' id='word_1_157' title='bbox 926 2518 1245 2583; x_wconf 85' lang='lat' dir='ltr'><strong>incendere,</strong></span> <span class='ocrx_word' id='word_1_158' title='bbox 1307 2521 1451 2576; x_wconf 91' lang='lat' dir='ltr'><strong>cedit</strong></span> <span class='ocrx_word' id='word_1_159' title='bbox 1485 2540 1499 2587; x_wconf 91' lang='lat'><strong>;</strong></span> 
     </span>
    </p>
   </div>
   <div class='ocr_carea' id='block_1_31' title="bbox 233 2606 1859 2681">
    <p class='ocr_par' dir='ltr' id='par_1_31' title="bbox 233 2606 1859 2681">
     <span class='ocr_line' id='line_1_31' title="bbox 233 2606 1859 2681; baseline 0.005 -22"><span class='ocrx_word' id='word_1_160' title='bbox 233 2607 435 2677; x_wconf 90' lang='lat' dir='ltr'><strong>Sicque</strong></span> <span class='ocrx_word' id='word_1_161' title='bbox 468 2606 692 2661; x_wconf 91' lang='lat' dir='ltr'><strong>domum</strong></span> <span class='ocrx_word' id='word_1_162' title='bbox 752 2606 1028 2677; x_wconf 90' lang='lat' dir='ltr'><strong>linquens,</strong></span> <span class='ocrx_word' id='word_1_163' title='bbox 1090 2615 1357 2681; x_wconf 89' lang='lat' dir='ltr'><strong>cognatos</strong></span> <span class='ocrx_word' id='word_1_164' title='bbox 1386 2616 1548 2681; x_wconf 91' lang='lat' dir='ltr'><strong>atque</strong></span> <span class='ocrx_word' id='word_1_165' title='bbox 1584 2618 1859 2681; x_wconf 87' lang='lat' dir='ltr'><strong>parentes,</strong></span> 
     </span>
    </p>
   </div>
   <div class='ocr_carea' id='block_1_32' title="bbox 236 2694 1755 2772">
    <p class='ocr_par' dir='ltr' id='par_1_32' title="bbox 236 2694 1755 2772">
     <span class='ocr_line' id='line_1_32' title="bbox 236 2694 1755 2772; baseline 0.004 -24"><span class='ocrx_word' id='word_1_166' title='bbox 236 2695 502 2769; x_wconf 79' lang='lat' dir='ltr'><strong>Egressus</strong></span> <span class='ocrx_word' id='word_1_167' title='bbox 532 2694 723 2761; x_wconf 85' lang='lat' dir='ltr'><strong>Roma,</strong></span> <span class='ocrx_word' id='word_1_168' title='bbox 757 2694 1034 2765; x_wconf 87' lang='lat' dir='ltr'><strong>Solymam</strong></span> <span class='ocrx_word' id='word_1_169' title='bbox 1072 2695 1200 2749; x_wconf 92' lang='lat' dir='ltr'><strong>dum</strong></span> <span class='ocrx_word' id='word_1_170' title='bbox 1225 2697 1407 2772; x_wconf 81' lang='lat' dir='ltr'><strong>pergit</strong></span> <span class='ocrx_word' id='word_1_171' title='bbox 1433 2698 1499 2751; x_wconf 91' lang='lat' dir='ltr'><strong>ad</strong></span> <span class='ocrx_word' id='word_1_172' title='bbox 1533 2699 1755 2767; x_wconf 90' lang='lat' dir='ltr'><strong>urbem,</strong></span> 
     </span>
    </p>
   </div>
   <div class='ocr_carea' id='block_1_33' title="bbox 235 2786 1537 2858">
    <p class='ocr_par' dir='ltr' id='par_1_33' title="bbox 235 2786 1537 2858">
     <span class='ocr_line' id='line_1_33' title="bbox 235 2786 1537 2858; baseline 0.005 -18"><span class='ocrx_word' id='word_1_173' title='bbox 235 2787 379 2841; x_wconf 88' lang='lat' dir='ltr'><strong>Luce</strong></span> <span class='ocrx_word' id='word_1_174' title='bbox 396 2802 583 2841; x_wconf 87' lang='lat' dir='ltr'><strong>carere</strong></span> <span class='ocrx_word' id='word_1_175' title='bbox 612 2786 803 2858; x_wconf 85' lang='lat' dir='ltr'><strong>nequit</strong></span> <span class='ocrx_word' id='word_1_176' title='bbox 830 2788 989 2841; x_wconf 62' lang='lat' dir='ltr'><strong>cultae</strong></span> <span class='ocrx_word' id='word_1_177' title='bbox 1020 2788 1134 2843; x_wconf 90' lang='lat' dir='ltr'><strong>sale</strong></span> <span class='ocrx_word' id='word_1_178' title='bbox 1162 2788 1537 2856; x_wconf 69' lang='lat' dir='ltr'><strong>bibliothecae,</strong></span> 
     </span>
    </p>
   </div>
   <div class='ocr_carea' id='block_1_34' title="bbox 236 2877 1694 2953">
    <p class='ocr_par' dir='ltr' id='par_1_34' title="bbox 236 2877 1694 2953">
     <span class='ocr_line' id='line_1_34' title="bbox 236 2877 1694 2953; baseline 0.005 -22"><span class='ocrx_word' id='word_1_179' title='bbox 236 2877 532 2932; x_wconf 80' lang='lat' dir='ltr'><strong>Rhetorica</strong></span> <span class='ocrx_word' id='word_1_180' title='bbox 550 2878 679 2953; x_wconf 83' lang='lat' dir='ltr'><strong>vigil</strong></span> <span class='ocrx_word' id='word_1_181' title='bbox 720 2879 864 2932; x_wconf 92' lang='lat' dir='ltr'><strong>hane</strong></span> <span class='ocrx_word' id='word_1_182' title='bbox 889 2878 1173 2950; x_wconf 91' lang='lat' dir='ltr'><strong>nimioque</strong></span> <span class='ocrx_word' id='word_1_183' title='bbox 1200 2880 1393 2936; x_wconf 91' lang='lat' dir='ltr'><strong>ardore</strong></span> <span class='ocrx_word' id='word_1_184' title='bbox 1425 2883 1694 2949; x_wconf 84' lang='lat' dir='ltr'><strong>volutans,</strong></span> 
     </span>
    </p>
   </div>
   <div class='ocr_carea' id='block_1_35' title="bbox 234 2968 1854 3044">
    <p class='ocr_par' dir='ltr' id='par_1_35' title="bbox 234 2968 1854 3044">
     <span class='ocr_line' id='line_1_35' title="bbox 234 2968 1854 3044; baseline 0.004 -21"><span class='ocrx_word' id='word_1_185' title='bbox 234 2968 451 3023; x_wconf 87' lang='lat' dir='ltr'><strong>Tullius</strong></span> <span class='ocrx_word' id='word_1_186' title='bbox 481 2969 609 3025; x_wconf 92' lang='lat' dir='ltr'><strong>hinc</strong></span> <span class='ocrx_word' id='word_1_187' title='bbox 649 2970 851 3041; x_wconf 89' lang='lat' dir='ltr'><strong>placet,</strong></span> <span class='ocrx_word' id='word_1_188' title='bbox 909 2971 1133 3026; x_wconf 87' lang='lat' dir='ltr'><strong>assidua</strong></span> <span class='ocrx_word' id='word_1_189' title='bbox 1177 2989 1343 3044; x_wconf 90' lang='lat' dir='ltr'><strong>quem</strong></span> <span class='ocrx_word' id='word_1_190' title='bbox 1375 2983 1559 3029; x_wconf 90' lang='lat' dir='ltr'><strong>mente</strong></span> <span class='ocrx_word' id='word_1_191' title='bbox 1579 2984 1854 3033; x_wconf 88' lang='lat' dir='ltr'><strong>retractat.</strong></span> 
     </span>
    </p>
   </div>
   <div class='ocr_carea' id='block_1_36' title="bbox 233 3058 1575 3132">
    <p class='ocr_par' dir='ltr' id='par_1_36' title="bbox 233 3058 1575 3132">
     <span class='ocr_line' id='line_1_36' title="bbox 233 3058 1575 3132; baseline 0.004 -20"><span class='ocrx_word' id='word_1_192' title='bbox 233 3058 527 3113; x_wconf 89' lang='lat' dir='ltr'><strong>Illecebris</strong></span> <span class='ocrx_word' id='word_1_193' title='bbox 555 3075 760 3114; x_wconf 68' lang='lat' dir='ltr'><strong>mensae</strong></span> <span class='ocrx_word' id='word_1_194' title='bbox 788 3068 981 3131; x_wconf 89' lang='lat' dir='ltr'><strong>captus</strong></span> <span class='ocrx_word' id='word_1_195' title='bbox 1011 3060 1141 3115; x_wconf 92' lang='lat' dir='ltr'><strong>dum</strong></span> <span class='ocrx_word' id='word_1_196' title='bbox 1174 3061 1383 3117; x_wconf 90' lang='lat' dir='ltr'><strong>luditur</strong></span> <span class='ocrx_word' id='word_1_197' title='bbox 1414 3063 1575 3132; x_wconf 88' lang='lat' dir='ltr'><strong>hujus</strong></span> 
     </span>
    </p>
   </div>
   <div class='ocr_carea' id='block_1_37' title="bbox 236 3150 1671 3225">
    <p class='ocr_par' dir='ltr' id='par_1_37' title="bbox 236 3150 1671 3225">
     <span class='ocr_line' id='line_1_37' title="bbox 236 3150 1671 3225; baseline 0.005 -21"><span class='ocrx_word' id='word_1_198' title='bbox 236 3151 398 3205; x_wconf 87' lang='lat' dir='ltr'><strong>Peste</strong></span> <span class='ocrx_word' id='word_1_199' title='bbox 429 3150 713 3206; x_wconf 86' lang='lat' dir='ltr'><strong>salutifera</strong></span> <span class='ocrx_word' id='word_1_200' title='bbox 758 3150 1110 3225; x_wconf 85' lang='lat' dir='ltr'><strong>Iebriumque</strong></span> <span class='ocrx_word' id='word_1_201' title='bbox 1143 3154 1424 3209; x_wconf 87' lang='lat' dir='ltr'><strong>invaditur</strong></span> <span class='ocrx_word' id='word_1_202' title='bbox 1453 3164 1610 3211; x_wconf 80' lang='lat' dir='ltr'><strong>aestu.</strong></span> <span class='ocrx_word' id='word_1_203' title='bbox 1661 3155 1671 3161; x_wconf 73' lang='grc'><em>’</em></span> 
     </span>
    </p>
   </div>
   <div class='ocr_carea' id='block_1_38' title="bbox 233 3238 1648 3318">
    <p class='ocr_par' dir='ltr' id='par_1_38' title="bbox 233 3238 1648 3318">
     <span class='ocr_line' id='line_1_38' title="bbox 233 3238 1648 3318; baseline 0.005 -25"><span class='ocrx_word' id='word_1_204' title='bbox 233 3238 557 3294; x_wconf 89' lang='lat' dir='ltr'><strong>Concutitur</strong></span> <span class='ocrx_word' id='word_1_205' title='bbox 583 3247 841 3312; x_wconf 88' lang='lat' dir='ltr'><strong>torpente</strong></span> <span class='ocrx_word' id='word_1_206' title='bbox 871 3242 1025 3315; x_wconf 87' lang='lat' dir='ltr'><strong>gelut</strong></span> <span class='ocrx_word' id='word_1_207' title='bbox 1058 3242 1252 3298; x_wconf 90' lang='lat' dir='ltr'><strong>rabido</strong></span> <span class='ocrx_word' id='word_1_208' title='bbox 1282 3244 1463 3299; x_wconf 92' lang='lat' dir='ltr'><strong>uritur</strong></span> <span class='ocrx_word' id='word_1_209' title='bbox 1498 3245 1648 3318; x_wconf 85' lang='lat' dir='ltr'><strong>igne,</strong></span> 
     </span>
    </p>
   </div>
   <div class='ocr_carea' id='block_1_39' title="bbox 237 3328 1618 3401">
    <p class='ocr_par' dir='ltr' id='par_1_39' title="bbox 237 3328 1618 3401">
     <span class='ocr_line' id='line_1_39' title="bbox 237 3328 1618 3401; baseline 0.004 -19"><span class='ocrx_word' id='word_1_210' title='bbox 237 3328 373 3383; x_wconf 90' lang='lat' dir='ltr'><strong>Cum</strong></span> <span class='ocrx_word' id='word_1_211' title='bbox 406 3329 589 3385; x_wconf 92' lang='lat' dir='ltr'><strong>subito</strong></span> <span class='ocrx_word' id='word_1_212' title='bbox 622 3337 833 3400; x_wconf 90' lang='lat' dir='ltr'><strong>raptus,</strong></span> <span class='ocrx_word' id='word_1_213' title='bbox 864 3330 1184 3401; x_wconf 89' lang='lat' dir='ltr'><strong>perducitur</strong></span> <span class='ocrx_word' id='word_1_214' title='bbox 1209 3341 1337 3387; x_wconf 89' lang='lat' dir='ltr'><strong>ante</strong></span> <span class='ocrx_word' id='word_1_215' title='bbox 1377 3333 1618 3387; x_wconf 89' lang='lat' dir='ltr'><strong>tribunal</strong></span> 
     </span>
    </p>
   </div>
   <div class='ocr_carea' id='block_1_40' title="bbox 239 3421 1601 3498">
    <p class='ocr_par' dir='ltr' id='par_1_40' title="bbox 239 3421 1601 3498">
     <span class='ocr_line' id='line_1_40' title="bbox 239 3421 1601 3498; baseline 0 -20"><span class='ocrx_word' id='word_1_216' title='bbox 239 3421 477 3489; x_wconf 82' lang='lat' dir='ltr'><strong>Judicis,</strong></span> <span class='ocrx_word' id='word_1_217' title='bbox 511 3421 782 3477; x_wconf 89' lang='lat' dir='ltr'><strong>immenso</strong></span> <span class='ocrx_word' id='word_1_218' title='bbox 814 3421 1034 3477; x_wconf 87' lang='lat' dir='ltr'><strong>radians</strong></span> <span class='ocrx_word' id='word_1_219' title='bbox 1064 3422 1161 3477; x_wconf 89' lang='lat' dir='ltr'><strong>ubi</strong></span> <span class='ocrx_word' id='word_1_220' title='bbox 1184 3423 1390 3478; x_wconf 90' lang='lat' dir='ltr'><strong>lumine</strong></span> <span class='ocrx_word' id='word_1_221' title='bbox 1418 3423 1601 3498; x_wconf 85' lang='lat' dir='ltr'><strong>fulgor</strong></span> 
     </span>
    </p>
   </div>
   <div class='ocr_carea' id='block_1_41' title="bbox 240 3517 1697 3593">
    <p class='ocr_par' dir='ltr' id='par_1_41' title="bbox 240 3517 1697 3593">
     <span class='ocr_line' id='line_1_41' title="bbox 240 3517 1697 3593; baseline 0.002 -22"><span class='ocrx_word' id='word_1_222' title='bbox 240 3520 637 3588; x_wconf 85' lang='lat' dir='ltr'><strong>Astantumque</strong></span> <span class='ocrx_word' id='word_1_223' title='bbox 671 3517 817 3571; x_wconf 91' lang='lat' dir='ltr'><strong>nitor</strong></span> <span class='ocrx_word' id='word_1_224' title='bbox 848 3518 1103 3588; x_wconf 88' lang='lat' dir='ltr'><strong>prostrati</strong></span> <span class='ocrx_word' id='word_1_225' title='bbox 1137 3517 1451 3589; x_wconf 89' lang='lat' dir='ltr'><strong>dempserat</strong></span> <span class='ocrx_word' id='word_1_226' title='bbox 1480 3535 1697 3593; x_wconf 85' lang='lat' dir='ltr'><strong>ausum.</strong></span> 
     </span>
    </p>
   </div>
   <div class='ocr_carea' id='block_1_42' title="bbox 241 3606 1621 3678">
    <p class='ocr_par' dir='ltr' id='par_1_42' title="bbox 241 3606 1621 3678">
     <span class='ocr_line' id='line_1_42' title="bbox 241 3606 1621 3678; baseline 0.002 -19"><span class='ocrx_word' id='word_1_227' title='bbox 241 3606 475 3678; x_wconf 85' lang='lat' dir='ltr'><strong>Vimque</strong></span> <span class='ocrx_word' id='word_1_228' title='bbox 505 3606 679 3661; x_wconf 92' lang='lat' dir='ltr'><strong>oculis</strong></span> <span class='ocrx_word' id='word_1_229' title='bbox 700 3606 871 3661; x_wconf 90' lang='lat' dir='ltr'><strong>aciem</strong></span> <span class='ocrx_word' id='word_1_230' title='bbox 905 3623 1121 3678; x_wconf 67' lang='lat' dir='ltr'><strong>supera:</strong></span> <span class='ocrx_word' id='word_1_231' title='bbox 1152 3607 1441 3663; x_wconf 88' lang='lat' dir='ltr'><strong>sustollere</strong></span> <span class='ocrx_word' id='word_1_232' title='bbox 1480 3609 1621 3676; x_wconf 88' lang='lat' dir='ltr'><strong>sedi,</strong></span> 
     </span>
    </p>
   </div>
   <div class='ocr_carea' id='block_1_43' title="bbox 241 3700 1667 3777">
    <p class='ocr_par' dir='ltr' id='par_1_43' title="bbox 241 3700 1667 3777">
     <span class='ocr_line' id='line_1_43' title="bbox 241 3700 1667 3777; baseline 0.004 -23"><span class='ocrx_word' id='word_1_233' title='bbox 241 3700 623 3755; x_wconf 89' lang='lat' dir='ltr'><strong>Christicolam</strong></span> <span class='ocrx_word' id='word_1_234' title='bbox 660 3710 945 3767; x_wconf 86' lang='lat' dir='ltr'><strong>memorat,</strong></span> <span class='ocrx_word' id='word_1_235' title='bbox 969 3703 1238 3777; x_wconf 87' lang='lat' dir='ltr'><strong>rogitatus</strong></span> <span class='ocrx_word' id='word_1_236' title='bbox 1264 3702 1667 3771; x_wconf 90' lang='lat' dir='ltr'><strong>conditionem,</strong></span> 
     </span>
    </p>
   </div>
   <div class='ocr_carea' id='block_1_44' title="bbox 240 3788 1647 3859">
    <p class='ocr_par' dir='ltr' id='par_1_44' title="bbox 240 3788 1647 3859">
     <span class='ocr_line' id='line_1_44' title="bbox 240 3788 1647 3859; baseline 0.004 -18"><span class='ocrx_word' id='word_1_237' title='bbox 240 3788 508 3842; x_wconf 84' lang='lat' dir='ltr'><strong>Memtiris</strong></span> <span class='ocrx_word' id='word_1_238' title='bbox 552 3789 813 3859; x_wconf 66' lang='lat' dir='ltr'><strong>quaesitor</strong></span> <span class='ocrx_word' id='word_1_239' title='bbox 842 3790 915 3844; x_wconf 88' lang='lat' dir='ltr'><strong>ait</strong></span> <span class='ocrx_word' id='word_1_240' title='bbox 948 3808 961 3844; x_wconf 89' lang='lat'><strong>:</strong></span> <span class='ocrx_word' id='word_1_241' title='bbox 1002 3812 1022 3840; x_wconf 76' lang='grc' dir='ltr'>ι</span> <span class='ocrx_word' id='word_1_242' title='bbox 1060 3790 1343 3845; x_wconf 82' lang='lat' dir='ltr'><strong>Ciceronis</strong></span> <span class='ocrx_word' id='word_1_243' title='bbox 1371 3793 1647 3859; x_wconf 88' lang='lat' dir='ltr'><strong>alumnus,</strong></span> 
     </span>
    </p>
   </div>
   <div class='ocr_carea' id='block_1_45' title="bbox 237 3876 1857 3945">
    <p class='ocr_par' dir='ltr' id='par_1_45' title="bbox 237 3876 1857 3945">
     <span class='ocr_line' id='line_1_45' title="bbox 237 3876 1857 3945; baseline 0.002 -13"><span class='ocrx_word' id='word_1_244' title='bbox 237 3878 361 3932; x_wconf 91' lang='lat' dir='ltr'><strong>Non</strong></span> <span class='ocrx_word' id='word_1_245' title='bbox 392 3876 587 3931; x_wconf 88' lang='lat' dir='ltr'><strong>Christi</strong></span> <span class='ocrx_word' id='word_1_246' title='bbox 620 3894 699 3945; x_wconf 92' lang='lat' dir='ltr'><strong>es,</strong></span> <span class='ocrx_word' id='word_1_247' title='bbox 733 3894 827 3934; x_wconf 93' lang='lat' dir='ltr'><strong>cor</strong></span> <span class='ocrx_word' id='word_1_248' title='bbox 859 3880 949 3934; x_wconf 92' lang='lat' dir='ltr'><strong>ubi</strong></span> <span class='ocrx_word' id='word_1_249' title='bbox 984 3888 1107 3934; x_wconf 90' lang='lat' dir='ltr'><strong>tuus</strong></span> <span class='ocrx_word' id='word_1_250' title='bbox 1138 3887 1193 3935; x_wconf 91' lang='lat' dir='ltr'><strong>et</strong></span> <span class='ocrx_word' id='word_1_251' title='bbox 1215 3881 1502 3936; x_wconf 88' lang='lat' dir='ltr'><strong>thesaurus</strong></span> <span class='ocrx_word' id='word_1_252' title='bbox 1544 3881 1795 3938; x_wconf 89' lang='lat' dir='ltr'><strong>habetur.</strong></span> <span class='ocrx_word' id='word_1_253' title='bbox 1834 3904 1857 3935; x_wconf 87' lang='grc'><strong>››</strong></span> 
     </span>
    </p>
   </div>
   <div class='ocr_carea' id='block_1_46' title="bbox 236 3964 1648 4042">
    <p class='ocr_par' dir='ltr' id='par_1_46' title="bbox 236 3964 1648 4042">
     <span class='ocr_line' id='line_1_46' title="bbox 236 3964 1648 4042; baseline 0.005 -22"><span class='ocrx_word' id='word_1_254' title='bbox 236 3965 436 4021; x_wconf 88' lang='lat' dir='ltr'><strong>Delicit</strong></span> <span class='ocrx_word' id='word_1_255' title='bbox 466 3964 552 4019; x_wconf 90' lang='lat' dir='ltr'><strong>his</strong></span> <span class='ocrx_word' id='word_1_256' title='bbox 582 3967 929 4039; x_wconf 91' lang='lat' dir='ltr'><strong>memorique</strong></span> <span class='ocrx_word' id='word_1_257' title='bbox 960 3968 1136 4042; x_wconf 84' lang='lat' dir='ltr'><strong>magis</strong></span> <span class='ocrx_word' id='word_1_258' title='bbox 1160 3970 1503 4025; x_wconf 91' lang='lat' dir='ltr'><strong>consumitur</strong></span> <span class='ocrx_word' id='word_1_259' title='bbox 1523 3980 1648 4027; x_wconf 92' lang='lat' dir='ltr'><strong>actu</strong></span> 
     </span>
    </p>
   </div>
   <div class='ocr_carea' id='block_1_47' title="bbox 234 4057 1642 4133">
    <p class='ocr_par' dir='ltr' id='par_1_47' title="bbox 234 4057 1642 4133">
     <span class='ocr_line' id='line_1_47' title="bbox 234 4057 1642 4133; baseline 0.004 -22"><span class='ocrx_word' id='word_1_260' title='bbox 234 4058 407 4122; x_wconf 81' lang='lat' dir='ltr'><strong>Quam</strong></span> <span class='ocrx_word' id='word_1_261' title='bbox 440 4058 615 4133; x_wconf 89' lang='lat' dir='ltr'><strong>rigido</strong></span> <span class='ocrx_word' id='word_1_262' title='bbox 649 4058 783 4113; x_wconf 57' lang='lat' dir='ltr'><strong>caedi</strong></span> <span class='ocrx_word' id='word_1_263' title='bbox 817 4057 995 4113; x_wconf 88' lang='lat' dir='ltr'><strong>fuerat</strong></span> <span class='ocrx_word' id='word_1_264' title='bbox 1025 4074 1136 4130; x_wconf 90' lang='lat' dir='ltr'><strong>quo</strong></span> <span class='ocrx_word' id='word_1_265' title='bbox 1170 4061 1401 4115; x_wconf 87' lang='lat' dir='ltr'><strong>verbera</strong></span> <span class='ocrx_word' id='word_1_266' title='bbox 1427 4061 1642 4130; x_wconf 90' lang='lat' dir='ltr'><strong>jussus.</strong></span> 
     </span>
    </p>
   </div>
   <div class='ocr_carea' id='block_1_48' title="bbox 237 4151 1786 4225">
    <p class='ocr_par' dir='ltr' id='par_1_48' title="bbox 237 4151 1786 4225">
     <span class='ocr_line' id='line_1_48' title="bbox 237 4151 1786 4225; baseline 0.005 -21"><span class='ocrx_word' id='word_1_267' title='bbox 237 4151 387 4206; x_wconf 91' lang='lat' dir='ltr'><strong>Inter</strong></span> <span class='ocrx_word' id='word_1_268' title='bbox 417 4152 586 4225; x_wconf 76' lang='lat' dir='ltr'><strong>ﬂagra</strong></span> <span class='ocrx_word' id='word_1_269' title='bbox 616 4159 821 4207; x_wconf 90' lang='lat' dir='ltr'><strong>tamen.</strong></span> <span class='ocrx_word' id='word_1_270' title='bbox 861 4173 882 4202; x_wconf 77' lang='grc' dir='ltr'>ι</span> <span class='ocrx_word' id='word_1_271' title='bbox 919 4153 1168 4220; x_wconf 87' lang='lat' dir='ltr'><strong>Domine,</strong></span> <span class='ocrx_word' id='word_1_272' title='bbox 1196 4154 1480 4222; x_wconf 86' lang='lat' dir='ltr'><strong>miserere,</strong></span> <span class='ocrx_word' id='word_1_273' title='bbox 1515 4157 1786 4213; x_wconf 77' lang='lat' dir='ltr'><strong>serebat.-</strong></span> 
     </span>
    </p>
   </div>
   <div class='ocr_carea' id='block_1_49' title="bbox 250 4241 1650 4319">
    <p class='ocr_par' dir='ltr' id='par_1_49' title="bbox 250 4241 1650 4319">
     <span class='ocr_line' id='line_1_49' title="bbox 250 4241 1650 4319; baseline 0.004 -24"><span class='ocrx_word' id='word_1_274' title='bbox 250 4241 375 4297; x_wconf 67' lang='lat' dir='ltr'><strong>Iltec</strong></span> <span class='ocrx_word' id='word_1_275' title='bbox 413 4241 508 4296; x_wconf 88' lang='lat' dir='ltr'><strong>ubi</strong></span> <span class='ocrx_word' id='word_1_276' title='bbox 538 4258 639 4297; x_wconf 89' lang='lat' dir='ltr'><strong>vox</strong></span> <span class='ocrx_word' id='word_1_277' title='bbox 671 4242 809 4297; x_wconf 88' lang='lat' dir='ltr'><strong>tristi</strong></span> <span class='ocrx_word' id='word_1_278' title='bbox 834 4250 1042 4298; x_wconf 90' lang='lat' dir='ltr'><strong>tantum</strong></span> <span class='ocrx_word' id='word_1_279' title='bbox 1073 4244 1337 4319; x_wconf 90' lang='lat' dir='ltr'><strong>plangore</strong></span> <span class='ocrx_word' id='word_1_280' title='bbox 1368 4245 1650 4317; x_wconf 90' lang='lat' dir='ltr'><strong>crepabat,</strong></span> 
     </span>
    </p>
   </div>
   <div class='ocr_carea' id='block_1_50' title="bbox 243 4335 1753 4410">
    <p class='ocr_par' dir='ltr' id='par_1_50' title="bbox 243 4335 1753 4410">
     <span class='ocr_line' id='line_1_50' title="bbox 243 4335 1753 4410; baseline 0.005 -20"><span class='ocrx_word' id='word_1_281' title='bbox 243 4335 486 4391; x_wconf 86' lang='lat' dir='ltr'><strong>Tandem</strong></span> <span class='ocrx_word' id='word_1_282' title='bbox 519 4337 840 4392; x_wconf 87' lang='lat' dir='ltr'><strong>assistentes</strong></span> <span class='ocrx_word' id='word_1_283' title='bbox 870 4337 1109 4410; x_wconf 88' lang='lat' dir='ltr'><strong>genibus</strong></span> <span class='ocrx_word' id='word_1_284' title='bbox 1141 4354 1199 4393; x_wconf 91' lang='lat' dir='ltr'><strong>se</strong></span> <span class='ocrx_word' id='word_1_285' title='bbox 1228 4338 1520 4396; x_wconf 90' lang='lat' dir='ltr'><strong>abvolvere</strong></span> <span class='ocrx_word' id='word_1_286' title='bbox 1552 4342 1753 4397; x_wconf 90' lang='lat' dir='ltr'><strong>summi</strong></span> 
     </span>
    </p>
   </div>
   <div class='ocr_carea' id='block_1_51' title="bbox 244 4425 1575 4499">
    <p class='ocr_par' dir='ltr' id='par_1_51' title="bbox 244 4425 1575 4499">
     <span class='ocr_line' id='line_1_51' title="bbox 244 4425 1575 4499; baseline 0.005 -18"><span class='ocrx_word' id='word_1_287' title='bbox 244 4425 522 4495; x_wconf 87' lang='lat' dir='ltr'><strong>Censoris,</strong></span> <span class='ocrx_word' id='word_1_288' title='bbox 552 4428 769 4484; x_wconf 90' lang='lat' dir='ltr'><strong>veniam</strong></span> <span class='ocrx_word' id='word_1_289' title='bbox 790 4436 1012 4484; x_wconf 89' lang='lat' dir='ltr'><strong>orantes</strong></span> <span class='ocrx_word' id='word_1_290' title='bbox 1034 4428 1373 4498; x_wconf 80' lang='lat' dir='ltr'><strong>juvenilibus</strong></span> <span class='ocrx_word' id='word_1_291' title='bbox 1398 4431 1575 4499; x_wconf 88' lang='lat' dir='ltr'><strong>annis,</strong></span> 
     </span>
    </p>
   </div>
   <div class='ocr_carea' id='block_1_52' title="bbox 241 4518 1573 4596">
    <p class='ocr_par' dir='ltr' id='par_1_52' title="bbox 241 4518 1573 4596">
     <span class='ocr_line' id='line_1_52' title="bbox 241 4518 1573 4596; baseline 0.004 -23"><span class='ocrx_word' id='word_1_292' title='bbox 241 4519 420 4593; x_wconf 89' lang='lat' dir='ltr'><strong>Digna</strong></span> <span class='ocrx_word' id='word_1_293' title='bbox 450 4518 562 4591; x_wconf 89' lang='lat' dir='ltr'><strong>pati</strong></span> <span class='ocrx_word' id='word_1_294' title='bbox 602 4520 832 4575; x_wconf 89' lang='lat' dir='ltr'><strong>edentes</strong></span> <span class='ocrx_word' id='word_1_295' title='bbox 860 4529 987 4591; x_wconf 86' lang='lat' dir='ltr'><strong>post</strong></span> <span class='ocrx_word' id='word_1_296' title='bbox 1013 4521 1058 4574; x_wconf 92' lang='lat' dir='ltr'><strong>si</strong></span> <span class='ocrx_word' id='word_1_297' title='bbox 1083 4523 1573 4596; x_wconf 86' lang='lat' dir='ltr'><strong>paganarequiret.</strong></span> 
     </span>
    </p>
   </div>
   <div class='ocr_carea' id='block_1_53' title="bbox 244 4608 1554 4683">
    <p class='ocr_par' dir='ltr' id='par_1_53' title="bbox 244 4608 1554 4683">
     <span class='ocr_line' id='line_1_53' title="bbox 244 4608 1554 4683; baseline 0.003 -18"><span class='ocrx_word' id='word_1_298' title='bbox 244 4608 577 4665; x_wconf 89' lang='lat' dir='ltr'><strong>Concessum</strong></span> <span class='ocrx_word' id='word_1_299' title='bbox 602 4609 748 4679; x_wconf 84' lang='lat' dir='ltr'><strong>jura,</strong></span> <span class='ocrx_word' id='word_1_300' title='bbox 771 4611 1071 4682; x_wconf 88' lang='lat' dir='ltr'><strong>jurareque</strong></span> <span class='ocrx_word' id='word_1_301' title='bbox 1087 4626 1301 4666; x_wconf 91' lang='lat' dir='ltr'><strong>summa</strong></span> <span class='ocrx_word' id='word_1_302' title='bbox 1332 4622 1554 4683; x_wconf 87' lang='lat' dir='ltr'><strong>paratus</strong></span> 
     </span>
    </p>
   </div>
   <div class='ocr_carea' id='block_1_54' title="bbox 244 4700 1718 4775">
    <p class='ocr_par' dir='ltr' id='par_1_54' title="bbox 244 4700 1718 4775">
     <span class='ocr_line' id='line_1_54' title="bbox 244 4700 1718 4775; baseline 0.004 -19"><span class='ocrx_word' id='word_1_303' title='bbox 244 4700 478 4757; x_wconf 82' lang='lat' dir='ltr'><strong>Mittitur</strong></span> <span class='ocrx_word' id='word_1_304' title='bbox 513 4710 676 4773; x_wconf 88' lang='lat' dir='ltr'><strong>atque</strong></span> <span class='ocrx_word' id='word_1_305' title='bbox 706 4702 809 4757; x_wconf 90' lang='lat' dir='ltr'><strong>sub</strong></span> <span class='ocrx_word' id='word_1_306' title='bbox 841 4702 943 4757; x_wconf 91' lang='lat' dir='ltr'><strong>hac</strong></span> <span class='ocrx_word' id='word_1_307' title='bbox 965 4703 1069 4757; x_wconf 90' lang='lat' dir='ltr'><strong>sibi</strong></span> <span class='ocrx_word' id='word_1_308' title='bbox 1092 4704 1410 4760; x_wconf 89' lang='lat' dir='ltr'><strong>conditione</strong></span> <span class='ocrx_word' id='word_1_309' title='bbox 1440 4721 1718 4775; x_wconf 85' lang='lat' dir='ltr'><strong>reversus,</strong></span> 
     </span>
    </p>
   </div>
   <div class='ocr_carea' id='block_1_55' title="bbox 242 4793 1615 4866">
    <p class='ocr_par' dir='ltr' id='par_1_55' title="bbox 242 4793 1615 4866">
     <span class='ocr_line' id='line_1_55' title="bbox 242 4793 1615 4866; baseline 0.002 -17"><span class='ocrx_word' id='word_1_310' title='bbox 242 4793 502 4849; x_wconf 86' lang='lat' dir='ltr'><strong>Perfusos</strong></span> <span class='ocrx_word' id='word_1_311' title='bbox 532 4793 788 4866; x_wconf 90' lang='lat' dir='ltr'><strong>lacrymis</strong></span> <span class='ocrx_word' id='word_1_312' title='bbox 818 4794 1028 4862; x_wconf 91' lang='lat' dir='ltr'><strong>oculos,</strong></span> <span class='ocrx_word' id='word_1_313' title='bbox 1060 4794 1296 4851; x_wconf 91' lang='lat' dir='ltr'><strong>mirante</strong></span> <span class='ocrx_word' id='word_1_314' title='bbox 1333 4797 1615 4866; x_wconf 85' lang='lat' dir='ltr'><strong>tumultu,‘</strong></span> 
     </span>
    </p>
   </div>
   <div class='ocr_carea' id='block_1_56' title="bbox 250 4886 1582 4961">
    <p class='ocr_par' dir='ltr' id='par_1_56' title="bbox 250 4886 1582 4961">
     <span class='ocr_line' id='line_1_56' title="bbox 250 4886 1582 4961; baseline 0.004 -20"><span class='ocrx_word' id='word_1_315' title='bbox 250 4886 530 4961; x_wconf 84' lang='lat' dir='ltr'><strong>Evigilans</strong></span> <span class='ocrx_word' id='word_1_316' title='bbox 559 4887 756 4959; x_wconf 88' lang='lat' dir='ltr'><strong>aperit,</strong></span> <span class='ocrx_word' id='word_1_317' title='bbox 788 4902 1044 4943; x_wconf 91' lang='lat' dir='ltr'><strong>somnum</strong></span> <span class='ocrx_word' id='word_1_318' title='bbox 1070 4887 1115 4942; x_wconf 91' lang='lat' dir='ltr'><strong>si</strong></span> <span class='ocrx_word' id='word_1_319' title='bbox 1149 4887 1337 4944; x_wconf 90' lang='lat' dir='ltr'><strong>dicere</strong></span> <span class='ocrx_word' id='word_1_320' title='bbox 1370 4888 1449 4945; x_wconf 89' lang='lat' dir='ltr'><strong>fas</strong></span> <span class='ocrx_word' id='word_1_321' title='bbox 1477 4898 1582 4946; x_wconf 89' lang='lat' dir='ltr'><strong>est.</strong></span> 
     </span>
    </p>
   </div>
   <div class='ocr_carea' id='block_1_57' title="bbox 249 4978 1512 5065">
    <p class='ocr_par' dir='ltr' id='par_1_57' title="bbox 249 4978 1512 5065">
     <span class='ocr_line' id='line_1_57' title="bbox 249 4978 1512 5065; baseline 0.003 -31"><span class='ocrx_word' id='word_1_322' title='bbox 249 4979 489 5036; x_wconf 88' lang='lat' dir='ltr'><strong>Verbere</strong></span> <span class='ocrx_word' id='word_1_323' title='bbox 519 4996 630 5052; x_wconf 88' lang='lat' dir='ltr'><strong>quo</strong></span> <span class='ocrx_word' id='word_1_324' title='bbox 670 4979 829 5035; x_wconf 88' lang='lat' dir='ltr'><strong>tritus</strong></span> <span class='ocrx_word' id='word_1_325' title='bbox 854 4978 993 5036; x_wconf 90' lang='lat' dir='ltr'><strong>duro</strong></span> <span class='ocrx_word' id='word_1_326' title='bbox 1025 4980 1264 5065; x_wconf 67' lang='lat' dir='ltr'><strong>sensisse</strong></span> <span class='ocrx_word' id='word_1_327' title='bbox 1292 4981 1512 5038; x_wconf 91' lang='lat' dir='ltr'><strong>dolores</strong></span> 
     </span>
    </p>
   </div>
   <div class='ocr_carea' id='block_1_58' title="bbox 247 5072 1686 5145">
    <p class='ocr_par' dir='ltr' id='par_1_58' title="bbox 247 5072 1686 5145">
     <span class='ocr_line' id='line_1_58' title="bbox 247 5072 1686 5145; baseline 0.002 -18"><span class='ocrx_word' id='word_1_328' title='bbox 247 5072 518 5136; x_wconf 89' lang='lat' dir='ltr'><strong>Testatur,</strong></span> <span class='ocrx_word' id='word_1_329' title='bbox 549 5088 764 5144; x_wconf 88' lang='lat' dir='ltr'><strong>passus,</strong></span> <span class='ocrx_word' id='word_1_330' title='bbox 786 5072 1027 5143; x_wconf 89' lang='lat' dir='ltr'><strong>scapulis</strong></span> <span class='ocrx_word' id='word_1_331' title='bbox 1056 5088 1277 5145; x_wconf 89' lang='lat' dir='ltr'><strong>quoque</strong></span> <span class='ocrx_word' id='word_1_332' title='bbox 1306 5072 1446 5129; x_wconf 84' lang='lat' dir='ltr'><strong>livor</strong></span> <span class='ocrx_word' id='word_1_333' title='bbox 1474 5073 1686 5130; x_wconf 90' lang='lat' dir='ltr'><strong>inustis.</strong></span> 
     </span>
    </p>
   </div>
   <div class='ocr_carea' id='block_1_59' title="bbox 322 5166 1518 5240">
    <p class='ocr_par' dir='ltr' id='par_1_59' title="bbox 322 5166 1518 5240">
     <span class='ocr_line' id='line_1_59' title="bbox 322 5166 1518 5240; baseline 0.003 -18"><span class='ocrx_word' id='word_1_334' title='bbox 322 5167 459 5223; x_wconf 86' lang='lat' dir='ltr'><strong>Hinc</strong></span> <span class='ocrx_word' id='word_1_335' title='bbox 488 5173 640 5222; x_wconf 89' lang='lat' dir='ltr'><strong>tanto</strong></span> <span class='ocrx_word' id='word_1_336' title='bbox 665 5166 852 5222; x_wconf 91' lang='lat' dir='ltr'><strong>divina</strong></span> <span class='ocrx_word' id='word_1_337' title='bbox 886 5166 1023 5240; x_wconf 83' lang='lat' dir='ltr'><strong>legit</strong></span> <span class='ocrx_word' id='word_1_338' title='bbox 1061 5167 1282 5239; x_wconf 91' lang='lat' dir='ltr'><strong>pietatis</strong></span> <span class='ocrx_word' id='word_1_339' title='bbox 1310 5185 1518 5238; x_wconf 89' lang='lat' dir='ltr'><strong>amore,</strong></span> 
     </span>
    </p>
   </div>
   <div class='ocr_carea' id='block_1_60' title="bbox 249 5261 1507 5338">
    <p class='ocr_par' dir='ltr' id='par_1_60' title="bbox 249 5261 1507 5338">
     <span class='ocr_line' id='line_1_60' title="bbox 249 5261 1507 5338; baseline 0.001 -20"><span class='ocrx_word' id='word_1_340' title='bbox 249 5261 463 5329; x_wconf 84' lang='lat' dir='ltr'><strong>Quanto</strong></span> <span class='ocrx_word' id='word_1_341' title='bbox 485 5278 598 5319; x_wconf 89' lang='lat' dir='ltr'><strong>non</strong></span> <span class='ocrx_word' id='word_1_342' title='bbox 623 5262 811 5318; x_wconf 84' lang='lat' dir='ltr'><strong>studio</strong></span> <span class='ocrx_word' id='word_1_343' title='bbox 836 5261 1087 5318; x_wconf 87' lang='lat' dir='ltr'><strong>mortalia</strong></span> <span class='ocrx_word' id='word_1_344' title='bbox 1117 5263 1325 5338; x_wconf 87' lang='lat' dir='ltr'><strong>legerat</strong></span> <span class='ocrx_word' id='word_1_345' title='bbox 1361 5271 1507 5321; x_wconf 87' lang='lat' dir='ltr'><strong>ante.</strong></span> 
     </span>
    </p>
   </div>
   <div class='ocr_carea' id='block_1_61' title="bbox 249 5357 1452 5429">
    <p class='ocr_par' dir='ltr' id='par_1_61' title="bbox 249 5357 1452 5429">
     <span class='ocr_line' id='line_1_61' title="bbox 249 5357 1452 5429; baseline 0.001 -16"><span class='ocrx_word' id='word_1_346' title='bbox 249 5357 341 5414; x_wconf 82' lang='lat' dir='ltr'><strong>His</strong></span> <span class='ocrx_word' id='word_1_347' title='bbox 367 5357 520 5414; x_wconf 87' lang='lat' dir='ltr'><strong>refici</strong></span> <span class='ocrx_word' id='word_1_348' title='bbox 543 5357 780 5424; x_wconf 85' lang='lat' dir='ltr'><strong>fervens,</strong></span> <span class='ocrx_word' id='word_1_349' title='bbox 821 5358 991 5413; x_wconf 88' lang='lat' dir='ltr'><strong>subiit</strong></span> <span class='ocrx_word' id='word_1_350' title='bbox 1022 5358 1277 5429; x_wconf 88' lang='lat' dir='ltr'><strong>Byzantia</strong></span> <span class='ocrx_word' id='word_1_351' title='bbox 1309 5366 1452 5414; x_wconf 92' lang='lat' dir='ltr'><strong>tecta</strong></span> 
     </span>
    </p>
   </div>
   <div class='ocr_carea' id='block_1_62' title="bbox 245 5450 1500 5528">
    <p class='ocr_par' dir='ltr' id='par_1_62' title="bbox 245 5450 1500 5528">
     <span class='ocr_line' id='line_1_62' title="bbox 245 5450 1500 5528; baseline 0.002 -24"><span class='ocrx_word' id='word_1_352' title='bbox 245 5450 494 5525; x_wconf 83' lang='lat' dir='ltr'><strong>Gregorii</strong></span> <span class='ocrx_word' id='word_1_353' title='bbox 529 5450 857 5517; x_wconf 81' lang='lat' dir='ltr'><strong>Nazanzeni,</strong></span> <span class='ocrx_word' id='word_1_354' title='bbox 888 5457 1017 5507; x_wconf 91' lang='lat' dir='ltr'><strong>tunc</strong></span> <span class='ocrx_word' id='word_1_355' title='bbox 1048 5454 1303 5528; x_wconf 83' lang='lat' dir='ltr'><strong>dogmate</strong></span> <span class='ocrx_word' id='word_1_356' title='bbox 1335 5453 1500 5509; x_wconf 90' lang='lat' dir='ltr'><strong>clara.</strong></span> 
     </span>
    </p>
   </div>
   <div class='ocr_carea' id='block_1_63' title="bbox 244 5541 1667 5614">
    <p class='ocr_par' dir='ltr' id='par_1_63' title="bbox 244 5541 1667 5614">
     <span class='ocr_line' id='line_1_63' title="bbox 244 5541 1667 5614; baseline 0.001 -16"><span class='ocrx_word' id='word_1_357' title='bbox 244 5541 337 5598; x_wconf 90' lang='lat' dir='ltr'><strong>Cui</strong></span> <span class='ocrx_word' id='word_1_358' title='bbox 368 5559 428 5598; x_wconf 86' lang='lat' dir='ltr'><strong>se</strong></span> <span class='ocrx_word' id='word_1_359' title='bbox 461 5558 566 5597; x_wconf 89' lang='lat' dir='ltr'><strong>ceu</strong></span> <span class='ocrx_word' id='word_1_360' title='bbox 596 5541 791 5596; x_wconf 91' lang='lat' dir='ltr'><strong>docilis</strong></span> <span class='ocrx_word' id='word_1_361' title='bbox 816 5543 1048 5613; x_wconf 87' lang='lat' dir='ltr'><strong>supplex</strong></span> <span class='ocrx_word' id='word_1_362' title='bbox 1073 5542 1619 5614; x_wconf 56' lang='lat' dir='ltr'><strong>summititialumnus</strong></span> <span class='ocrx_word' id='word_1_363' title='bbox 1654 5563 1667 5600; x_wconf 91' lang='lat'>:</span> 
     </span>
    </p>
   </div>
   <div class='ocr_carea' id='block_1_64' title="bbox 243 5629 1630 5703">
    <p class='ocr_par' dir='ltr' id='par_1_64' title="bbox 243 5629 1630 5703">
     <span class='ocr_line' id='line_1_64' title="bbox 243 5629 1630 5703; baseline 0.002 -17"><span class='ocrx_word' id='word_1_364' title='bbox 243 5630 657 5703; x_wconf 65' lang='lat' dir='ltr'><strong>Scriptumque</strong></span> <span class='ocrx_word' id='word_1_365' title='bbox 682 5643 849 5683; x_wconf 83' lang='lat' dir='ltr'><strong>sacrae</strong></span> <span class='ocrx_word' id='word_1_366' title='bbox 875 5629 1110 5700; x_wconf 87' lang='lat' dir='ltr'><strong>dapibus</strong></span> <span class='ocrx_word' id='word_1_367' title='bbox 1139 5631 1365 5687; x_wconf 87' lang='lat' dir='ltr'><strong>satiatus</strong></span> <span class='ocrx_word' id='word_1_368' title='bbox 1392 5632 1458 5685; x_wconf 89' lang='lat' dir='ltr'><strong>ab</strong></span> <span class='ocrx_word' id='word_1_369' title='bbox 1489 5630 1630 5703; x_wconf 89' lang='lat' dir='ltr'><strong>ipso,</strong></span> 
     </span>
    </p>
   </div>
   <div class='ocr_carea' id='block_1_65' title="bbox 1960 1438 3287 1528">
    <p class='ocr_par' dir='ltr' id='par_1_65' title="bbox 1960 1438 3287 1528">
     <span class='ocr_line' id='line_1_65' title="bbox 1960 1438 3287 1528; baseline 0.018 -37"><span class='ocrx_word' id='word_1_370' title='bbox 1960 1438 2095 1493; x_wconf 89' lang='lat' dir='ltr'><strong>llinc</strong></span> <span class='ocrx_word' id='word_1_371' title='bbox 2132 1440 2343 1512; x_wconf 86' lang='lat' dir='ltr'><strong>Syriam</strong></span> <span class='ocrx_word' id='word_1_372' title='bbox 2378 1444 2536 1501; x_wconf 55' lang='lat' dir='ltr'><strong>laetus</strong></span> <span class='ocrx_word' id='word_1_373' title='bbox 2565 1447 2892 1522; x_wconf 89' lang='lat' dir='ltr'><strong>desertaque</strong></span> <span class='ocrx_word' id='word_1_374' title='bbox 2922 1471 3045 1509; x_wconf 89' lang='lat' dir='ltr'><strong>rura</strong></span> <span class='ocrx_word' id='word_1_375' title='bbox 3077 1460 3287 1528; x_wconf 85' lang='lat' dir='ltr'><strong>petivit,</strong></span> 
     </span>
    </p>
   </div>
   <div class='ocr_carea' id='block_1_66' title="bbox 1958 1530 3305 1624">
    <p class='ocr_par' dir='ltr' id='par_1_66' title="bbox 1958 1530 3305 1624">
     <span class='ocr_line' id='line_1_66' title="bbox 1958 1530 3305 1624; baseline 0.019 -42"><span class='ocrx_word' id='word_1_376' title='bbox 1958 1530 2238 1601; x_wconf 86' lang='lat' dir='ltr'><strong>Simplicis</strong></span> <span class='ocrx_word' id='word_1_377' title='bbox 2260 1542 2482 1590; x_wconf 89' lang='lat' dir='ltr'><strong>evectus</strong></span> <span class='ocrx_word' id='word_1_378' title='bbox 2517 1541 2716 1608; x_wconf 90' lang='lat' dir='ltr'><strong>pennis</strong></span> <span class='ocrx_word' id='word_1_379' title='bbox 2741 1541 2808 1595; x_wconf 86' lang='lat' dir='ltr'><strong>ad</strong></span> <span class='ocrx_word' id='word_1_380' title='bbox 2842 1545 2987 1599; x_wconf 90' lang='lat' dir='ltr'><strong>celsa</strong></span> <span class='ocrx_word' id='word_1_381' title='bbox 3017 1550 3305 1624; x_wconf 50' lang='lat' dir='ltr'><strong>columba’]</strong></span> 
     </span>
    </p>
   </div>
   <div class='ocr_carea' id='block_1_67' title="bbox 1891 1621 3369 1712">
    <p class='ocr_par' dir='ltr' id='par_1_67' title="bbox 1891 1621 3369 1712">
     <span class='ocr_line' id='line_1_67' title="bbox 1891 1621 3369 1712; baseline 0.019 -40"><span class='ocrx_word' id='word_1_382' title='bbox 1891 1634 1942 1702; x_wconf 78' lang='grc' dir='ltr'><strong>Β</strong></span> <span class='ocrx_word' id='word_1_383' title='bbox 1964 1621 2239 1688; x_wconf 81' lang='lat' dir='ltr'><strong>Mollibus,</strong></span> <span class='ocrx_word' id='word_1_384' title='bbox 2264 1628 2531 1702; x_wconf 85' lang='lat' dir='ltr'><strong>elongans</strong></span> <span class='ocrx_word' id='word_1_385' title='bbox 2559 1634 2808 1703; x_wconf 81' lang='lat' dir='ltr'><strong>sequitur</strong></span> <span class='ocrx_word' id='word_1_386' title='bbox 2835 1635 2953 1691; x_wconf 90' lang='lat' dir='ltr'><strong>loca</strong></span> <span class='ocrx_word' id='word_1_387' title='bbox 2984 1641 3099 1694; x_wconf 85' lang='lat' dir='ltr'><strong>sole</strong></span> <span class='ocrx_word' id='word_1_388' title='bbox 3133 1621 3369 1712; x_wconf 78' lang='lat' dir='ltr'><strong>perusta,</strong></span> 
     </span>
    </p>
   </div>
   <div class='ocr_carea' id='block_1_68' title="bbox 1967 1712 3376 1791">
    <p class='ocr_par' dir='ltr' id='par_1_68' title="bbox 1967 1712 3376 1791">
     <span class='ocr_line' id='line_1_68' title="bbox 1967 1712 3376 1791; baseline 0.015 -26"><span class='ocrx_word' id='word_1_389' title='bbox 1967 1712 2027 1766; x_wconf 88' lang='lat' dir='ltr'><strong>Ni</strong></span> <span class='ocrx_word' id='word_1_390' title='bbox 2061 1715 2291 1769; x_wconf 86' lang='lat' dir='ltr'><strong>summis</strong></span> <span class='ocrx_word' id='word_1_391' title='bbox 2319 1720 2495 1773; x_wconf 91' lang='lat' dir='ltr'><strong>solum</strong></span> <span class='ocrx_word' id='word_1_392' title='bbox 2529 1725 2833 1791; x_wconf 91' lang='lat' dir='ltr'><strong>monachis,</strong></span> <span class='ocrx_word' id='word_1_393' title='bbox 2863 1726 3118 1785; x_wconf 77' lang='lat' dir='ltr'><strong>frustrata</strong></span> <span class='ocrx_word' id='word_1_394' title='bbox 3150 1735 3376 1791; x_wconf 28' lang='lat' dir='ltr'><strong>colonis.</strong></span> 
     </span>
    </p>
   </div>
   <div class='ocr_carea' id='block_1_69' title="bbox 1965 1806 3263 1894">
    <p class='ocr_par' dir='ltr' id='par_1_69' title="bbox 1965 1806 3263 1894">
     <span class='ocr_line' id='line_1_69' title="bbox 1965 1806 3263 1894; baseline 0.02 -36"><span class='ocrx_word' id='word_1_395' title='bbox 1965 1806 2227 1870; x_wconf 85' lang='lat' dir='ltr'><strong>Quattuor</strong></span> <span class='ocrx_word' id='word_1_396' title='bbox 2262 1812 2361 1867; x_wconf 90' lang='lat' dir='ltr'><strong>hac</strong></span> <span class='ocrx_word' id='word_1_397' title='bbox 2386 1815 2547 1869; x_wconf 88' lang='lat' dir='ltr'><strong>annis</strong></span> <span class='ocrx_word' id='word_1_398' title='bbox 2564 1825 2714 1872; x_wconf 87' lang='lat' dir='ltr'><strong>vasta</strong></span> <span class='ocrx_word' id='word_1_399' title='bbox 2744 1822 2967 1894; x_wconf 87' lang='lat' dir='ltr'><strong>regione</strong></span> <span class='ocrx_word' id='word_1_400' title='bbox 3010 1830 3263 1894; x_wconf 89' lang='lat' dir='ltr'><strong>peractis,</strong></span> 
     </span>
    </p>
   </div>
   <div class='ocr_carea' id='block_1_70' title="bbox 1964 1896 3485 1993">
    <p class='ocr_par' dir='ltr' id='par_1_70' title="bbox 1964 1896 3485 1993">
     <span class='ocr_line' id='line_1_70' title="bbox 1964 1896 3485 1993; baseline 0.02 -44"><span class='ocrx_word' id='word_1_401' title='bbox 1964 1896 2027 1951; x_wconf 90' lang='lat' dir='ltr'><strong>Ut</strong></span> <span class='ocrx_word' id='word_1_402' title='bbox 2057 1900 2300 1967; x_wconf 88' lang='lat' dir='ltr'><strong>prudens</strong></span> <span class='ocrx_word' id='word_1_403' title='bbox 2329 1903 2552 1969; x_wconf 86' lang='lat' dir='ltr'><strong>animal,</strong></span> <span class='ocrx_word' id='word_1_404' title='bbox 2586 1905 2780 1963; x_wconf 90' lang='lat' dir='ltr'><strong>Christi</strong></span> <span class='ocrx_word' id='word_1_405' title='bbox 2821 1911 2887 1964; x_wconf 88' lang='lat' dir='ltr'><strong>ad</strong></span> <span class='ocrx_word' id='word_1_406' title='bbox 2938 1930 3182 1987; x_wconf 70' lang='lat' dir='ltr'><strong>praesepe</strong></span> <span class='ocrx_word' id='word_1_407' title='bbox 3224 1926 3485 1993; x_wconf 75' lang='lat' dir='ltr'><strong>cucurrit,</strong></span> 
     </span>
    </p>
   </div>
   <div class='ocr_carea' id='block_1_71' title="bbox 1961 1988 3289 2085">
    <p class='ocr_par' dir='ltr' id='par_1_71' title="bbox 1961 1988 3289 2085">
     <span class='ocr_line' id='line_1_71' title="bbox 1961 1988 3289 2085; baseline 0.02 -44"><span class='ocrx_word' id='word_1_408' title='bbox 1961 1988 2021 2043; x_wconf 87' lang='lat' dir='ltr'><strong>Et</strong></span> <span class='ocrx_word' id='word_1_409' title='bbox 2050 2006 2111 2044; x_wconf 92' lang='lat' dir='ltr'><strong>se</strong></span> <span class='ocrx_word' id='word_1_410' title='bbox 2135 2008 2454 2050; x_wconf 89' lang='lat' dir='ltr'><strong>mansurum</strong></span> <span class='ocrx_word' id='word_1_411' title='bbox 2488 1997 2700 2053; x_wconf 92' lang='lat' dir='ltr'><strong>Domini</strong></span> <span class='ocrx_word' id='word_1_412' title='bbox 2730 2002 2797 2054; x_wconf 90' lang='lat' dir='ltr'><strong>ad</strong></span> <span class='ocrx_word' id='word_1_413' title='bbox 2829 2006 3101 2062; x_wconf 88' lang='lat' dir='ltr'><strong>cunabula</strong></span> <span class='ocrx_word' id='word_1_414' title='bbox 3142 2010 3289 2085; x_wconf 86' lang='lat' dir='ltr'><strong>legit.</strong></span> 
     </span>
    </p>
   </div>
   <div class='ocr_carea' id='block_1_72' title="bbox 1960 2080 3497 2169">
    <p class='ocr_par' dir='ltr' id='par_1_72' title="bbox 1960 2080 3497 2169">
     <span class='ocr_line' id='line_1_72' title="bbox 1960 2080 3497 2169; baseline 0.018 -37"><span class='ocrx_word' id='word_1_415' title='bbox 1960 2080 2055 2133; x_wconf 86' lang='lat' dir='ltr'><strong>llic</strong></span> <span class='ocrx_word' id='word_1_416' title='bbox 2084 2097 2264 2150; x_wconf 89' lang='lat' dir='ltr'><strong>orans,</strong></span> <span class='ocrx_word' id='word_1_417' title='bbox 2292 2086 2584 2153; x_wconf 87' lang='lat' dir='ltr'><strong>meditans,</strong></span> <span class='ocrx_word' id='word_1_418' title='bbox 2620 2090 2880 2159; x_wconf 90' lang='lat' dir='ltr'><strong>precibus</strong></span> <span class='ocrx_word' id='word_1_419' title='bbox 2912 2080 3224 2169; x_wconf 20' lang='lat' dir='ltr'><strong>studiisque“</strong></span> <span class='ocrx_word' id='word_1_420' title='bbox 3251 2104 3497 2169; x_wconf 85' lang='lat' dir='ltr'><strong>vacabat,</strong></span> 
     </span>
    </p>
   </div>
   <div class='ocr_carea' id='block_1_73' title="bbox 1956 2173 3300 2253">
    <p class='ocr_par' dir='ltr' id='par_1_73' title="bbox 1956 2173 3300 2253">
     <span class='ocr_line' id='line_1_73' title="bbox 1956 2173 3300 2253; baseline 0.019 -26"><span class='ocrx_word' id='word_1_421' title='bbox 1956 2173 2333 2250; x_wconf 83' lang='lat' dir='ltr'><strong>Jejunansqne</strong></span> <span class='ocrx_word' id='word_1_422' title='bbox 2359 2180 2504 2236; x_wconf 91' lang='lat' dir='ltr'><strong>diem</strong></span> <span class='ocrx_word' id='word_1_423' title='bbox 2536 2184 2713 2238; x_wconf 88' lang='lat' dir='ltr'><strong>noctis</strong></span> <span class='ocrx_word' id='word_1_424' title='bbox 2743 2186 2981 2243; x_wconf 88' lang='lat' dir='ltr'><strong>ducebat</strong></span> <span class='ocrx_word' id='word_1_425' title='bbox 3001 2192 3066 2245; x_wconf 90' lang='lat' dir='ltr'><strong>ad</strong></span> <span class='ocrx_word' id='word_1_426' title='bbox 3102 2202 3300 2253; x_wconf 88' lang='lat' dir='ltr'><strong>ortum.</strong></span> 
     </span>
    </p>
   </div>
   <div class='ocr_carea' id='block_1_74' title="bbox 1959 2269 3241 2359">
    <p class='ocr_par' dir='ltr' id='par_1_74' title="bbox 1959 2269 3241 2359">
     <span class='ocr_line' id='line_1_74' title="bbox 1959 2269 3241 2359; baseline 0.018 -37"><span class='ocrx_word' id='word_1_427' title='bbox 1959 2269 2113 2324; x_wconf 89' lang='lat' dir='ltr'><strong>Ilicet</strong></span> <span class='ocrx_word' id='word_1_428' title='bbox 2135 2271 2235 2327; x_wconf 91' lang='lat' dir='ltr'><strong>hac</strong></span> <span class='ocrx_word' id='word_1_429' title='bbox 2266 2274 2422 2329; x_wconf 91' lang='lat' dir='ltr'><strong>multi</strong></span> <span class='ocrx_word' id='word_1_430' title='bbox 2464 2275 2604 2331; x_wconf 89' lang='lat' dir='ltr'><strong>fama</strong></span> <span class='ocrx_word' id='word_1_431' title='bbox 2637 2280 2933 2337; x_wconf 89' lang='lat' dir='ltr'><strong>ductantur</strong></span> <span class='ocrx_word' id='word_1_432' title='bbox 2969 2286 3035 2340; x_wconf 89' lang='lat' dir='ltr'><strong>ad</strong></span> <span class='ocrx_word' id='word_1_433' title='bbox 3064 2288 3241 2359; x_wconf 91' lang='lat' dir='ltr'><strong>ipsum</strong></span> 
     </span>
    </p>
   </div>
   <div class='ocr_carea' id='block_1_75' title="bbox 1960 2360 3329 2451">
    <p class='ocr_par' dir='ltr' id='par_1_75' title="bbox 1960 2360 3329 2451">
     <span class='ocr_line' id='line_1_75' title="bbox 1960 2360 3329 2451; baseline 0.02 -39"><span class='ocrx_word' id='word_1_434' title='bbox 1960 2360 2166 2451; x_wconf 77' lang='lat' dir='ltr'><strong>Indolis</strong></span> <span class='ocrx_word' id='word_1_435' title='bbox 2193 2364 2431 2438; x_wconf 64' lang='lat' dir='ltr'><strong>egregiae</strong></span> <span class='ocrx_word' id='word_1_436' title='bbox 2454 2367 2708 2435; x_wconf 86' lang='lat' dir='ltr'><strong>juvenes,</strong></span> <span class='ocrx_word' id='word_1_437' title='bbox 2739 2374 3028 2447; x_wconf 89' lang='lat' dir='ltr'><strong>sanctique</strong></span> <span class='ocrx_word' id='word_1_438' title='bbox 3061 2382 3280 2438; x_wconf 89' lang='lat' dir='ltr'><strong>sodales</strong></span> <span class='ocrx_word' id='word_1_439' title='bbox 3316 2402 3329 2451; x_wconf 89' lang='lat'><strong>;</strong></span> 
     </span>
    </p>
   </div>
   <div class='ocr_carea' id='block_1_76' title="bbox 1957 2448 3579 2541">
    <p class='ocr_par' dir='ltr' id='par_1_76' title="bbox 1957 2448 3579 2541">
     <span class='ocr_line' id='line_1_76' title="bbox 1957 2448 3579 2541; baseline 0.021 -40"><span class='ocrx_word' id='word_1_440' title='bbox 1957 2448 2188 2521; x_wconf 82' lang='lat' dir='ltr'><strong>Jamque</strong></span> <span class='ocrx_word' id='word_1_441' title='bbox 2221 2453 2611 2511; x_wconf 89' lang='lat' dir='ltr'><strong>adventantum</strong></span> <span class='ocrx_word' id='word_1_442' title='bbox 2645 2461 3020 2535; x_wconf 91' lang='lat' dir='ltr'><strong>comitumque</strong></span> <span class='ocrx_word' id='word_1_443' title='bbox 3053 2448 3360 2541; x_wconf 90' lang='lat' dir='ltr'><strong>frequentia</strong></span> <span class='ocrx_word' id='word_1_444' title='bbox 3383 2477 3579 2535; x_wconf 86' lang='lat' dir='ltr'><strong>cellam</strong></span> 
     </span>
    </p>
   </div>
   <div class='ocr_carea' id='block_1_77' title="bbox 1961 2536 3311 2633">
    <p class='ocr_par' dir='ltr' id='par_1_77' title="bbox 1961 2536 3311 2633">
     <span class='ocr_line' id='line_1_77' title="bbox 1961 2536 3311 2633; baseline 0.021 -44"><span class='ocrx_word' id='word_1_445' title='bbox 1961 2536 2388 2611; x_wconf 87' lang='lat' dir='ltr'><strong>llospitibusque</strong></span> <span class='ocrx_word' id='word_1_446' title='bbox 2423 2544 2603 2600; x_wconf 92' lang='lat' dir='ltr'><strong>locum</strong></span> <span class='ocrx_word' id='word_1_447' title='bbox 2634 2549 2921 2619; x_wconf 90' lang='lat' dir='ltr'><strong>capiendis</strong></span> <span class='ocrx_word' id='word_1_448' title='bbox 2952 2555 3119 2612; x_wconf 90' lang='lat' dir='ltr'><strong>edere</strong></span> <span class='ocrx_word' id='word_1_449' title='bbox 3146 2536 3311 2633; x_wconf 78' lang='lat' dir='ltr'><strong>cogit,</strong></span> 
     </span>
    </p>
   </div>
   <div class='ocr_carea' id='block_1_78' title="bbox 1963 2632 3126 2719">
    <p class='ocr_par' dir='ltr' id='par_1_78' title="bbox 1963 2632 3126 2719">
     <span class='ocr_line' id='line_1_78' title="bbox 1963 2632 3126 2719; baseline 0.019 -33"><span class='ocrx_word' id='word_1_450' title='bbox 1963 2632 2229 2704; x_wconf 88' lang='lat' dir='ltr'><strong>Discipuli</strong></span> <span class='ocrx_word' id='word_1_451' title='bbox 2262 2638 2396 2693; x_wconf 90' lang='lat' dir='ltr'><strong>casti</strong></span> <span class='ocrx_word' id='word_1_452' title='bbox 2431 2656 2555 2695; x_wconf 91' lang='lat' dir='ltr'><strong>nam</strong></span> <span class='ocrx_word' id='word_1_453' title='bbox 2588 2643 2898 2719; x_wconf 89' lang='lat' dir='ltr'><strong>relligionis</strong></span> <span class='ocrx_word' id='word_1_454' title='bbox 2937 2665 3126 2709; x_wconf 88' lang='lat' dir='ltr'><strong>amore</strong></span> 
     </span>
    </p>
   </div>
   <div class='ocr_carea' id='block_1_79' title="bbox 1965 2723 3296 2814">
    <p class='ocr_par' dir='ltr' id='par_1_79' title="bbox 1965 2723 3296 2814">
     <span class='ocr_line' id='line_1_79' title="bbox 1965 2723 3296 2814; baseline 0.019 -37"><span class='ocrx_word' id='word_1_455' title='bbox 1965 2723 2117 2780; x_wconf 84' lang='lat' dir='ltr'><strong>Hunc</strong></span> <span class='ocrx_word' id='word_1_456' title='bbox 2148 2726 2352 2783; x_wconf 90' lang='lat' dir='ltr'><strong>adeunt</strong></span> <span class='ocrx_word' id='word_1_457' title='bbox 2390 2729 2811 2801; x_wconf 88' lang='lat' dir='ltr'><strong>Patrem,jussis</strong></span> <span class='ocrx_word' id='word_1_458' title='bbox 2831 2739 3037 2795; x_wconf 90' lang='lat' dir='ltr'><strong>servire</strong></span> <span class='ocrx_word' id='word_1_459' title='bbox 3064 2747 3234 2814; x_wconf 88' lang='lat' dir='ltr'><strong>parati</strong></span> <span class='ocrx_word' id='word_1_460' title='bbox 3282 2766 3296 2814; x_wconf 91' lang='lat'><strong>;</strong></span> 
     </span>
    </p>
   </div>
   <div class='ocr_carea' id='block_1_80' title="bbox 1966 2811 3201 2896">
    <p class='ocr_par' dir='ltr' id='par_1_80' title="bbox 1966 2811 3201 2896">
     <span class='ocr_line' id='line_1_80' title="bbox 1966 2811 3201 2896; baseline 0.018 -30"><span class='ocrx_word' id='word_1_461' title='bbox 1966 2811 2127 2885; x_wconf 87' lang='lat' dir='ltr'><strong>Cujus</strong></span> <span class='ocrx_word' id='word_1_462' title='bbox 2165 2816 2423 2873; x_wconf 81' lang='lat' dir='ltr'><strong>dilectam</strong></span> <span class='ocrx_word' id='word_1_463' title='bbox 2454 2820 2676 2878; x_wconf 91' lang='lat' dir='ltr'><strong>sibimet</strong></span> <span class='ocrx_word' id='word_1_464' title='bbox 2714 2826 2986 2896; x_wconf 89' lang='lat' dir='ltr'><strong>sapientia</strong></span> <span class='ocrx_word' id='word_1_465' title='bbox 3012 2811 3201 2889; x_wconf 80' lang='lat' dir='ltr'><strong>sedem</strong></span> 
     </span>
    </p>
   </div>
   <div class='ocr_carea' id='block_1_81' title="bbox 1965 2902 3305 2982">
    <p class='ocr_par' dir='ltr' id='par_1_81' title="bbox 1965 2902 3305 2982">
     <span class='ocr_line' id='line_1_81' title="bbox 1965 2902 3305 2982; baseline 0.02 -27"><span class='ocrx_word' id='word_1_466' title='bbox 1965 2902 2247 2961; x_wconf 85' lang='lat' dir='ltr'><strong>Struxerat</strong></span> <span class='ocrx_word' id='word_1_467' title='bbox 2277 2906 2330 2960; x_wconf 93' lang='lat' dir='ltr'><strong>in</strong></span> <span class='ocrx_word' id='word_1_468' title='bbox 2361 2908 2591 2976; x_wconf 90' lang='lat' dir='ltr'><strong>laribus,</strong></span> <span class='ocrx_word' id='word_1_469' title='bbox 2610 2928 2711 2966; x_wconf 90' lang='lat' dir='ltr'><strong>ceu</strong></span> <span class='ocrx_word' id='word_1_470' title='bbox 2736 2914 3070 2975; x_wconf 89' lang='lat' dir='ltr'><strong>Bibliotheca</strong></span> <span class='ocrx_word' id='word_1_471' title='bbox 3095 2926 3305 2982; x_wconf 88' lang='lat' dir='ltr'><strong>revelat</strong></span> 
     </span>
    </p>
   </div>
   <div class='ocr_carea' id='block_1_82' title="bbox 1890 3000 3479 3090">
    <p class='ocr_par' dir='ltr' id='par_1_82' title="bbox 1890 3000 3479 3090">
     <span class='ocr_line' id='line_1_82' title="bbox 1890 3000 3479 3090; baseline 0.021 -40"><span class='ocrx_word' id='word_1_472' title='bbox 1890 3006 1939 3075; x_wconf 67' lang='grc' dir='ltr'><strong>ρ</strong></span> <span class='ocrx_word' id='word_1_473' title='bbox 1962 3000 2128 3063; x_wconf 80' lang='lat' dir='ltr'><strong>Quam</strong></span> <span class='ocrx_word' id='word_1_474' title='bbox 2162 3017 2375 3058; x_wconf 91' lang='lat' dir='ltr'><strong>summo</strong></span> <span class='ocrx_word' id='word_1_475' title='bbox 2406 3007 2646 3063; x_wconf 85' lang='lat' dir='ltr'><strong>excoluit</strong></span> <span class='ocrx_word' id='word_1_476' title='bbox 2676 3010 2858 3066; x_wconf 88' lang='lat' dir='ltr'><strong>studio</strong></span> <span class='ocrx_word' id='word_1_477' title='bbox 2900 3030 3213 3090; x_wconf 88' lang='lat' dir='ltr'><strong>magnoque</strong></span> <span class='ocrx_word' id='word_1_478' title='bbox 3242 3022 3431 3082; x_wconf 89' lang='lat' dir='ltr'><strong>labore</strong></span> <span class='ocrx_word' id='word_1_479' title='bbox 3466 3047 3479 3084; x_wconf 91' lang='lat'>:</span> 
     </span>
    </p>
   </div>
   <div class='ocr_carea' id='block_1_83' title="bbox 1963 3093 3399 3190">
    <p class='ocr_par' dir='ltr' id='par_1_83' title="bbox 1963 3093 3399 3190">
     <span class='ocr_line' id='line_1_83' title="bbox 1963 3093 3399 3190; baseline 0.019 -44"><span class='ocrx_word' id='word_1_480' title='bbox 1963 3093 2227 3165; x_wconf 84' lang='lat' dir='ltr'><strong>Expediet</strong></span> <span class='ocrx_word' id='word_1_481' title='bbox 2256 3097 2348 3169; x_wconf 91' lang='lat' dir='ltr'><strong>qui</strong></span> <span class='ocrx_word' id='word_1_482' title='bbox 2379 3099 2525 3152; x_wconf 90' lang='lat' dir='ltr'><strong>enim</strong></span> <span class='ocrx_word' id='word_1_483' title='bbox 2561 3117 2801 3171; x_wconf 92' lang='lat' dir='ltr'><strong>quonam</strong></span> <span class='ocrx_word' id='word_1_484' title='bbox 2834 3108 3120 3166; x_wconf 90' lang='lat' dir='ltr'><strong>molimine</strong></span> <span class='ocrx_word' id='word_1_485' title='bbox 3155 3114 3399 3190; x_wconf 90' lang='lat' dir='ltr'><strong>linguam</strong></span> 
     </span>
    </p>
   </div>
   <div class='ocr_carea' id='block_1_84' title="bbox 1966 3186 3512 3287">
    <p class='ocr_par' dir='ltr' id='par_1_84' title="bbox 1966 3186 3512 3287">
     <span class='ocr_line' id='line_1_84' title="bbox 1966 3186 3512 3287; baseline 0.02 -46"><span class='ocrx_word' id='word_1_486' title='bbox 1966 3186 2286 3287; x_wconf 58' lang='lat' dir='ltr'><strong>ltebraicam</strong></span> <span class='ocrx_word' id='word_1_487' title='bbox 2320 3191 2533 3257; x_wconf 88' lang='lat' dir='ltr'><strong>didicit,</strong></span> <span class='ocrx_word' id='word_1_488' title='bbox 2570 3193 2931 3271; x_wconf 67' lang='lat' dir='ltr'><strong>Chaldaeaque</strong></span> <span class='ocrx_word' id='word_1_489' title='bbox 2962 3205 3133 3260; x_wconf 86' lang='lat' dir='ltr'><strong>verba</strong></span> <span class='ocrx_word' id='word_1_490' title='bbox 3164 3186 3461 3277; x_wconf 74' lang='lat' dir='ltr'><strong>prehendit</strong></span> <span class='ocrx_word' id='word_1_491' title='bbox 3498 3238 3512 3287; x_wconf 92' lang='lat'><strong>;</strong></span> 
     </span>
    </p>
   </div>
   <div class='ocr_carea' id='block_1_85' title="bbox 1968 3274 3369 3365">
    <p class='ocr_par' dir='ltr' id='par_1_85' title="bbox 1968 3274 3369 3365">
     <span class='ocr_line' id='line_1_85' title="bbox 1968 3274 3369 3365; baseline 0.02 -38"><span class='ocrx_word' id='word_1_492' title='bbox 1968 3274 2191 3330; x_wconf 87' lang='lat' dir='ltr'><strong>Nisibus</strong></span> <span class='ocrx_word' id='word_1_493' title='bbox 2215 3277 2330 3332; x_wconf 77' lang='lat' dir='ltr'><strong>hzec</strong></span> <span class='ocrx_word' id='word_1_494' title='bbox 2357 3280 2579 3349; x_wconf 88' lang='lat' dir='ltr'><strong>quantis</strong></span> <span class='ocrx_word' id='word_1_495' title='bbox 2605 3283 2689 3335; x_wconf 90' lang='lat' dir='ltr'><strong>vel</strong></span> <span class='ocrx_word' id='word_1_496' title='bbox 2732 3300 2841 3354; x_wconf 92' lang='lat' dir='ltr'><strong>quo</strong></span> <span class='ocrx_word' id='word_1_497' title='bbox 2873 3291 3078 3347; x_wconf 91' lang='lat' dir='ltr'><strong>sudore</strong></span> <span class='ocrx_word' id='word_1_498' title='bbox 3119 3274 3323 3365; x_wconf 85' lang='lat' dir='ltr'><strong>pararit</strong></span> <span class='ocrx_word' id='word_1_499' title='bbox 3356 3319 3369 3357; x_wconf 89' lang='lat'>:</span> 
     </span>
    </p>
   </div>
   <div class='ocr_carea' id='block_1_86' title="bbox 1969 3366 3372 3463">
    <p class='ocr_par' dir='ltr' id='par_1_86' title="bbox 1969 3366 3372 3463">
     <span class='ocr_line' id='line_1_86' title="bbox 1969 3366 3372 3463; baseline 0.021 -46"><span class='ocrx_word' id='word_1_500' title='bbox 1969 3366 2293 3439; x_wconf 84' lang='lat' dir='ltr'><strong>Quantaque</strong></span> <span class='ocrx_word' id='word_1_501' title='bbox 2319 3370 2582 3425; x_wconf 87' lang='lat' dir='ltr'><strong>sustinuit</strong></span> <span class='ocrx_word' id='word_1_502' title='bbox 2612 3376 2797 3444; x_wconf 90' lang='lat' dir='ltr'><strong>quotis</strong></span> <span class='ocrx_word' id='word_1_503' title='bbox 2824 3379 3082 3453; x_wconf 91' lang='lat' dir='ltr'><strong>desperat</strong></span> <span class='ocrx_word' id='word_1_504' title='bbox 3105 3395 3159 3441; x_wconf 90' lang='lat' dir='ltr'><strong>et</strong></span> <span class='ocrx_word' id='word_1_505' title='bbox 3184 3390 3372 3463; x_wconf 88' lang='lat' dir='ltr'><strong>audet,</strong></span> 
     </span>
    </p>
   </div>
   <div class='ocr_carea' id='block_1_87' title="bbox 1970 3456 3593 3550">
    <p class='ocr_par' dir='ltr' id='par_1_87' title="bbox 1970 3456 3593 3550">
     <span class='ocr_line' id='line_1_87' title="bbox 1970 3456 3593 3550; baseline 0.023 -41"><span class='ocrx_word' id='word_1_506' title='bbox 1970 3456 2263 3529; x_wconf 87' lang='lat' dir='ltr'><strong>Postquam</strong></span> <span class='ocrx_word' id='word_1_507' title='bbox 2293 3470 2554 3528; x_wconf 87' lang='lat' dir='ltr'><strong>cessarat,</strong></span> <span class='ocrx_word' id='word_1_508' title='bbox 2611 3465 2868 3522; x_wconf 90' lang='lat' dir='ltr'><strong>reducem</strong></span> <span class='ocrx_word' id='word_1_509' title='bbox 2914 3490 3175 3532; x_wconf 88' lang='lat' dir='ltr'><strong>renovare</strong></span> <span class='ocrx_word' id='word_1_510' title='bbox 3225 3456 3540 3550; x_wconf 64' lang='lat' dir='ltr'><strong>palaestram</strong></span> <span class='ocrx_word' id='word_1_511' title='bbox 3580 3512 3593 3549; x_wconf 88' lang='lat'><strong>:</strong></span> 
     </span>
    </p>
   </div>
   <div class='ocr_carea' id='block_1_88' title="bbox 1963 3543 3305 3642">
    <p class='ocr_par' dir='ltr' id='par_1_88' title="bbox 1963 3543 3305 3642">
     <span class='ocr_line' id='line_1_88' title="bbox 1963 3543 3305 3642; baseline 0.019 -44"><span class='ocrx_word' id='word_1_512' title='bbox 1963 3543 2220 3642; x_wconf 75' lang='lat' dir='ltr'><strong>Corporis</strong></span> <span class='ocrx_word' id='word_1_513' title='bbox 2257 3558 2317 3602; x_wconf 88' lang='lat' dir='ltr'><strong>ut</strong></span> <span class='ocrx_word' id='word_1_514' title='bbox 2346 3548 2561 3605; x_wconf 89' lang='lat' dir='ltr'><strong>domuit</strong></span> <span class='ocrx_word' id='word_1_515' title='bbox 2588 3561 2788 3619; x_wconf 87' lang='lat' dir='ltr'><strong>motus,</strong></span> <span class='ocrx_word' id='word_1_516' title='bbox 2816 3557 3076 3619; x_wconf 88' lang='lat' dir='ltr'><strong>incendia</strong></span> <span class='ocrx_word' id='word_1_517' title='bbox 3116 3543 3256 3642; x_wconf 77' lang='lat' dir='ltr'><strong>fugit</strong></span> <span class='ocrx_word' id='word_1_518' title='bbox 3290 3590 3305 3637; x_wconf 88' lang='lat'><strong>;</strong></span> 
     </span>
    </p>
   </div>
   <div class='ocr_carea' id='block_1_89' title="bbox 1966 3634 3140 3718">
    <p class='ocr_par' dir='ltr' id='par_1_89' title="bbox 1966 3634 3140 3718">
     <span class='ocr_line' id='line_1_89' title="bbox 1966 3634 3140 3718; baseline 0.017 -29"><span class='ocrx_word' id='word_1_519' title='bbox 1966 3634 2028 3689; x_wconf 83' lang='lat' dir='ltr'>Ut</span> <span class='ocrx_word' id='word_1_520' title='bbox 2053 3634 2191 3690; x_wconf 90' lang='lat' dir='ltr'><strong>levis</strong></span> <span class='ocrx_word' id='word_1_521' title='bbox 2219 3637 2395 3692; x_wconf 67' lang='lat' dir='ltr'><strong>aetatis</strong></span> <span class='ocrx_word' id='word_1_522' title='bbox 2421 3638 2701 3707; x_wconf 88' lang='lat' dir='ltr'><strong>juveniles</strong></span> <span class='ocrx_word' id='word_1_523' title='bbox 2732 3645 2926 3704; x_wconf 88' lang='lat' dir='ltr'><strong>vicerit</strong></span> <span class='ocrx_word' id='word_1_524' title='bbox 2955 3662 3140 3718; x_wconf 69' lang='lat' dir='ltr'><strong>aestus,</strong></span> 
     </span>
    </p>
   </div>
   <div class='ocr_carea' id='block_1_90' title="bbox 1966 3728 3348 3823">
    <p class='ocr_par' dir='ltr' id='par_1_90' title="bbox 1966 3728 3348 3823">
     <span class='ocr_line' id='line_1_90' title="bbox 1966 3728 3348 3823; baseline 0.02 -43"><span class='ocrx_word' id='word_1_525' title='bbox 1966 3728 2324 3801; x_wconf 80' lang='lat' dir='ltr'><strong>Armatusque</strong></span> <span class='ocrx_word' id='word_1_526' title='bbox 2356 3730 2486 3800; x_wconf 83' lang='lat' dir='ltr'><strong>fide,</strong></span> <span class='ocrx_word' id='word_1_527' title='bbox 2519 3733 2807 3808; x_wconf 84' lang='lat' dir='ltr'><strong>lidensque</strong></span> <span class='ocrx_word' id='word_1_528' title='bbox 2822 3740 3104 3807; x_wconf 89' lang='lat' dir='ltr'><strong>juvamine</strong></span> <span class='ocrx_word' id='word_1_529' title='bbox 3134 3748 3348 3823; x_wconf 89' lang='lat' dir='ltr'><strong>Christi,</strong></span> 
     </span>
    </p>
   </div>
   <div class='ocr_carea' id='block_1_91' title="bbox 1967 3821 3365 3905">
    <p class='ocr_par' dir='ltr' id='par_1_91' title="bbox 1967 3821 3365 3905">
     <span class='ocr_line' id='line_1_91' title="bbox 1967 3821 3365 3905; baseline 0.021 -31"><span class='ocrx_word' id='word_1_530' title='bbox 1967 3821 2207 3877; x_wconf 64' lang='lat' dir='ltr'><strong>Hebraea:</strong></span> <span class='ocrx_word' id='word_1_531' title='bbox 2237 3840 2503 3880; x_wconf 89' lang='lat' dir='ltr'><strong>canonem</strong></span> <span class='ocrx_word' id='word_1_532' title='bbox 2532 3828 2827 3901; x_wconf 85' lang='lat' dir='ltr'><strong>Scripturae</strong></span> <span class='ocrx_word' id='word_1_533' title='bbox 2862 3844 3074 3893; x_wconf 90' lang='lat' dir='ltr'><strong>vertere</strong></span> <span class='ocrx_word' id='word_1_534' title='bbox 3115 3821 3365 3905; x_wconf 83' lang='lat' dir='ltr'><strong>nostrum</strong></span> 
     </span>
    </p>
   </div>
   <div class='ocr_carea' id='block_1_92' title="bbox 1966 3914 3301 4006">
    <p class='ocr_par' dir='ltr' id='par_1_92' title="bbox 1966 3914 3301 4006">
     <span class='ocr_line' id='line_1_92' title="bbox 1966 3914 3301 4006; baseline 0.019 -39"><span class='ocrx_word' id='word_1_535' title='bbox 1966 3914 2197 3970; x_wconf 85' lang='lat' dir='ltr'><strong>Nisusin</strong></span> <span class='ocrx_word' id='word_1_536' title='bbox 2228 3918 2533 3990; x_wconf 89' lang='lat' dir='ltr'><strong>eloquium,</strong></span> <span class='ocrx_word' id='word_1_537' title='bbox 2565 3939 2673 3994; x_wconf 90' lang='lat' dir='ltr'><strong>quo</strong></span> <span class='ocrx_word' id='word_1_538' title='bbox 2708 3925 2835 3981; x_wconf 91' lang='lat' dir='ltr'><strong>vina</strong></span> <span class='ocrx_word' id='word_1_539' title='bbox 2871 3934 3114 3988; x_wconf 88' lang='lat' dir='ltr'><strong>recentia</strong></span> <span class='ocrx_word' id='word_1_540' title='bbox 3144 3939 3301 4006; x_wconf 89' lang='lat' dir='ltr'><strong>prelo</strong></span> 
     </span>
    </p>
   </div>
   <div class='ocr_carea' id='block_1_93' title="bbox 1965 4007 3300 4099">
    <p class='ocr_par' dir='ltr' id='par_1_93' title="bbox 1965 4007 3300 4099">
     <span class='ocr_line' id='line_1_93' title="bbox 1965 4007 3300 4099; baseline 0.02 -38"><span class='ocrx_word' id='word_1_541' title='bbox 1965 4007 2083 4063; x_wconf 81' lang='lat' dir='ltr'><strong>Mox</strong></span> <span class='ocrx_word' id='word_1_542' title='bbox 2123 4010 2323 4067; x_wconf 89' lang='lat' dir='ltr'><strong>educta</strong></span> <span class='ocrx_word' id='word_1_543' title='bbox 2344 4029 2465 4081; x_wconf 89' lang='lat' dir='ltr'><strong>suo,</strong></span> <span class='ocrx_word' id='word_1_544' title='bbox 2493 4018 2775 4088; x_wconf 89' lang='lat' dir='ltr'><strong>proprium</strong></span> <span class='ocrx_word' id='word_1_545' title='bbox 2795 4038 3015 4080; x_wconf 90' lang='lat' dir='ltr'><strong>servare</strong></span> <span class='ocrx_word' id='word_1_546' title='bbox 3043 4044 3300 4099; x_wconf 90' lang='lat' dir='ltr'><strong>saporem</strong></span> 
     </span>
    </p>
   </div>
   <div class='ocr_carea' id='block_1_94' title="bbox 1964 4101 3368 4183">
    <p class='ocr_par' dir='ltr' id='par_1_94' title="bbox 1964 4101 3368 4183">
     <span class='ocr_line' id='line_1_94' title="bbox 1964 4101 3368 4183; baseline 0.02 -30"><span class='ocrx_word' id='word_1_547' title='bbox 1964 4101 2080 4155; x_wconf 85' lang='lat' dir='ltr'><strong>Jam</strong></span> <span class='ocrx_word' id='word_1_548' title='bbox 2106 4102 2226 4157; x_wconf 88' lang='lat' dir='ltr'><strong>sine</strong></span> <span class='ocrx_word' id='word_1_549' title='bbox 2254 4104 2376 4159; x_wconf 88' lang='lat' dir='ltr'><strong>labe</strong></span> <span class='ocrx_word' id='word_1_550' title='bbox 2406 4116 2631 4177; x_wconf 88' lang='lat' dir='ltr'><strong>queant,</strong></span> <span class='ocrx_word' id='word_1_551' title='bbox 2664 4127 2917 4182; x_wconf 76' lang='lat' dir='ltr'><strong>perpurae</strong></span> <span class='ocrx_word' id='word_1_552' title='bbox 2952 4119 3148 4173; x_wconf 89' lang='lat' dir='ltr'><strong>tradita</strong></span> <span class='ocrx_word' id='word_1_553' title='bbox 3195 4128 3368 4183; x_wconf 56' lang='lat' dir='ltr'><strong>testae.</strong></span> 
     </span>
    </p>
   </div>
   <div class='ocr_carea' id='block_1_95' title="bbox 1970 4192 3265 4267">
    <p class='ocr_par' dir='ltr' id='par_1_95' title="bbox 1970 4192 3265 4267">
     <span class='ocr_line' id='line_1_95' title="bbox 1970 4192 3265 4267; baseline 0.015 -22"><span class='ocrx_word' id='word_1_554' title='bbox 1970 4192 2109 4247; x_wconf 89' lang='lat' dir='ltr'><strong>Luce</strong></span> <span class='ocrx_word' id='word_1_555' title='bbox 2139 4194 2448 4264; x_wconf 84' lang='lat' dir='ltr'><strong>prephetali</strong></span> <span class='ocrx_word' id='word_1_556' title='bbox 2482 4197 2725 4255; x_wconf 82' lang='lat' dir='ltr'><strong>Romana</strong></span> <span class='ocrx_word' id='word_1_557' title='bbox 2756 4203 3038 4261; x_wconf 89' lang='lat' dir='ltr'><strong>volumina</strong></span> <span class='ocrx_word' id='word_1_558' title='bbox 3071 4208 3265 4267; x_wconf 85' lang='lat' dir='ltr'><strong>lustrat</strong></span> 
     </span>
    </p>
   </div>
   <div class='ocr_carea' id='block_1_96' title="bbox 1970 4284 3475 4369">
    <p class='ocr_par' dir='ltr' id='par_1_96' title="bbox 1970 4284 3475 4369">
     <span class='ocr_line' id='line_1_96' title="bbox 1970 4284 3475 4369; baseline 0.021 -32"><span class='ocrx_word' id='word_1_559' title='bbox 1970 4284 2375 4340; x_wconf 86' lang='lat' dir='ltr'><strong>Commentatus</strong></span> <span class='ocrx_word' id='word_1_560' title='bbox 2402 4296 2459 4342; x_wconf 92' lang='lat' dir='ltr'><strong>et</strong></span> <span class='ocrx_word' id='word_1_561' title='bbox 2491 4288 2608 4344; x_wconf 71' lang='lat' dir='ltr'><strong>hzec</strong></span> <span class='ocrx_word' id='word_1_562' title='bbox 2637 4291 2820 4361; x_wconf 91' lang='lat' dir='ltr'><strong>dictis,</strong></span> <span class='ocrx_word' id='word_1_563' title='bbox 2855 4295 2969 4351; x_wconf 89' lang='lat' dir='ltr'><strong>fere</strong></span> <span class='ocrx_word' id='word_1_564' title='bbox 2999 4310 3196 4357; x_wconf 88' lang='lat' dir='ltr'><strong>cuncta</strong></span> <span class='ocrx_word' id='word_1_565' title='bbox 3231 4311 3475 4369; x_wconf 88' lang='lat' dir='ltr'><strong>resolvit.</strong></span> 
     </span>
    </p>
   </div>
   <div class='ocr_carea' id='block_1_97' title="bbox 1889 4375 3278 4465">
    <p class='ocr_par' dir='ltr' id='par_1_97' title="bbox 1889 4375 3278 4465">
     <span class='ocr_line' id='line_1_97' title="bbox 1889 4375 3278 4465; baseline 0.016 -37"><span class='ocrx_word' id='word_1_566' title='bbox 1889 4384 1947 4453; x_wconf 83' lang='lat' dir='ltr'><strong>D</strong></span> <span class='ocrx_word' id='word_1_567' title='bbox 1975 4375 2239 4431; x_wconf 68' lang='lat' dir='ltr'><strong>Praeterea</strong></span> <span class='ocrx_word' id='word_1_568' title='bbox 2283 4378 2470 4433; x_wconf 91' lang='lat' dir='ltr'><strong>multis</strong></span> <span class='ocrx_word' id='word_1_569' title='bbox 2509 4383 2762 4450; x_wconf 88' lang='lat' dir='ltr'><strong>procudit</strong></span> <span class='ocrx_word' id='word_1_570' title='bbox 2791 4390 3059 4456; x_wconf 88' lang='lat' dir='ltr'><strong>opuscula</strong></span> <span class='ocrx_word' id='word_1_571' title='bbox 3090 4395 3278 4465; x_wconf 92' lang='lat' dir='ltr'><strong>multa,</strong></span> 
     </span>
    </p>
   </div>
   <div class='ocr_carea' id='block_1_98' title="bbox 1970 4468 3511 4565">
    <p class='ocr_par' dir='ltr' id='par_1_98' title="bbox 1970 4468 3511 4565">
     <span class='ocr_line' id='line_1_98' title="bbox 1970 4468 3511 4565; baseline 0.018 -42"><span class='ocrx_word' id='word_1_572' title='bbox 1970 4468 2267 4523; x_wconf 86' lang='lat' dir='ltr'><strong>Exhortans</strong></span> <span class='ocrx_word' id='word_1_573' title='bbox 2294 4468 2575 4541; x_wconf 90' lang='lat' dir='ltr'><strong>sobusque</strong></span> <span class='ocrx_word' id='word_1_574' title='bbox 2608 4473 2729 4543; x_wconf 91' lang='lat' dir='ltr'><strong>pios</strong></span> <span class='ocrx_word' id='word_1_575' title='bbox 2760 4480 3171 4555; x_wconf 86' lang='lat' dir='ltr'><strong>reprobansque</strong></span> <span class='ocrx_word' id='word_1_576' title='bbox 3202 4490 3511 4565; x_wconf 84' lang='lat' dir='ltr'><strong>malignos;</strong></span> 
     </span>
    </p>
   </div>
   <div class='ocr_carea' id='block_1_99' title="bbox 1964 4560 3367 4643">
    <p class='ocr_par' dir='ltr' id='par_1_99' title="bbox 1964 4560 3367 4643">
     <span class='ocr_line' id='line_1_99' title="bbox 1964 4560 3367 4643; baseline 0.018 -29"><span class='ocrx_word' id='word_1_577' title='bbox 1964 4560 2160 4615; x_wconf 85' lang='lat' dir='ltr'><strong>Abdita</strong></span> <span class='ocrx_word' id='word_1_578' title='bbox 2182 4560 2504 4631; x_wconf 90' lang='lat' dir='ltr'><strong>discutiens,</strong></span> <span class='ocrx_word' id='word_1_579' title='bbox 2536 4572 2848 4623; x_wconf 87' lang='lat' dir='ltr'><strong>sanctorum</strong></span> <span class='ocrx_word' id='word_1_580' title='bbox 2880 4580 3034 4643; x_wconf 81' lang='lat' dir='ltr'><strong>gesta</strong></span> <span class='ocrx_word' id='word_1_581' title='bbox 3067 4560 3367 4639; x_wconf 33' lang='lat' dir='ltr'><strong>retexens;</strong></span> 
     </span>
    </p>
   </div>
   <div class='ocr_carea' id='block_1_100' title="bbox 1966 4651 3509 4743">
    <p class='ocr_par' dir='ltr' id='par_1_100' title="bbox 1966 4651 3509 4743">
     <span class='ocr_line' id='line_1_100' title="bbox 1966 4651 3509 4743; baseline 0.021 -38"><span class='ocrx_word' id='word_1_582' title='bbox 1966 4651 2213 4707; x_wconf 74' lang='lat' dir='ltr'><strong>Historiae</strong></span> <span class='ocrx_word' id='word_1_583' title='bbox 2244 4653 2553 4711; x_wconf 87' lang='lat' dir='ltr'><strong>Chronicon</strong></span> <span class='ocrx_word' id='word_1_584' title='bbox 2584 4657 2913 4729; x_wconf 81' lang='lat' dir='ltr'><strong>scriptorum</strong></span> <span class='ocrx_word' id='word_1_585' title='bbox 2949 4668 3172 4725; x_wconf 89' lang='lat' dir='ltr'><strong>nomina</strong></span> <span class='ocrx_word' id='word_1_586' title='bbox 3211 4676 3462 4743; x_wconf 90' lang='lat' dir='ltr'><strong>pandens</strong></span> <span class='ocrx_word' id='word_1_587' title='bbox 3496 4699 3509 4736; x_wconf 90' lang='lat'><strong>:</strong></span> 
     </span>
    </p>
   </div>
   <div class='ocr_carea' id='block_1_101' title="bbox 1969 4742 3378 4833">
    <p class='ocr_par' dir='ltr' id='par_1_101' title="bbox 1969 4742 3378 4833">
     <span class='ocr_line' id='line_1_101' title="bbox 1969 4742 3378 4833; baseline 0.017 -34"><span class='ocrx_word' id='word_1_588' title='bbox 1969 4742 2277 4799; x_wconf 89' lang='lat' dir='ltr'><strong>Catholicos</strong></span> <span class='ocrx_word' id='word_1_589' title='bbox 2304 4760 2546 4813; x_wconf 89' lang='lat' dir='ltr'><strong>armans,</strong></span> <span class='ocrx_word' id='word_1_590' title='bbox 2580 4748 2868 4808; x_wconf 90' lang='lat' dir='ltr'><strong>debellans</strong></span> <span class='ocrx_word' id='word_1_591' title='bbox 2894 4753 3029 4812; x_wconf 86' lang='lat' dir='ltr'><strong>falsa</strong></span> <span class='ocrx_word' id='word_1_592' title='bbox 3060 4742 3378 4833; x_wconf 87' lang='lat' dir='ltr'><strong>sequentes.</strong></span> 
     </span>
    </p>
   </div>
   <div class='ocr_carea' id='block_1_102' title="bbox 1971 4838 3472 4935">
    <p class='ocr_par' dir='ltr' id='par_1_102' title="bbox 1971 4838 3472 4935">
     <span class='ocr_line' id='line_1_102' title="bbox 1971 4838 3472 4935; baseline 0.021 -44"><span class='ocrx_word' id='word_1_593' title='bbox 1971 4838 2074 4893; x_wconf 89' lang='lat' dir='ltr'><strong>Sex</strong></span> <span class='ocrx_word' id='word_1_594' title='bbox 2103 4839 2264 4895; x_wconf 85' lang='lat' dir='ltr'><strong>datus</strong></span> <span class='ocrx_word' id='word_1_595' title='bbox 2296 4840 2380 4896; x_wconf 89' lang='lat' dir='ltr'><strong>his</strong></span> <span class='ocrx_word' id='word_1_596' title='bbox 2411 4843 2611 4899; x_wconf 90' lang='lat' dir='ltr'><strong>studiis</strong></span> <span class='ocrx_word' id='word_1_597' title='bbox 2634 4853 2687 4901; x_wconf 91' lang='lat' dir='ltr'><strong>et</strong></span> <span class='ocrx_word' id='word_1_598' title='bbox 2717 4849 3120 4929; x_wconf 88' lang='lat' dir='ltr'><strong>quinquaginta</strong></span> <span class='ocrx_word' id='word_1_599' title='bbox 3151 4876 3250 4930; x_wconf 90' lang='lat' dir='ltr'><strong>per</strong></span> <span class='ocrx_word' id='word_1_600' title='bbox 3277 4879 3472 4935; x_wconf 91' lang='lat' dir='ltr'><strong>annos,</strong></span> 
     </span>
    </p>
   </div>
   <div class='ocr_carea' id='block_1_103' title="bbox 1972 4928 3275 5009">
    <p class='ocr_par' dir='ltr' id='par_1_103' title="bbox 1972 4928 3275 5009">
     <span class='ocr_line' id='line_1_103' title="bbox 1972 4928 3275 5009; baseline 0.019 -26"><span class='ocrx_word' id='word_1_601' title='bbox 1972 4928 2223 4986; x_wconf 88' lang='lat' dir='ltr'><strong>Consevit</strong></span> <span class='ocrx_word' id='word_1_602' title='bbox 2244 4932 2472 4990; x_wconf 90' lang='lat' dir='ltr'><strong>rationis</strong></span> <span class='ocrx_word' id='word_1_603' title='bbox 2493 4936 2662 4994; x_wconf 92' lang='lat' dir='ltr'><strong>humo</strong></span> <span class='ocrx_word' id='word_1_604' title='bbox 2678 4957 2833 4996; x_wconf 89' lang='lat' dir='ltr'><strong>sacra</strong></span> <span class='ocrx_word' id='word_1_605' title='bbox 2861 4928 3073 5002; x_wconf 82' lang='lat' dir='ltr'><strong>semina</strong></span> <span class='ocrx_word' id='word_1_606' title='bbox 3102 4928 3275 5009; x_wconf 87' lang='lat' dir='ltr'><strong>verbi.</strong></span> 
     </span>
    </p>
   </div>
   <div class='ocr_carea' id='block_1_104' title="bbox 1970 5020 3335 5113">
    <p class='ocr_par' dir='ltr' id='par_1_104' title="bbox 1970 5020 3335 5113">
     <span class='ocr_line' id='line_1_104' title="bbox 1970 5020 3335 5113; baseline 0.021 -40"><span class='ocrx_word' id='word_1_607' title='bbox 1970 5020 2199 5093; x_wconf 85' lang='lat' dir='ltr'><strong>Jamque</strong></span> <span class='ocrx_word' id='word_1_608' title='bbox 2224 5022 2452 5098; x_wconf 86' lang='lat' dir='ltr'><strong>fatigato</strong></span> <span class='ocrx_word' id='word_1_609' title='bbox 2474 5040 2720 5087; x_wconf 87' lang='lat' dir='ltr'><strong>marcent</strong></span> <span class='ocrx_word' id='word_1_610' title='bbox 2748 5033 2877 5089; x_wconf 91' lang='lat' dir='ltr'><strong>dum</strong></span> <span class='ocrx_word' id='word_1_611' title='bbox 2909 5052 3138 5109; x_wconf 91' lang='lat' dir='ltr'><strong>corpore</strong></span> <span class='ocrx_word' id='word_1_612' title='bbox 3170 5044 3335 5113; x_wconf 88' lang='lat' dir='ltr'><strong>vires,</strong></span> 
     </span>
    </p>
   </div>
   <div class='ocr_carea' id='block_1_105' title="bbox 1970 5113 3225 5201">
    <p class='ocr_par' dir='ltr' id='par_1_105' title="bbox 1970 5113 3225 5201">
     <span class='ocr_line' id='line_1_105' title="bbox 1970 5113 3225 5201; baseline 0.018 -35"><span class='ocrx_word' id='word_1_613' title='bbox 1970 5113 2201 5184; x_wconf 89' lang='lat' dir='ltr'><strong>Spiritus</strong></span> <span class='ocrx_word' id='word_1_614' title='bbox 2232 5115 2448 5171; x_wconf 70' lang='lat' dir='ltr'><strong>invictze</strong></span> <span class='ocrx_word' id='word_1_615' title='bbox 2481 5118 2740 5178; x_wconf 70' lang='lat' dir='ltr'><strong>diffundit</strong></span> <span class='ocrx_word' id='word_1_616' title='bbox 2773 5126 2972 5183; x_wconf 91' lang='lat' dir='ltr'><strong>robore</strong></span> <span class='ocrx_word' id='word_1_617' title='bbox 3005 5133 3174 5188; x_wconf 91' lang='lat' dir='ltr'><strong>menti</strong></span> <span class='ocrx_word' id='word_1_618' title='bbox 3210 5154 3225 5201; x_wconf 89' lang='lat'><strong>;</strong></span> 
     </span>
    </p>
   </div>
   <div class='ocr_carea' id='block_1_106' title="bbox 1970 5205 3190 5293">
    <p class='ocr_par' dir='ltr' id='par_1_106' title="bbox 1970 5205 3190 5293">
     <span class='ocr_line' id='line_1_106' title="bbox 1970 5205 3190 5293; baseline 0.021 -38"><span class='ocrx_word' id='word_1_619' title='bbox 1970 5205 2145 5276; x_wconf 85' lang='lat' dir='ltr'><strong>thue</strong></span> <span class='ocrx_word' id='word_1_620' title='bbox 2174 5209 2495 5263; x_wconf 88' lang='lat' dir='ltr'><strong>monasterii</strong></span> <span class='ocrx_word' id='word_1_621' title='bbox 2523 5212 2702 5269; x_wconf 88' lang='lat' dir='ltr'><strong>valeat</strong></span> <span class='ocrx_word' id='word_1_622' title='bbox 2733 5215 3028 5288; x_wconf 91' lang='lat' dir='ltr'><strong>disponere</strong></span> <span class='ocrx_word' id='word_1_623' title='bbox 3044 5223 3190 5293; x_wconf 89' lang='lat' dir='ltr'><strong>jura,</strong></span> 
     </span>
    </p>
   </div>
   <div class='ocr_carea' id='block_1_107' title="bbox 1966 5296 3196 5373">
    <p class='ocr_par' dir='ltr' id='par_1_107' title="bbox 1966 5296 3196 5373">
     <span class='ocr_line' id='line_1_107' title="bbox 1966 5296 3196 5373; baseline 0.018 -22"><span class='ocrx_word' id='word_1_624' title='bbox 1966 5296 2232 5355; x_wconf 83' lang='lat' dir='ltr'><strong>Funiculo</strong></span> <span class='ocrx_word' id='word_1_625' title='bbox 2261 5299 2415 5355; x_wconf 90' lang='lat' dir='ltr'><strong>trabe</strong></span> <span class='ocrx_word' id='word_1_626' title='bbox 2437 5318 2707 5373; x_wconf 89' lang='lat' dir='ltr'><strong>suspenso</strong></span> <span class='ocrx_word' id='word_1_627' title='bbox 2735 5307 2956 5367; x_wconf 75' lang='lat' dir='ltr'><strong>diffessa</strong></span> <span class='ocrx_word' id='word_1_628' title='bbox 2994 5317 3196 5373; x_wconf 90' lang='lat' dir='ltr'><strong>suescit</strong></span> 
     </span>
    </p>
   </div>
   <div class='ocr_carea' id='block_1_108' title="bbox 1962 5389 3232 5471">
    <p class='ocr_par' dir='ltr' id='par_1_108' title="bbox 1962 5389 3232 5471">
     <span class='ocr_line' id='line_1_108' title="bbox 1962 5389 3232 5471; baseline 0.02 -27"><span class='ocrx_word' id='word_1_629' title='bbox 1962 5389 2241 5448; x_wconf 89' lang='lat' dir='ltr'><strong>Sollicitus</strong></span> <span class='ocrx_word' id='word_1_630' title='bbox 2269 5395 2457 5451; x_wconf 89' lang='lat' dir='ltr'><strong>senior</strong></span> <span class='ocrx_word' id='word_1_631' title='bbox 2481 5400 2661 5455; x_wconf 85' lang='lat' dir='ltr'><strong>stratis</strong></span> <span class='ocrx_word' id='word_1_632' title='bbox 2695 5404 2947 5462; x_wconf 80' lang='lat' dir='ltr'><strong>attollere</strong></span> <span class='ocrx_word' id='word_1_633' title='bbox 2969 5413 3232 5471; x_wconf 88' lang='lat' dir='ltr'><strong>membra.</strong></span> 
     </span>
    </p>
   </div>
   <div class='ocr_carea' id='block_1_109' title="bbox 1962 5482 3421 5570">
    <p class='ocr_par' dir='ltr' id='par_1_109' title="bbox 1962 5482 3421 5570">
     <span class='ocr_line' id='line_1_109' title="bbox 1962 5482 3421 5570; baseline 0.023 -35"><span class='ocrx_word' id='word_1_634' title='bbox 1962 5482 2205 5539; x_wconf 88' lang='lat' dir='ltr'><strong>Tandem</strong></span> <span class='ocrx_word' id='word_1_635' title='bbox 2233 5496 2457 5559; x_wconf 83' lang='lat' dir='ltr'><strong>accepta</strong></span> <span class='ocrx_word' id='word_1_636' title='bbox 2497 5491 2883 5567; x_wconf 89' lang='lat' dir='ltr'><strong>Deolinquens</strong></span> <span class='ocrx_word' id='word_1_637' title='bbox 2914 5502 3216 5562; x_wconf 87' lang='lat' dir='ltr'><strong>retinacula</strong></span> <span class='ocrx_word' id='word_1_638' title='bbox 3237 5512 3421 5570; x_wconf 89' lang='lat' dir='ltr'><strong>carnis</strong></span> 
     </span>
    </p>
   </div>
   <div class='ocr_carea' id='block_1_110' title="bbox 1965 5572 3297 5670">
    <p class='ocr_par' dir='ltr' id='par_1_110' title="bbox 1965 5572 3297 5670">
     <span class='ocr_line' id='line_1_110' title="bbox 1965 5572 3297 5670; baseline 0.025 -44"><span class='ocrx_word' id='word_1_639' title='bbox 1965 5572 2275 5670; x_wconf 71' lang='lat' dir='ltr'><strong>Septembri</strong></span> <span class='ocrx_word' id='word_1_640' title='bbox 2305 5590 2519 5649; x_wconf 87' lang='lat' dir='ltr'><strong>octavo,</strong></span> <span class='ocrx_word' id='word_1_641' title='bbox 2544 5592 2668 5655; x_wconf 87' lang='lat' dir='ltr'><strong>post</strong></span> <span class='ocrx_word' id='word_1_642' title='bbox 2699 5592 3022 5664; x_wconf 88' lang='lat' dir='ltr'><strong>nonaginta,</strong></span> <span class='ocrx_word' id='word_1_643' title='bbox 3058 5601 3297 5670; x_wconf 88' lang='lat' dir='ltr'><strong>cupitam</strong></span> 
     </span>
    </p>
   </div>
   <div class='ocr_carea' id='block_1_111' title="bbox 1967 5660 3338 5755">
    <p class='ocr_par' dir='ltr' id='par_1_111' title="bbox 1967 5660 3338 5755">
     <span class='ocr_line' id='line_1_111' title="bbox 1967 5660 3338 5755; baseline 0.026 -41"><span class='ocrx_word' id='word_1_644' title='bbox 1967 5660 2212 5720; x_wconf 87' lang='lat' dir='ltr'><strong>Obtinuit</strong></span> <span class='ocrx_word' id='word_1_645' title='bbox 2234 5669 2504 5743; x_wconf 82' lang='lat' dir='ltr'><strong>requiem,</strong></span> <span class='ocrx_word' id='word_1_646' title='bbox 2538 5672 2701 5731; x_wconf 81' lang='lat' dir='ltr'><strong>finem</strong></span> <span class='ocrx_word' id='word_1_647' title='bbox 2736 5660 3083 5755; x_wconf 68' lang='lat' dir='ltr'><strong>fructumque</strong></span> <span class='ocrx_word' id='word_1_648' title='bbox 3115 5660 3338 5749; x_wconf 76' lang='lat' dir='ltr'><strong>laboris.</strong></span> 
     </span>
    </p>
   </div>
  </div>
