3970 6200
408 278 514 334 519

410 414 545 469 Inde
564 420 759 484 petens
778 410 967 478 cmlos,
999 409 1158 481 petiit
1185 426 1294 481 qua
1323 409 1412 464 lux
1439 423 1591 463 mera
1628 415 1799 464 terras
1830 424 1846 473 ;

411 504 638 577 Quaque
669 501 792 574 pius
814 502 1078 557 Dominus
1099 501 1327 555 humilis
1366 499 1655 556 descendit
1681 499 1750 555 ad
1792 499 1920 566 ima,

1167 271 1533 328 FLODOARDI
1572 268 1878 326 CANONICI
1918 268 2245 325 REMENSIS
2284 269 2621 328 OPUSCULA
2661 269 2969 327 METRICA.

2050 413 2103 479 Α
2132 406 2263 463 lnde
2292 406 2478 464 bonus
2498 423 2696 465 servus
2725 408 2907 464 celsus
2920 408 3247 465 conscendit
3270 408 3339 463 ad
3370 409 3503 465 alta.

1897 627 2105 684 CAPUT
2146 629 2282 684 Vlll.

1691 735 1769 794 De
1793 744 2005 795 sancta
2035 735 2229 795 Paula
2275 732 2467 814 (155).

413 855 729 928 Hieronymi
756 860 940 911 certus
968 852 1149 909 Paula!
1190 850 1552 908 Eustochiove
1582 858 1800 907 tenetur

2129 849 2397 919 Culmina,
2431 851 2552 926 lege
2576 850 2669 906 Dei
2694 859 2901 907 naturae
2925 851 3052 920 jura
3072 858 3392 924 negantem.

412 947 749 1019 Scriptorum
803 943 1229 1015 haudquaquam
1272 957 1554 1009 numerus,
1605 958 1731 997 nam
1790 942 2030 1013 plurima
2130 943 2336 997 Hissed
2355 942 2773 1015 opeslinqnens
2793 943 2980 999 oneris
3003 943 3325 1013 jamlibera
3364 945 3558 1019 pergit

1689 1032 1959 1103 [constant

414 1129 596 1185 Istius.
631 1128 727 1183 Hic
758 1126 939 1181 Paulae
969 1126 1133 1181 vitam
1175 1125 1451 1195 depromit
1480 1132 1724 1181 etactus.

415 1219 627 1274 Nobilis
649 1219 767 1274 haec
798 1231 1023 1291 genere,
1056 1214 1155 1270 sed
1180 1214 1419 1269 nobilior
1445 1213 1715 1284 probitate
1744 1229 1758 1277 ;

414 1309 589 1363 Divite
619 1308 766 1362 clara
794 1321 962 1377 penu,
995 1304 1092 1358 sed
1124 1319 1296 1377 egens
1326 1300 1644 1372 praeclarior
1673 1300 1835 1355 ultro.

418 1398 741 1454 Posthabuit
768 1397 993 1451 Romam
1038 1395 1304 1457 Bethlem;
1336 1391 1617 1463 laquearia
1655 1390 1889 1466 gemmis

418 1486 645 1558 Fulgida
672 1484 872 1554 dejecti
907 1482 1137 1538 mutavit
1165 1481 1375 1552 cespite
1406 1481 1555 1535 tecti.

418 1580 585 1644 Quam
617 1592 861 1653 genuere
885 1585 1040 1647 pater
1065 1590 1291 1629 sumens
1321 1573 1731 1647 Agamemnone
1762 1586 1964 1644 magno

417 1668 767 1743 Progeniem,
794 1665 983 1720 stravit
1012 1665 1177 1733 longo
1207 1664 1298 1735 qui
1325 1663 1584 1737 Pergama
1608 1661 1776 1728 bello,

417 1759 715 1815 Stemmata
742 1756 1060 1828 Scipiadam
1094 1755 1304 1809 ducens
1319 1754 1387 1808 ab
1420 1754 1635 1827 origine
1667 1759 1841 1808 mater
1871 1770 1885 1806 :

418 1846 642 1902 Toxotio
656 1846 948 1915 conjuncta
977 1845 1116 1910 viro,
1147 1843 1240 1915 qui
1270 1842 1498 1914 sanguis
1536 1842 1653 1905 luli,

424 1933 647 1989 Fmdere
678 1933 943 1989 connubii
973 1933 1147 2004 quino
1178 1947 1343 2002 quem
1374 1931 1607 2005 pignore
1630 1920 1892 1999 rcompsit.

422 2024 574 2080 Hunc
598 2025 670 2080 ita
700 2024 1020 2080 defunctum
1041 2022 1213 2086 dolet,
1237 2027 1296 2075 ut
1330 2027 1389 2075 ut
1409 2034 1583 2090 prope
1607 2017 1748 2073 facta
1776 2020 2039 2088 sequatur

424 2121 637 2188 Libera,
669 2121 767 2177 sed
799 2126 957 2192 pacto
980 2118 1287 2189 vinclisque
1321 2123 1579 2187 exempta
1610 2115 1836 2188 jugalis,

423 2214 518 2269 Hic
548 2230 607 2269 se
627 2213 854 2269 servitio
887 2212 1084 2268 Christi
1115 2210 1381 2274 devinxit,
1410 2216 1472 2265 ut
1493 2209 1612 2279 ipsa

419 2305 632 2360 Funera
662 2302 897 2359 carnalis
926 2308 1147 2373 reputes
1161 2308 1380 2372 optasse
1401 2298 1603 2355 mariti.

419 2393 678 2464 Dumque
718 2392 981 2464 expendit
1010 2408 1165 2462 opes,
1196 2390 1449 2445 adimens
1472 2386 1802 2459 patrimonia
1832 2384 2036 2460 gnatis,

420 2484 770 2553 Quosotamen
803 2481 1022 2549 attollit,
1051 2480 1397 2551 locupletans
1427 2492 1657 2533 munere
1687 2476 1837 2543 divo,

422 2575 757 2647 Pauperibus
787 2582 900 2631 tota
937 2589 1261 2628 succurrere
1292 2572 1421 2626 dum
1451 2570 1636 2625 studet
1662 2569 1821 2635 urbe,

421 2662 718 2720 Pontiﬁces
746 2662 924 2719 celsos
953 2662 1154 2718 meruit
1177 2670 1430 2732 spectare
1455 2659 1798 2724 ministrans,

427 2759 586 2816 Urbis
613 2758 682 2813 ad
709 2758 964 2814 Antiochi
990 2756 1277 2812 Paulinum
1317 2754 1546 2811 nomine
1573 2753 1755 2819 dictae,

2131 1030 2426 1087 Eustochio
2441 1038 2701 1087 contenta
2732 1047 2853 1101 sua,
2886 1047 3007 1104 quae
3025 1033 3246 1088 conscia
3278 1034 3416 1089 tanti

2134 1121 2195 1177 Et
2224 1139 2412 1178 comes
2451 1122 2861 1194 incmpti,votis
2888 1124 3153 1179 haerentia
3174 1124 3335 1190 caelo,

2132 1218 2442 1288 Exspoliata
2474 1217 2592 1271 solo
2617 1214 2923 1287 permulcet
2952 1223 3177 1286 pectora
3211 1216 3423 1271 matris.

2135 1313 2347 1368 Interea
2376 1329 2538 1368 cursu
2566 1310 2734 1366 celeri
2752 1311 2885 1365 ratis
2910 1327 3136 1382 aequora
3162 1310 3383 1366 ﬁndens

2134 1405 2360 1477 Appulit
2394 1405 2647 1461 exsilium
2668 1405 2947 1460 Domitilla
2979 1405 3072 1459 ubi
3096 1404 3280 1459 Flavia
3311 1420 3474 1476 passa

2060 1492 2108 1559 Β
2138 1500 2303 1569 Cujus
2331 1499 2577 1571 martyrii
2612 1498 2781 1554 cellas
2818 1505 3079 1554 venerata
3096 1497 3337 1571 legebat.

2139 1592 2281 1647 Laeta
2311 1591 2485 1646 salum
2512 1590 2697 1664 segnis
2736 1590 3091 1662 preperantia
3117 1596 3315 1646 cuncta
3335 1589 3622 1653 videntur,

2137 1682 2498 1755 Adriacisquc
2520 1683 2703 1750 undis,
2736 1682 2886 1737 inter
2936 1681 3171 1754 Scyllam
3203 1689 3369 1752 atque
3404 1679 3761 1750 Charybdim,

2138 1776 2207 1830 Se
2237 1774 2472 1831 credens
2501 1774 2651 1829 subit
2679 1780 2737 1829 ut
2758 1790 2857 1844 per
2870 1773 3029 1828 mitia
3058 1780 3253 1848 stagna
3276 1772 3618 1827 Methonem.

2141 1865 2238 1920 Hic
2270 1864 2524 1920 refovens
2554 1862 2750 1938 pelago
2781 1864 3025 1918 tabentia
3046 1863 3297 1920 membra
3324 1864 3522 1919 relicto
3547 1882 3564 1930 ;

2139 1958 2371 2031 Moxque
2398 1959 2543 2014 inter
2570 1958 2796 2014 Maleam
2819 1957 3055 2015 volitans
3086 1960 3344 2031 interque
3373 1957 3668 2031 Cytheram

2142 2049 2402 2125 Cycladas
2433 2057 2487 2105 et
2518 2049 2726 2106 crebris
2751 2049 2929 2105 sulcat
2967 2057 3103 2105 treta
3130 2049 3343 2106 consita
3379 2049 3567 2106 terris.

2142 2143 2376 2215 Postqus
2404 2143 2659 2201 Rhodum
2690 2152 2743 2200 et
2768 2143 2987 2215 Lyciam
3014 2144 3171 2216 Cypri
3201 2144 3427 2200 divertit
3458 2144 3515 2201 in
3547 2160 3694 2202 oras.

2142 2232 2374 2288 Sanctus
2402 2233 2747 2305 Epiphanius
2776 2233 3015 2305 genibus
3036 2250 3096 2290 se
3128 2234 3267 2290 forte
3298 2241 3584 2305 petentem

2142 2325 2291 2381 Hanc
2318 2342 2574 2395 cernens,
2610 2325 2803 2384 Christi
2857 2335 2918 2383 ut
2946 2327 3258 2384 membrum
3311 2326 3555 2382 sublime
3610 2344 3764 2385 rece-

3512 2416 3651 2488 [ptat
3680 2435 3696 2481 ;

2135 2485 2507 2558 Lustratisque
2531 2485 2881 2542 monasteriis
2910 2486 3106 2544 solatia
3136 2494 3420 2559 praestans,

2143 2575 2237 2630 llla
2268 2575 2421 2631 brevi
2450 2576 2628 2647 spatio
2670 2583 2952 2647 spectatur
2982 2577 3049 2631 ab
3070 2576 3209 2632 urbe
3236 2576 3473 2634 Seleuci.

2141 2666 2393 2721 Antiochi
2420 2663 2692 2721 scandens
2717 2672 2768 2720 et
2814 2664 2883 2719 ab
2915 2666 3017 2721 hac
3048 2665 3123 2721 ita
3150 2666 3353 2722 mmnia
3380 2666 3532 2722 visit.

2144 2760 2482 2833 Hicquoquc
2510 2760 2723 2816 Paulini
2746 2760 3028 2816 modicum
3056 2752 3291 2818 dilectio
3322 2770 3514 2817 sancta

433 2850 694 2904 Sanctum
762 2854 818 2902 et
875 2844 1245 2917 Epiphanium
1294 2842 1607 2911 Salamina,
1665 2841 1772 2896 hoc
1828 2838 1986 2909 h05pi

2146 2850 2363 2905 Detinet
2393 2852 2536 2905 hanc
2568 2867 2580 2903 :
2614 2848 2848 2921 hycmis,
2882 2848 3009 2905 fidei
3043 2847 3259 2905 fervore
3281 2850 3520 2915 calente,

1759 2932 1969 3006 [digna,

422 3031 604 3088 Jussio
630 3045 772 3103 quos
800 3029 1028 3085 Romam
1051 3034 1181 3084 tunc
1206 3025 1509 3099 imperialis
1528 3023 1735 3099 adegit.

426 3125 664 3189 Quorum
696 3138 928 3179 accensa
955 3122 1064 3194 piis
1090 3121 1336 3177 animum
1368 3119 1666 3175 virtutibus
1694 3117 1918 3183 ardens,

426 3214 612 3269 Visere
640 3213 757 3268 vult
772 3228 1039 3278 eremum,
1075 3211 1372 3267 meditatur
1401 3210 1653 3282 linquere
1684 3209 1933 3264 Romam.

425 3306 543 3362 Jam
574 3306 813 3382 genitos,
856 3305 1091 3362 famulos
1131 3319 1495 3376 possessaque
1524 3309 1708 3359 mente
1748 3300 2041 3367 revellens,

428 3397 617 3473 Cogita
644 3397 978 3454 omnimodis
997 3396 1188 3452 mundi
1220 3412 1282 3450 se
1307 3394 1595 3451 absolvere
1619 3392 1837 3448 vinclis.

496 3486 722 3562 Frigora
750 3493 874 3559 post
905 3486 1147 3552 tandem,
1180 3485 1310 3540 dum
1336 3482 1562 3539 ﬁtmare
1580 3482 1812 3537 navibus
1832 3488 2043 3551 aptum,

426 3579 761 3635 Praesulibus
790 3578 1041 3651 proprias
1069 3579 1234 3635 sedes
1265 3576 1663 3650 repetentibus,
1693 3575 1839 3630 almo

425 3673 778 3746 Prosequitur
801 3680 948 3742 voto,
981 3672 1160 3728 charis
1184 3688 1309 3728 cum
1342 3671 1507 3727 fratre
1537 3668 1868 3743 prepinquis

426 3769 660 3838 Insuper
688 3765 757 3821 ad
780 3772 999 3837 portum
1027 3764 1209 3840 gnatis
1239 3762 1631 3820 comitantibus
1664 3763 1863 3834 ipsam,

426 3859 527 3926 Qui
548 3859 752 3931 pietate
782 3859 927 3930 piam
949 3864 1226 3914 certantes
1239 3855 1458 3912 vincere
1488 3862 1745 3911 matrem.

426 3953 573 4018 Quos
600 3957 824 4023 superat
850 3951 1054 4022 pietate
1074 3947 1169 4004 Dei
1198 3946 1569 4019 famulamque
1592 3944 1880 4016 probando

428 4043 497 4097 Se
530 4040 749 4109 Christi,
782 4040 960 4095 nescit
985 4038 1228 4095 carnalia
1252 4038 1451 4094 fenore
1478 4035 1707 4092 ventris.

428 4130 660 4187 Carbasa
687 4129 1033 4201 complerant
1053 4129 1198 4187 venti
1226 4128 1571 4201 puppimque
1594 4123 1806 4183 ferebat

427 4225 671 4295 Impetus
685 4223 917 4291 alarum,
948 4222 1191 4294 pernicis
1217 4220 1388 4278 rerlio
1418 4219 1616 4287 lintris,

425 4312 629 4367 Parvus
646 4310 922 4379 Toxotius,
956 4312 1165 4383 palmas
1190 4312 1246 4366 in
1278 4310 1459 4366 littore
1480 4308 1740 4373 tendens,

429 4400 675 4456 Fletibus
704 4408 759 4456 et
792 4397 990 4457 Ruﬁna
1018 4400 1250 4456 madens
1275 4398 1516 4455 retinere
1528 4397 1786 4455 laborant

427 4488 650 4545 Viscera
676 4495 1016 4546 temnentem
1049 4497 1289 4557 terrena,
1314 4505 1559 4561 superna
1593 4493 1872 4560 petentem

2145 2938 2253 2993 Sed
2272 2938 2459 2994 medio
2490 2953 2600 2993 non
2628 2937 2793 2993 mittit
2820 2938 2939 3005 iter,
2975 2938 3109 3010 quin
3144 2939 3323 3011 pergit
3348 2939 3547 3002 asello,

2146 3028 2287 3083 Dura
2309 3029 2532 3095 sedens,
2567 3027 2707 3083 lenis
2733 3043 2896 3099 quam
2926 3027 3056 3084 olim
3087 3028 3285 3083 lectica
3306 3028 3569 3084 vehebat.

2142 3120 2749 3195 TransgrediturSyriaz
2780 3118 2973 3189 Cocles,
3007 3121 3283 3177 Phoenicis
3306 3128 3360 3176 et
3391 3138 3522 3177 arva

2142 3211 2275 3268 Tum
2300 3213 2541 3279 Beritho,
2569 3211 2853 3284 veterique
2885 3228 3075 3268 means
3103 3213 3307 3268 Sidone
3338 3212 3552 3267 relicta.

2148 3306 2274 3361 Elite
2303 3306 2515 3372 turrim,
2549 3318 2672 3376 quae
2701 3303 2884 3359 littore
2908 3321 3071 3376 parva
3097 3305 3339 3376 Sarepta:

2148 3398 2455 3461 Permanet,
2489 3395 2817 3468 ingreditur,
2849 3395 3150 3451 Dominum
3177 3394 3393 3450 virtutis
3424 3395 3664 3452 adorans

2149 3489 2389 3561 Hospitis
2420 3489 2510 3545 hic
2538 3489 2741 3562 viduae,
2767 3506 2864 3560 per
2895 3504 3059 3561 quem
3090 3487 3160 3543 de
3186 3497 3362 3543 morte
3390 3489 3608 3545 levatur

2146 3579 2417 3636 Caelicolae
2440 3579 2581 3635 vatis
2603 3579 2865 3652 precibus
2885 3578 3093 3634 dudum
3124 3579 3291 3635 unica
3318 3580 3524 3652 proles.

2146 3672 2358 3745 Perque
2385 3672 2509 3744 Tyri
2538 3672 2798 3747 gradiens
2828 3672 2980 3728 Pauli
3005 3671 3251 3728 doctoris
3274 3689 3473 3728 arenas

2147 3765 2346 3823 Defixis
2372 3783 2556 3823 sacras
2584 3768 2840 3844 genibus,
2872 3768 3196 3840 perducitur
3211 3766 3357 3825 Acho
3383 3767 3594 3840 [Acco],

2146 3854 2378 3913 Nomine
2398 3863 2607 3914 mutato
2641 3874 2804 3930 quam
2828 3874 2975 3913 nunc
3004 3856 3348 3914 Ptolemaida
3370 3856 3591 3913 dicunt.

2147 3946 2429 4022 Sanguine
2457 3947 2622 4004 Josiae
2653 3948 2733 4004 sic
2758 3947 3172 4021 permadefacta
3198 3947 3467 4023 Mageddo

2145 4040 2309 4111 Rura,
2338 4041 2656 4099 Palaestinos
2683 4041 2931 4115 gaudens
2946 4042 3242 4115 pertransit
3270 4042 3327 4097 in
3352 4057 3547 4118 agros,

2144 4134 2305 4190 Urbis
2332 4134 2439 4191 Dor
2465 4135 2742 4207 quondam
2766 4135 3006 4190 celebris
3030 4135 3223 4190 mirata
3248 4134 3459 4200 ruinas,

2143 4233 2272 4299 Qua:
2305 4236 2428 4300 post
2456 4227 2727 4283 Stratonis
2746 4226 2951 4284 renitet
2977 4228 3310 4299 cognomine
3326 4226 3523 4283 turris.

2072 4327 2295 4403 [)Hanc
2322 4323 2475 4397 prior
2507 4322 2747 4379 Herodes
2777 4322 3002 4395 Augusti
3037 4320 3262 4377 Caesaris
3285 4326 3456 4397 auget

2153 4410 2423 4481 Culmine,
2459 4410 2759 4479 Cmsarpam
2791 4412 3036 4469 Ramano
3066 4427 3098 4467 a
3119 4410 3370 4483 principe
3399 4410 3634 4467 dictam.

1934 4636 2142 4693 CAPUT
2181 4637 2267 4693 1X.

1562 4739 1647 4803 De
1686 4749 1892 4802 sancto
1950 4738 2227 4802 Cornelio
2273 4736 2641 4800 centurione.

430 4851 485 4909 ln
511 4866 621 4928 qua
650 4851 889 4909 sollicite
915 4856 1168 4907 scrutans
1193 4848 1314 4907 loca
1339 4847 1506 4904 Paula
1527 4855 1739 4904 sacrata

433 4946 691 5019 Repperit
721 4944 1012 5001 ecclesiam
1043 4941 1265 5010 Christi,
1295 4940 1581 4997 Cornelius
1609 4940 1741 4996 olim

428 5038 616 5095 [Edem
646 5055 810 5111 quam
841 5036 1013 5094 coluit
1042 5036 1252 5108 privato
1273 5034 1404 5105 jure
1444 5032 1727 5099 manendi,

431 5131 573 5187 Luce
600 5130 696 5185 Dei
724 5129 926 5207 dignus
959 5127 1193 5184 necdum
1224 5125 1554 5199 baptismate
1583 5124 1750 5191 lotus,

433 5219 624 5276 leite
664 5225 824 5286 teste,
856 5232 1051 5291 preces
1080 5215 1238 5286 cujus
1265 5213 1581 5271 referuntur
1609 5213 1679 5268 ad
1710 5226 1871 5268 aures

429 5312 753 5369 Ascendisse
782 5312 900 5378 Dei,
928 5309 1212 5367 miseratio
1242 5307 1417 5385 gratia
1441 5307 1664 5363 subisse

426 5402 566 5459 Ante
596 5402 853 5457 thronum
876 5399 1115 5466 Domini,
1144 5399 1405 5455 sublectae
1435 5397 1678 5469 praestita
1702 5393 1873 5467 plebi.

429 5496 493 5549 At
512 5498 664 5564 patet
683 5499 942 5565 acceptor
965 5491 1137 5562 judex
1171 5506 1281 5548 non
1313 5505 1439 5544 esse
1456 5503 1733 5559 supernus

428 5583 790 5641 Personarum
818 5587 966 5643 inter
982 5584 1120 5639 nihil
1138 5592 1303 5656 atque
1331 5582 1506 5638 salute
1537 5581 1815 5652 direptum

2148 4842 2470 4901 Hebraicam
2501 4849 2814 4900 nostramve
2845 4840 3010 4898 ﬁdem
3046 4841 3251 4914 pietate
3282 4842 3581 4912 nitentem,

2151 4939 2419 4995 Gentibus
2439 4943 2494 4993 et
2521 4936 2736 4993 cunctis
2762 4935 2998 4993 reserari
3017 4934 3212 4991 limina
3241 4937 3391 5003 coeli,

2151 5032 2383 5104 Vimque
2412 5031 2526 5103 pati
2544 5031 2803 5103 donoque
2825 5029 2922 5085 Dei
2952 5029 3231 5086 violenter
3255 5029 3419 5085 adiri.

2152 5122 2310 5178 Nulla
2330 5121 2606 5177 dabantur
2625 5119 2754 5175 huic
2782 5119 3068 5187 miracula,
3097 5119 3312 5174 semina
3337 5119 3466 5174 vitae

2149 5209 2309 5265 Nulla
2332 5209 2664 5265 serebantur
2690 5215 2926 5264 terrena:
2954 5207 3251 5279 aspergine
3282 5207 3489 5280 lingua
3529 5225 3544 5273 ;

2148 5299 2438 5371 Aspirante
2459 5305 2647 5355 tamen
2674 5298 2907 5366 Christo,
2931 5298 3019 5353 cui
3049 5297 3216 5354 corda
3243 5296 3412 5352 beare

2147 5389 2246 5444 Jus
2268 5396 2475 5458 manet,
2508 5396 2629 5446 orat
2658 5388 2736 5444 ait
2763 5387 2970 5462 dignus
2999 5385 3273 5442 habeatur
3298 5395 3362 5441 ut
3390 5385 3554 5442 astris
3590 5404 3607 5450 ;

2148 5480 2389 5538 Accersit
2414 5480 2660 5537 monitus
2688 5481 2996 5545 doctorem,
3024 5478 3284 5554 dogmata
3322 5478 3543 5550 quaerit,

2146 5572 2311 5627 Sacro
2352 5570 2503 5628 fonte
2534 5585 2753 5640 carens,
2778 5565 3240 5640 jampnriﬁcatus
3266 5566 3464 5623 haberi

505 5681 650 5750 (155)
688 5682 824 5738 Vide
852 5685 909 5739 S.
944 5683 1256 5753 Hieronymi
1299 5678 1589 5752 epistolam
1625 5678 1746 5739 108,
1778 5675 1849 5731 ad
1881 5670 2229 5729 Eustochium
