3970 6200
120 279 220 332 521
638 273 720 326 DE
759 272 1118 326 TRIUMPIIIS
1159 273 1414 327 CHRISTI
1459 273 1534 327 ET
1576 276 1668 328 SS.
1717 275 2114 330 PALIESTINE
2156 275 2328 329 LIBRI
2371 276 2556 330 TIIES.
2603 308 2671 316 —
2713 278 2816 331 LIB
2887 279 2960 333 II.
3357 282 3466 336 522

125 409 411 469 Panditur,
441 405 721 476 accipiens
740 407 928 476 superi
969 407 1298 461 charismata
1331 407 1492 471 doni;
1773 413 1820 481 Α
1847 409 2091 480 l)umque
2123 409 2227 479 piis
2260 409 2476 479 plebem
2512 410 2734 464 monitis
2766 411 3104 482 hortansque
3137 411 3463 482 decensque

125 502 526 573 Spiritushune
549 500 783 570 implens
809 517 931 554 nam
956 501 1180 572 dignum
1207 518 1432 556 munere
1457 512 1739 559 monstrat.
1851 500 2208 569 Multiplicare
2242 511 2414 570 parat,
2451 501 2517 554 de
2551 502 2875 556 centurione
2910 503 3170 558 sacerdos

128 593 226 648 Cui
260 598 533 660 sumptum
560 589 638 642 ire
662 607 854 660 parum
894 589 1017 644 vita:
1059 607 1117 644 se
1160 607 1387 645 munera
1426 594 1640 661 solum;
1851 594 2112 660 Efticitur,
2142 599 2452 668 renitetque
2493 597 2653 652 datus
2691 600 2788 653 hac
2824 599 3024 669 praesul
3049 600 3103 653 in
3133 600 3286 668 urbe,

127 684 191 734 At
225 690 379 735 vocat
407 678 625 743 attines,
655 678 851 733 cbaros
879 679 1068 732 invitat
1091 679 1296 734 amicos
1849 685 1961 748 Qua
1993 689 2248 756 perplura
2280 704 2443 758 sagix
2478 689 2785 742 animarum
2815 699 3112 763 augmenta
3150 691 3396 764 gerendo

129 771 542 841 Participesque
571 770 657 824 sui
693 769 876 840 plures
902 769 1089 824 studet
1119 771 1318 825 addere
1344 771 1498 839 tloni,
1850 779 2152 846 Pramituit,
2190 790 2508 852 mactusque
2543 783 2708 838 lucris
2740 786 2813 838 ita
2846 785 2955 840 Iine
2989 786 3216 856 quievit,

127 861 305 915 ΟΠῘΟῘῙ
329 860 583 930 Ιπίυδοηδ
608 858 872 931 PWSRSI"
903 860 1048 912 Clam
1086 859 1252 914 Γυῑιιΐί
1853 869 2058 924 Fenora
2086 874 2391 926 COtntniss:=.'
2419 874 2661 927 referens
2695 893 2802 930 non
2838 894 2998 945 parva
3027 885 3289 941 catervae;

129 952 306 1020 Atque
337 949 533 1014 vicem,
568 965 670 1002 πὶθῦ
714 949 894 1001 adhuc
933 948 1148 1013 dOCIUS,
1181 949 1420 1003 (IOCIOI'is
1459 952 1744 1020 adoptans.
1853 961 2004 1013 [inde
2033 964 2113 1016 sui
2138 981 2362 1017 sumens
2387 982 2606 1036 quoque
2637 968 2855 1036 prz'eutia
2890 969 3055 1036 digna
3087 969 3292 1023 laboris

129 1041 333 1110 Sicque
373 1040 519 1110 capit
558 1039 718 1094 Petro
750 1048 1000 1093 sanctum
1035 1039 1313 1094 tribuente
1346 1041 1640 1110 lavacrum,
1854 1053 2140 1106 Cocles-tem
2171 1071 2426 1124 proceres
2459 1055 2600 1109 inter
2640 1058 2866 1111 sortitur
2897 1059 3181 1114 honorem.

132 1135 338 1190 Ordine
368 1142 594 1202 mutato,
636 1134 754 1206 posi
789 1135 1019 1207 pignora
1049 1135 1310 1190 Flaminis
1349 1137 1508 1203 almi;

1655 1266 1858 1320 CAPUT
1895 1268 1956 1321 X.

1329 1370 1405 1427 Dc
1438 1381 1643 1430 smcto
1677 1374 1960 1451 Philippo
1993 1357 2300 1437 diaconos

137 1479 415 1533 {ﬁdiculas
446 1477 605 1532 isthic
636 1479 930 1548 perlustrat
961 1477 1124 1532 Paula
1163 1477 1403 1548 Philippi
1857 1483 1990 1538 Esse
2023 1501 2198 1540 novus
2231 1493 2358 1556 poto
2390 1502 2497 1558 quo
2532 1496 2750 1557 pectora
2776 1488 2920 1541 sicca
2941 1488 3221 1559 rigantur;

140 1568 363 1633 Levitae,
399 1584 465 1622 ex
495 1574 707 1638 septem
737 1568 828 1639 qui
853 1569 1039 1621 munia
1062 1567 1206 1621 clara
1237 1583 1512 1620 sacrorum

1857 1576 2188 1648 llIutavitque
2221 1587 2411 1645 atram,
2441 1579 2646 1633 tinctus
2680 1580 3031 1650 baptismate,
3060 1581 3258 1650 pellem

139 1660 271 1714 Cum
313 1660 590 1729 Stephano
621 1676 864 1730 cogpete,
893 1661 1026 1724 aris,
1051 1675 1156 1729 qua
1184 1658 1303 1731 lege
1336 1659 1584 1713 minister
1860 1667 1953 1721 llic
1983 1669 2138 1741 niger
2155 1670 2709 1744 euuuchusgentilia
2732 1672 2894 1726 corda
2925 1673 3191 1744 Iigurans.

142 1753 355 1818 Editus,
384 1752 572 1806 teterni
603 1768 710 1806 non
744 1758 919 1805 cessat
950 1750 1161 1804 semina
1193 1750 1342 1804 verbi
1863 1758 2156 1812 Ilethsoros
2183 1767 2265 1812 est
2298 1760 2447 1813 vicus
2479 1761 2712 1830 Solymis
2745 1779 2850 1831 qua
2885 1763 3128 1835 pergitur
3160 1762 3376 1816 Ilebron

137 1846 412 1918 Spargere
438 1861 534 1915 per
552 1844 803 1914 pOpulos,
834 1851 886 1897 et
917 1859 1046 1898 oves
1079 1844 1147 1896 ad
1175 1843 1320 1898 ovile
1363 1859 1554 1897 vocare
1581 1861 1592 1896 :
1788 1875 1838 1940 Β
1869 1846 1925 1898 In
1953 1862 2062 1916 quo
2093 1846 2215 1900 fons
2245 1848 2400 1915 cujus
2432 1850 2777 1903 sat-.rantibus
2801 1852 2981 1904 elutus
3014 1851 3177 1904 undis

139 1940 385 1993 Plurima
412 1940 569 2013 signa
591 1956 812 2013 gerens,
844 1939 1105 1992 virtutum
1141 1937 1259 1991 luce
1285 1954 1600 2004 coruscans,
1788 1936 1830 1940 ⁷
1866 1936 2106 1991 Candida
2148 1939 2418 2007 praeclara:
2451 1941 2648 1994 meruit
2680 1942 2956 1995 consortia
2987 1942 3130 1995 vita).

141 2029 432 2082 Da'monas
454 2029 757 2098 expellens.
785 2028 1082 2098 paralytica
1114 2043 1345 2097 corpora
1377 2044 1593 2093 curans,
1865 2025 2102 2094 Spiritus
2126 2027 2412 2096 abripiens
2443 2028 2580 2081 alias
2610 2029 2904 2082 transferre
2932 2029 3250 2099 Philippum

142 2123 466 2176 llestituens
497 2137 740 2193 gressum
775 2121 986 2174 claudis
1016 2137 1076 2174 ac
1107 2120 1313 2174 lumina
1345 2121 1522 2173 caecis.
1867 2116 2135 2182 Destinat,
2169 2117 2371 2172 Azotiis
2394 2119 2757 2190 reliquisque,
2792 2121 2883 2174 ubi
2919 2122 3080 2174 verba
3114 2120 3305 2173 salutis

147 2212 239 2265 Ille
259 2211 593 2265 Samaritum
620 2211 745 2263 Iidei
775 2209 1098 2264 fundamina
1131 2210 1356 2262 firmans
1868 2204 2096 2257 Disserit
2125 2205 2371 2279 allegans
2402 2207 2594 2260 urbem
2628 2209 2757 2261 dum
2789 2210 2983 2263 transit
3013 2211 3079 2262 ad
3112 2209 3266 2262 istam

147 2301 422 2362 Instruxit,
458 2299 688 2360 monuit,
723 2298 1075 2368 Siumnisquc
1109 2314 1326 2351 venena
1359 2297 1618 2369 fugavit;
1867 2297 2161 2353 lliditicaus
2183 2300 2234 2352 in
2269 2317 2375 2371 qua
2399 2309 2613 2355 mentes
2646 2304 2933 2373 requievit.
2963 2312 3017 2358 et
3039 2305 3160 2370 ejus

143 2389 410 2461 Angelico
439 2389 604 2442 ductu
638 2403 960 2457 properans,
1016 2387 1141 2440 hinc
1186 2387 1360 2457 pergit
1399 2388 1466 2440 ad
1497 2395 1763 2446 austrum,
1867 2387 1995 2440 Tres
2019 2387 2172 2455 juxta
2203 2391 2426 2460 genitae,
2459 2408 2580 2445 cum
2606 2393 2933 2466 virginitatis
2964 2395 3168 2449 honore

147 2482 572 2552 rlithiopemque
603 2489 761 2536 tuens
792 2482 1107 2534 eunuchum
1141 2497 1295 2534 sacra
1326 2481 1621 2555 legentem,
1868 2482 2079 2536 Sortitae
2104 2485 2379 2550 tumulos;
2411 2487 2685 2556 Ephesina
2712 2497 2902 2559 quarta
2932 2491 3175 2544 renidet:

146 2570 332 2624 Divino
358 2570 574 2623 monitu
605 2570 881 2639 carpendo
907 2569 1181 2643 jungitur,
1211 2578 1378 2640 atque
1869 2573 2072 2643 Spiritu
2113 2575 2231 2645 ipse
2266 2579 2567 2648 [)t‘OleCIItL’
2599 2596 2736 2650 quas
2760 2597 2985 2635 munere
3017 2590 3239 2637 sanctus

146 2661 388 2715 Sollicito
421 2660 603 2714 studio
633 2661 873 2714 sociatur
908 2661 1123 2729 apertio
1155 2659 1308 2732 legis.
1871 2663 2132 2735 lmplens,
2168 2667 2442 2720 illecebris
2459 2668 2561 2722 diri
2592 2669 2823 2724 servavit
2850 2671 2918 2724 ab
2935 2672 3130 2744 anguis

148 2755 276 2810 Dum
306 2762 525 2812 veteres
551 2755 815 2809 sitiuntur
837 2770 1010 2825 aquae,
1044 2753 1166 2809 fons
1197 2755 1456 2824 panditur
1477 2762 1627 2809 ortus
1873 2754 2255 2826 {Ethereisquc
2275 2758 2456 2812 choris
2481 2759 2603 2814 coeli
2624 2770 2949 2830 superastra
2968 2762 3200 2836 jugavit.

1647 2881 1856 2936 CAPUT
1899 2882 1983 2936 XI.

1473 2993 1549 3052 De
1591 3003 1796 3053 sancto
1845 2994 2152 3070 Procopio.

154 3103 346 3158 Urbem
405 3102 547 3156 hanc
575 3100 872 3171 Proc0pius
909 3101 1108 3174 legitur
1147 3101 1435 3156 decorasse
1471 3101 1767 3172 triumpho,
1873 3101 2115 3156 Adverso
2145 3102 2364 3158 vibrans
2399 3106 2583 3160 hostes
2615 3108 2913 3178 superabat
2941 3109 3184 3165 abactos.

153 3193 469 3265 Scythopoli
497 3192 644 3262 prius
667 3201 858 3248 ornata
878 3194 1042 3248 verbo
1073 3203 1236 3264 atque
1259 3195 1445 3268 vigore
1471 3213 1484 3258 ;
1877 3194 1988 3246 lluc
2019 3210 2238 3264 quoque
2271 3196 2511 3250 directus
2545 3199 2716 3267 prima
2757 3201 2822 3252 ad
2858 3217 3121 3270 responsa
3149 3200 3348 3268 ﬁdelis,

153 3290 316 3343 Nocte
345 3289 556 3359 dieque
584 3287 678 3341 Dei
704 3287 799 3358 qui
826 3293 943 3341 stat
969 3287 1098 3340 dum
1123 3288 1362 3342 cultibus
1391 3289 1567 3352 almis,
1803 3351 1844 3371 Π
1876 3284 2071 3349 Fortis,
2113 3292 2165 3338 ct
2200 3286 2454 3340 inventus
2487 3289 2730 3358 sapiens,
2774 3299 3142 3365 constansque
3175 3295 3441 3366 probatus
3474 3313 3484 3347 :

155 3381 363 3435 Viscera
385 3378 696 3434 conficiens
713 3395 836 3434 raro
859 3387 1108 3433 recreata
1135 3387 1350 3449 paratu,

1799 3355 1848 3418 (λ
1879 3377 2131 3445 Iratoque
2163 3377 2351 3446 probis
2391 3355 2628 3435 Fabiano
2659 3383 2841 3449 judice
2873 3355 3058 3454 dictis,

155 3468 322 3524 Corda
339 3466 633 3540 saginabat
657 3467 897 3536 dapibus
923 3465 1188 3536 replendo
1212 3467 1484 3537 supernis.
1875 3464 2189 3520 Illucronem
2224 3466 2506 3536 excipiens
2537 3472 2835 3526 certamina
2868 3471 2974 3528 line
3002 3484 3277 3530 venustat.

159 3558 381 3628 Insuper
412 3556 662 3612 iuternos
694 3555 910 3611 interna
942 3565 1277 3627 externaque
1302 3556 1448 3610 bella

1645 3683 1850 3738 CAPUT
1889 3685 2000 3739 XII.

1262 3787 1338 3845 De
1384 3787 1603 3858 Prisco,
1655 3787 1880 3846 Matr/to
1926 3797 1977 3847 et
2020 3789 2384 3848 Alexandro.

159 3905 426 3961 Prteterea
457 3903 705 3958 celebres
734 3901 825 3957 hic
856 3917 1212 3958 consumasse
1255 3903 1562 3973 triumphos
1879 3905 2133 3976 Ignavum
2163 3905 2258 3958 sed
2294 3906 2443 3959 humi
2476 3914 2730 3980 gererent
2759 3915 2977 3977 torpore
3008 3910 3250 3979 quietem
3286 3931 3298 3966 :

159 3999 380 4054 Athletae
419 3997 588 4052 fortes
609 3996 846 4066 pretiosa
869 4001 1044 4048 morte
1078 3995 1365 4068 leguntur.
1880 3993 2064 4065 l‘legna
2094 3994 2233 4047 lleus
2267 3995 2488 4048 mandet
2527 4012 2650 4048 cum
2695 3997 2740 4050 vi
2779 3995 3041 4065 rapienda
3069 4015 3329 4068 superna.

161 4090 393 4153 Quorum
427 4096 539 4143 tres
571 4087 749 4142 valida
771 4087 1004 4155 juvenes
1035 4087 1232 4141 virtute
1265 4086 1526 4150 nitentes,
1879 4083 2037 4134 Arma
2069 4083 2269 4152 quibus
2304 4083 2446 4136 nacti
2479 4083 2680 4150 verbis,
2715 4085 3037 4158 gradiuntur
3070 4086 3121 4138 in
3158 4087 3355 4142 Urbem

165 4181 392 4249 Priscus,
426 4180 690 4246 Malchus,
714 4178 1037 4242 Alexander,
1064 4176 1225 4230 simul
1246 4176 1382 4230 urbe
1403 4177 1503 4230 sub
1531 4176 1632 4230 ista
1879 4179 2259 4246 Approperant
2291 4177 2474 4244 bellis,
2506 4185 2559 4232 et
2590 4179 2781 4233 atlorto
2809 4179 2997 4246 judice
3030 4182 3259 4235 crudum

165 4269 432 4342 Ilegentes
463 4268 700 4339 quodam
731 4267 854 4323 vitae
885 4265 1084 4320 ruralis
1115 4265 1312 4339 agello,
1880 4264 2139 4320 Incusent
2164 4267 2336 4339 rigide
2370 4269 2517 4338 quod
2542 4269 2812 4342 sanguine
2842 4270 3214 4331 szeviatalmo.

165 4363 361 4418 Intenti
391 4362 613 4428 studiis,
645 4363 773 4416 dum
799 4369 1046 4431 tempore
1078 4359 1345 4413 Valeriani
1879 4357 2127 4411 Actutum
2185 4359 2411 4413 monitis
2438 4377 2600 4430 quam
2635 4362 2800 4434 digna
2842 4362 3049 4432 profata
3081 4363 3425 4433 rependens:

164 4451 254 4505 Isti
275 4451 622 4523 comperiunt
648 4448 774 4503 ﬁdei
801 4450 1121 4504 crebescere
1153 4465 1388 4521 pugnas,
1886 4467 1908 4494 (ι
1949 4446 2274 4515 Subjicitote
2299 4449 2447 4515 feris,
2497 4449 2704 4520 inquit;
2738 4451 2940 4520 quibus
2983 4452 3125 4506 haud
3150 4452 3329 4522 placet
3357 4455 3498 4506 istud

166 4543 366 4599 Divinze
394 4543 615 4598 accensi
657 4543 860 4613 pariter
879 4543 1097 4598 virtutis
1129 4559 1334 4608 amore,
1881 4538 2120 4594 I’rotluat
2150 4548 2206 4594 ut
2232 4548 2416 4596 nostro
2450 4543 2675 4614 sanguis
2703 4558 2968 4597 mucrone
3003 4545 3250 4614 piorum;
3298 4565 3321 4596 η

166 4634 355 4706 Turpis
395 4636 647 4710 segnitiae
679 4652 800 4691 sese
832 4651 1047 4706 cmpere
1073 4641 1294 4688 notare:
1883 4627 2130 4684 Rictibus
2157 4630 2427 4686 horrificis
2456 4649 2581 4687 mox
2620 4634 2930 4707 allegantur
2951 4635 3150 4688 edendi

166 4722 315 4786 Quod
337 4741 462 4780 cum
483 4726 742 4781 cmlestes
767 4734 1097 4796 caperentur
1117 4725 1170 4776 in
1197 4724 1336 4778 Urbe
1359 4739 1598 4789 coronm,
1808 4793 1838 4796 ι
1882 4721 2224 4792 Abrahteque
2256 4725 2376 4777 sinu
2407 4726 2642 4796 correpti
2683 4743 2748 4779 ex
2781 4741 2874 4778 ore
2909 4725 3141 4779 ferarum

169 4814 271 4883 Ipsi
297 4833 406 4873 non
427 4825 708 4889 caperent,
731 4817 891 4884 irent,
917 4823 1168 4886 peterent
1200 4821 1590 4886 reperentque,
1808 4793 1860 4859 ί)
1889 4817 2182 4887 Perpetuas
2207 4823 2455 4887 prompta
2488 4818 2765 4871 lucrautur
2794 4825 2966 4873 morte
2996 4832 3228 4872 coronas

1640 4944 1848 5000 CAPUT
1889 4946 2028 5000 XIII.

1517 5048 1594 5106 Dc
1638 5057 1842 5108 sancto
1887 5049 2142 5107 Marino.

173 5156 399 5219 Quidam
424 5165 539 5213 erat
567 5156 657 5212 hic
674 5156 872 5227 Opibus
894 5153 1108 5226 pollens
1137 5161 1190 5208 et
1217 5153 1448 5218 honore,
1480 5153 1720 5208 Marinus
1895 5154 2072 5208 Invisa
2102 5151 2293 5205 Christi
2327 5152 2417 5222 qui
2452 5153 2738 5225 relligione
2771 5163 3066 5223 prematur.

171 5249 418 5318 Nomine,
456 5253 664 5307 militia:
694 5251 996 5322 splendens
1025 5249 1356 5322 insignibus,
1390 5256 1556 5319 atque
1893 5243 2162 5306 Quzesitus
2193 5257 2452 5295 verumne
2485 5243 2607 5296 sita
2637 5250 2906 5314 quaestore
2941 5243 3176 5295 Marinus

172 5338 486 5397 I’romerilis
515 5342 714 5405 clarus,
750 5340 1092 5410 Solymorum
1119 5356 1148 5393 c
1180 5338 1399 5392 civibus
1430 5354 1573 5390 unus
1891 5336 2041 5390 Illico
2063 5333 2433 5390 Cltrtsticolam
2467 5334 2586 5389 viva
2615 5352 2674 5389 se
2703 5351 2834 5391 voce
2861 5336 3076 5402 fatetur,

172 5433 372 5491 Militia:
413 5437 542 5493 dum
572 5438 691 5491 luce
713 5434 916 5509 gradus
948 5435 1094 5488 hunc
1122 5432 1346 5488 debitus
1367 5432 1502 5485 ordo
1891 5428 2084 5482 Christi
2108 5444 2168 5482 se
2199 5443 2326 5482 vere
2369 5427 2613 5482 tamulari
2641 5427 2857 5502 legibus
2886 5427 3076 5482 edens.

173 5524 455 5585 Quondam
497 5527 632 5591 adit,
661 5524 882 5579 invidiae
921 5522 1180 5578 stimulus
1223 5521 1362 5594 petit
1389 5535 1514 5573 ecce
1543 5516 1787 5572 sodalem
1894 5518 2280 5574 Conceduntur
2319 5521 2369 5574 ei
2405 5527 2514 5574 tres
2545 5519 2668 5592 quis
2698 5519 2967 5574 deliberet
2997 5520 3171 5574 home:

173 5610 558 5686 Exclamatque
579 5613 807 5688 gradum
834 5613 981 5665 hunc
1003 5626 1111 5665 non
1135 5626 1302 5681 posse
1321 5606 1506 5662 subire
1525 5604 1788 5658 Marinum
1893 5609 1984 5663 Dis
2013 5610 2184 5665 libare
2217 5612 2368 5679 velit,
2396 5612 2664 5684 perimine
2698 5611 2979 5670 vocamine
3001 5611 3214 5666 Christi.

498 5722 777 5780 PATROL.
827 5715 1152 5778 CXXXV.
3094 5718 3162 5778 I7
