3970 6200
480 315 587 369 523
1234 318 1597 373 FLODOARDI
1640 319 1943 375 CANONICI
1988 322 2317 378 REMENSIS
2358 323 2697 378 OPUSCULA
2735 322 3048 378 METRICA.
3228 287 3237 293 .
3707 324 3801 378 52$

482 449 735 504 Protinus
759 464 1039 520 egressum
1062 448 1363 522 Teotignus
1386 450 1681 522 episcopus
1712 469 1951 520 armaris,
2115 463 2164 528 Α
2196 454 2308 519 Qua
2340 454 2606 510 redimire
2628 455 2777 524 pium
2820 453 3085 509 Dominus
3114 459 3279 523 caput
3308 452 3462 525 eligit
3495 452 3641 508 altus
3677 473 3703 504 ι

483 537 634 591 Ducit
664 536 718 589 in
740 536 1047 602 ecclesiam,
1083 535 1212 591 fidei
1244 539 1593 595 sermonibus
1622 548 1808 615 auget,
2196 546 2536 619 Regrediens
2560 561 2763 600 saevum
2794 544 2992 615 repetit
3015 559 3266 615 precone
3288 545 3529 599 tribunal

477 628 831 699 Tandemque
870 628 1147 695 attollens,
1190 626 1377 683 altaris
1403 631 1471 684 ad
1513 631 1707 685 intima
1737 632 2019 687 transfert:
2196 637 2486 701 invitante,
2522 636 2649 691 dato
2671 636 2773 689 sibi
2806 643 3075 705 tempore,
3106 634 3321 699 adesse,
3343 649 3638 690 recurrens

480 727 593 788 Quo
624 724 951 794 prazcinctus
981 731 1097 779 erat
1129 724 1371 799 gladium
1406 726 1686 797 pr0ponit,
1720 732 1774 780 et
1796 725 1955 780 offert
2198 725 2304 779 Nec
2338 724 2540 795 patitur
2568 723 2798 778 scitante
2829 737 3010 777 moras
3039 732 3099 776 ut
3120 723 3353 793 praeside
3385 722 3610 789 reddat;

482 815 611 869 Inde
629 814 1005 889 Evangelium,
1034 816 1281 889 rogitans
1311 814 1444 886 quid
1473 816 1884 871 malleteorum.
2200 814 2373 868 Verba
2400 813 2497 867 sed
2530 826 2863 882 expromens
2892 818 3042 866 certo
3059 826 3119 865 se
3142 811 3341 866 robore
3357 810 3547 866 ﬁxum.

482 902 723 973 Cumque
752 918 973 957 manum
1008 911 1263 973 prompte
1294 902 1482 957 divina
1509 904 1575 957 ad
1603 903 1727 970 jura
1758 902 1988 971 tulisset,
2200 902 2315 956 Non
2342 901 2626 976 rogitatus,
2661 901 2733 955 ait
2755 899 3138 956 confirmatum
3159 916 3280 956 esse
3308 908 3537 972 paterna

481 991 682 1044 Praesul
714 990 817 1045 ait:
853 1015 877 1037 ιι
908 991 1063 1056 Quod
1094 991 1311 1061 cmpisti
1337 992 1447 1059 jam
1480 991 1704 1062 perfice,
1738 990 1815 1045 fili
1843 1010 1855 1046 :
2204 994 2367 1069 Lege,
2401 993 2495 1047 Dei
2524 994 2702 1064 potius
2729 991 2970 1047 bominis
2999 1009 3165 1064 quam
3186 992 3344 1061 jussa
3385 993 3647 1049 timenda.

480 1087 651 1141 Vitam
683 1095 1047 1143 contemnens
1085 1087 1358 1155 fragilem,
1393 1096 1613 1159 sperato
1642 1096 1990 1156 manentem;
2202 1087 2293 1141 Sic
2332 1086 2497 1156 plecti
2523 1086 2719 1161 jugulo
2753 1084 2847 1140 tali
2867 1101 2963 1157 pro
2994 1085 3197 1141 famine
3218 1087 3426 1156 jussus,

482 1179 703 1253 Pergite
736 1178 1044 1247 confidens,
1078 1179 1314 1235 oblatam
1344 1181 1556 1251 prende
1579 1195 1855 1247 coronam,
2199 1180 2420 1249 Majoris
2459 1197 2628 1253 super
2652 1189 2800 1236 astra
2824 1180 3057 1253 gradum
3088 1194 3216 1236 mox
3245 1181 3412 1235 sumit
3432 1180 3677 1247 honoris,

1956 1312 2165 1369 CAPUT
2201 1314 2331 1368 XlV.

1836 1443 1911 1501 De
1951 1452 2155 1503 sancto
2201 1445 2450 1503 Asteria.

483 1579 730 1634 Asterius
760 1578 982 1651 quidam
1008 1595 1257 1649 praesens
1290 1585 1426 1645 erat,
1458 1578 1610 1633 urbis
1632 1578 1889 1633 alumnus
2203 1579 2356 1645 Quod
2389 1577 2719 1633 mirabiliter
2740 1584 2952 1649 peteret
2984 1578 3287 1650 penetralia
3318 1577 3441 1633 οωιί

487 1670 691 1733 Romze,
725 1670 1007 1740 patricius,
1044 1677 1192 1735 natu,
1224 1670 1521 1740 splendore
1545 1684 1790 1733 sena'or,
2203 1671 2440 1742 Contigit
2469 1671 2763 1738 Asterium,
2798 1670 3076 1741 quondam
3110 1670 3366 1741 deceptio
3400 1670 3524 1725 talis

486 1763 717 1817 Ornatus
745 1761 976 1828 meritis,
1004 1762 1206 1833 Opibus
1234 1761 1474 1817 feliciter
1514 1771 1695 1827 utens,
2203 1762 2337 1816 Dum
2368 1761 2597 1835 geritur,
2640 1777 2768 1816 casu
2799 1768 3131 1833 praesentem
3160 1770 3337 1816 astare
3369 1760 3616 1832 profanis

486 1853 775 1908 Nobilitate
807 1853 1021 1926 vigens,
1048 1853 1215 1927 regali
1248 1858 1533 1908 stemmate
1557 1853 1792 1923 pollens,
2124 1901 2170 1927 η
2203 1854 2626 1926 Prmstringique
2655 1855 2848 1909 videns
2878 1854 3130 1925 stupidas
3161 1855 3546 1925 phantasmate
3579 1862 3817 1921 menteo,

486 1901 495 1906 '
534 1901 773 1908 """"‘"
819 1901 1021 1926 "31"",
1049 1901 1215 1927 "'B""
1249 1901 1531 1908 """'"'""
1558 1901 1792 1923 l"""""
2205 1901 2222 1909 ⁸
2246 1901 2625 1926 “““““’“““’“Ὡ“Ί“’““’
2666 1901 2847 1909 “““““”“““’
2878 1901 3128 1925 “·’“·ι’·“““*
3161 1901 3544 1925 r'""'""""'"'
3581 1901 3688 1908 “’““”

485 1943 551 1996 At
570 1958 740 2012 super
766 1941 884 1996 haec
914 1940 1042 1996 fidei
1067 1941 1261 1997 Christi
1292 1942 1589 2013 praecelsus
1623 1958 1829 1998 amore.
2124 1901 2173 1969 Β
2206 1944 2537 2015 Erroresque
2569 1943 2763 1998 dolens
2791 1944 3099 2009 hominum,
3120 1942 3415 1997 miseratus
3434 1949 3490 1997 et
3520 1958 3688 1998 orans

488 2032 536 2085 ls
566 2031 842 2102 prmtaxati
885 2030 1015 2085 dum
1048 2032 1301 2102 martyris
1331 2040 1468 2086 astat
1489 2031 1673 2103 agoni,
2206 2035 2456 2109 Ingemit,
2481 2042 2647 2106 atque
2667 2035 2858 2090 oculos
2883 2033 3037 2090 ccelis
3068 2034 3388 2105 palmasque
3417 2033 3755 2104 repandens,

488 2123 698 2195 Excipit
722 2129 777 2178 et
815 2139 1015 2178 caesum
1046 2123 1251 2199 gladio,
1292 2124 1601 2195 attollitque
1633 2129 1892 2179 verenter
2207 2128 2662 2185 lnvoeatinterno
2690 2129 2982 2184 Dominum
3014 2128 3253 2184 clamore
3282 2135 3590 2199 potentem,

485 2217 760 2288 Subjectis
790 2217 1055 2281 humeris,
1085 2218 1357 2273 substrata
1387 2227 1442 2273 et
1466 2226 1638 2285 veste,
1659 2218 1894 2274 cadaver
2207 2225 2533 2295 Integraquc
2562 2222 2670 2279 fide
2700 2223 2896 2295 poscit,
2916 2223 3284 2296 laerymisque
3303 2223 3545 2295 profusis

486 2306 661 2360 Testis
680 2314 734 2362 et
758 2306 1035 2378 exsequiis
1056 2323 1220 2378 quem
1244 2306 1356 2375 dat,
1380 2323 1504 2362 mox
1537 2317 1720 2378 captat
1743 2308 2029 2362 honorem.
2206 2317 2452 2391 ﬂagitat,
2486 2318 2698 2391 antiqui
2728 2317 2949 2374 fallaces
2980 2325 3172 2393 arguat
3202 2325 3347 2373 aries

488 2397 742 2452 Traditur
772 2398 862 2453 hic
892 2397 1076 2452 multis
1106 2398 1230 2453 aliis
1260 2414 1483 2470 quoque
1502 2397 1743 2471 fulgidus
1771 2398 1925 2462 actis,
2207 2410 2512 2481 serpentis,
2534 2410 2750 2466 miseris
2776 2426 3067 2465 removens
3095 2409 3421 2466 mortalibus
3448 2410 3619 2479 huius

490 2486 527 2539 Β
554 2486 757 2559 quibus
788 2487 840 2541 id
872 2503 969 2557 Per
999 2503 1125 2542 011m
1159 2487 1381 2542 ίτδάιιηι
1411 2486 1766 2541 memorabile
1796 2495 2033 2559 ἕυείυηιν
2206 2501 2478 2575 Przestigit
2500 2502 2748 2558 nebulas.
2786 2518 3099 2574 arcanaque
3127 2510 3373 2558 monstra
3405 2503 3681 2567 revelans,

490 2577 797 2632 Paneadam
829 2593 992 2650 quam
1026 2578 1315 2633 Phoenices
1334 2578 1635 2649 antiquitus
1665 2577 1856 2633 urbem
2208 2590 2330 2645 Haec
2350 2591 2622 2666 rOgitante
2654 2592 2758 2663 piis
2787 2591 3046 2663 precibus
3071 2608 3193 2649 cum
3229 2589 3453 2647 ﬂetibus
3483 2592 3656 2655 almo,

491 2666 707 2733 Dicunt,
739 2666 1036 2722 Caesaream
1069 2668 1240 2723 nostri
1273 2667 1461 2723 dixere
1490 2667 1762 2739 Philippi;

2210 2680 2345 2734 Eece
2375 2678 2672 2750 superferri
2695 2679 2879 2735 subito
2918 2680 3263 2752 depromitur
3287 2680 3508 2755 anguis,

491 2757 692 2811 Papius
720 2759 857 2812 hanc
884 2774 1055 2830 prope
1084 2774 1266 2825 mons,
1295 2759 1454 2828 cujus
1486 2760 1763 2814 radicibus
1791 2767 1943 2815 ortus
2207 2772 2435 2827 Victima
2466 2771 2666 2828 divinis
2700 2772 2916 2827 sublata
2948 2779 3140 2844 putata
3166 2773 3377 2844 rapinis

488 2850 746 2904 Iordanis
766 2850 990 2924 gemino
1015 2850 1281 2906 asseritur
1306 2852 1606 2922 procedere
1630 2850 1779 2907 fonte
1806 2870 1819 2905 :
2210 2863 2458 2929 Reddita,
2485 2869 2807 2918 cunctorum
2835 2862 2987 2918 nui-ii
3008 2863 3400 2935 compedibus
3417 2862 3557 2929 imo,

492 2940 658 2995 Moris
681 2949 797 2996 erat
832 2948 1162 2996 mactaretur
1191 2957 1300 3013 quo
1322 2941 1541 2997 victima
1562 2949 1713 2998 certo
2208 2951 2298 3006 Sic
2329 2950 2458 3006 fidei
2491 2968 2653 3023 prece
2686 2951 3025 3009 Christicolae
3064 2952 3311 3008 resoluto
3342 2951 3549 3008 fatiscit

494 3033 849 3105 Solemnique
879 3034 970 3090 die
1010 3034 1173 3090 fatuis
1202 3052 1230 3090 a
1253 3036 1515 3111 gentibus
1546 3037 1659 3091 illic
2206 3041 2436 3096 )Etatum
2465 3041 2585 3097 falsi
2616 3049 2888 3098 tantarum
2921 3043 3178 3099 machina
3200 3042 3343 3107 ludi,

492 3127 839 3196 Deemonicae,
872 3128 996 3185 fuco
1028 3146 1149 3202 quae
1172 3128 1380 3185 fraudis
1409 3132 1666 3204 adempta
1698 3133 1927 3201 dolosa),
2209 3129 2273 3185 Ut
2302 3145 2413 3186 non
2454 3130 2607 3185 hisce
2640 3130 2776 3186 locis
2805 3132 3049 3203 reparari
3071 3131 3313 3204 quiverit
3343 3146 3501 3187 error

490 3217 1016 3289 Vanescens,oculis
1055 3237 1325 3293 nusquam
1361 3238 1555 3293 parcre
1586 3224 1820 3291 solebat,
2210 3222 2478 3293 Amplius,
2508 3221 2600 3277 hic
2629 3221 2761 3277 clari
2792 3221 3063 3293 patefacto
3094 3222 3303 3279 lumine
3334 3221 3476 3277 veri.

493 3306 767 3381 Famaque
796 3308 1066 3366 suadebat
1096 3309 1485 3381 praesentibus,
1526 3310 1704 3367 hostia
1720 3312 1852 3367 celsi

1981 3437 2188 3494 CAPUT
2226 3438 2330 3494 XV.

1790 3569 1864 3629 De
1903 3577 2107 3629 statua
2148 3569 2506 3630 Saluatoris.

494 3709 760 3764 Pancadae
790 3708 924 3765 civis
950 3708 1153 3764 mulier
1191 3706 1555 3779 deprenditur
1585 3704 1770 3774 hujus,
2131 3710 2181 3778 ί)
2216 3704 2477 3761 Crescere
2507 3705 2575 3760 ad
2608 3721 2779 3760 erasae
2810 3711 3077 3761 consueta
3115 3703 3320 3760 lacinia
3345 3704 3546 3769 vestis.

490 3801 731 3856 Fimbria
762 3817 925 3873 quam
954 3801 1170 3855 Domini
1211 3804 1462 3854 contacta
1483 3812 1675 3852 cruore
1707 3795 1927 3851 levavit.
2212 3797 2338 3863 Qua:
2365 3814 2491 3854 mox
2533 3798 2841 3853 frondentis
2869 3798 3137 3872 tetigisset
3153 3797 3368 3852 vertice
3399 3797 3559 3860 coni,

488 3892 639 3947 {Edis
666 3908 767 3962 pro
794 3890 1024 3955 foribus,
1058 3890 1213 3959 cujus
1235 3889 1381 3943 basis
1410 3903 1571 3951 θυι-οτι,
1606 3884 1712 3940 fixa
2211 3889 2503 3945 Pellendos
2533 3889 2703 3945 robur
2727 3888 2954 3945 morbos
2991 3888 3249 3960 capiebat
3281 3889 3349 3943 ad
3381 3903 3610 3957 omnes,

490 3983 820 4039 Constiterat
841 3981 1128 4037 muliebris
1158 3979 1371 4034 habens
1400 3977 1659 4053 figmenta
1692 3974 1880 4051 ﬁguras
2210 3979 2291 4033 Nil
2323 3979 2535 4034 virtutis
2561 3978 2775 4033 habens
2803 3995 2958 4033 sacra
2996 3978 3101 4034 nisi
3136 3986 3278 4035 tacta
3303 3979 3552 4036 lacerna.

492 4072 737 4133 Femina,
770 4088 873 4128 ceu
911 4071 1119 4142 palmas
1145 4069 1380 4124 tendens
1409 4066 1759 4141 genibusque
1790 4065 1996 4120 voluta.
2208 4069 2455 4125 Pleidus
2485 4071 2628 4126 hanc
2649 4087 2819 4126 cernu
2845 4076 3033 4125 taurus
3064 4070 3159 4142 qui
3186 4070 3460 4127 obsistere
3485 4073 3670 4145 ruptis

488 4164 668 4218 Altera
696 4159 959 4217 salviﬁcis
983 4169 1218 4215 statuam
1241 4159 1388 4214 basis
1419 4174 1529 4213 iere
1549 4157 1779 4231 gerebat
2210 4159 2448 4214 lrrnerat
2468 4158 2697 4214 domino
2724 4158 2877 4225 loris,
2905 4158 3063 4229 petit,
3088 4159 3297 4231 impete
3325 4160 3517 4229 vertit,

488 4257 715 4330 Compta
747 4256 906 4324 stola,
936 4255 1179 4312 dextram
1230 4252 1388 4327 quasi
1421 4258 1674 4328 pergeret
1715 4266 1828 4323 «pro
1861 4250 2107 4323 porrigc-
2209 4251 2590 4327 Figmentique
2613 4249 2801 4305 furens
2831 4250 3039 4321 pr0prii
3071 4251 3365 4307 simulacra
3386 4255 3639 4325 reponit,

1538 4342 1661 4414 [ret)
1692 4340 2027 4396 auxiliando.
2210 4343 2431 4399 leitus
2459 4340 2656 4397 affulso
2684 4341 2880 4397 teritur
2917 4341 3067 4413 quod
3098 4339 3330 4397 fulmine
3366 4352 3631 4399 truncum

490 4437 638 4494 Hanc
664 4454 829 4495 secus
858 4454 1157 4511 erumpens
1184 4437 1336 4493 humi
1367 4436 1641 4492 innascicr
1672 4435 1842 4490 herba
2206 4432 2382 4503 Atque
2406 4437 2559 4486 notat
2574 4430 2772 4506 jugulo
2806 4429 2978 4484 divini
3007 4430 3247 4485 vindicis
3287 4430 3482 4487 ictum.

1967 4569 2177 4626 CAPUT
2216 4569 2346 4624 XVI.

1798 4703 1876 4761 De
1916 4708 2120 4761 sancto
2156 4700 2493 4777 Pamphilo.

486 4844 694 4901 Floruit
713 4844 806 4901 hic
830 4845 1008 4901 clarus
1036 4843 1354 4900 venerando
1377 4842 1694 4914 Pamphilus
1732 4848 1855 4897 actu
2130 4844 2189 4914 1)
2211 4839 2376 4915 Signa
2398 4854 2595 4895 manus
2624 4839 2896 4908 recolens,
2927 4840 3162 4916 vestigia
3195 4843 3494 4918 sanguinis
3522 4844 3711 4900 edens

484 4935 704 5006 Martyr,
729 4934 1107 5006 presbyterum
1139 4933 1367 5007 dignum
1390 4947 1557 5003 quem
1577 4930 1739 4987 laude
1769 4929 2002 4987 sacravit
2211 4929 2467 4984 Articulis
2495 4937 2718 4985 sanctus
2744 4930 2983 5001 propriis
3015 4946 3137 5002 quae
3168 4939 3375 5004 martyr
3404 4940 3615 5002 ararat,

481 5029 721 5102 Agapius
742 5028 965 5100 praesul,
999 5028 1162 5098 hujus
1190 5026 1535 5103 largissimus
1560 5025 1715 5080 urbis
2210 5020 2307 5086 Qui
2339 5020 2536 5092 plenus
2566 5019 2717 5087 ﬁdei,
2759 5021 2935 5077 divini
2971 5022 3168 5093 plenus
3199 5025 3408 5080 amoris

485 5121 619 5196 Erga
649 5120 867 5191 inopes,
889 5128 945 5175 et
973 5120 1056 5175 eis
1086 5119 1372 5175 devinctus
1401 5133 1587 5174 amore
1621 5125 1851 5189 paterno
1878 5134 1893 5184 ;
2210 5113 2399 5187 Regna
2429 5113 2790 5184 triumphavit
2819 5112 3011 5169 feralia
3040 5112 3384 5182 Maximiani,

482 5209 657 5281 Inque
685 5208 1049 5281 gubernando
1082 5208 1378 5264 Ecclesiam
1411 5206 1640 5263 solertia
1670 5205 1827 5275 cujus
2209 5205 2476 5261 Eusebius
2513 5203 2684 5260 fastos
2707 5204 2866 5275 cujus
2896 5205 3062 5262 cdere
3096 5206 3256 5263 libris

482 5302 711 5376 Pervigil
744 5307 968 5371 experta
998 5309 1103 5368 est,
1137 5300 1424 5372 multoque
1456 5299 1645 5354 labore
1676 5296 1929 5369 probata.
2209 5300 2340 5366 Quis
2366 5306 2605 5372 quantus
2632 5298 2797 5355 fuerit
2823 5300 3055 5369 studuit,
3086 5301 3250 5356 simul
3287 5304 3438 5360 unde
3463 5304 3747 5360 oriundus

481 5391 579 5446 Hic
610 5391 666 5445 in
697 5390 966 5462 episcopii
988 5392 1354 5465 Theotignum
1377 5392 1504 5460 jura
1544 5397 1766 5445 secutus
2211 5394 2247 5444 A
2290 5405 2463 5461 puero
2494 5404 2676 5444 veram
2710 5390 3041 5457 doctrinam,
3066 5390 3280 5461 prielia,
3314 5394 3561 5463 palmas,

482 5480 669 5545 Fulsit,
702 5480 756 5534 id
787 5478 955 5534 officii
987 5497 1148 5552 quam
1182 5479 1537 5535 laudabiliter
1566 5479 1814 5550 explens.
2214 5481 2536 5552 Quantaque
2558 5481 2865 5552 pertulerit,
2895 5497 3034 5552 quos
3055 5482 3347 5538 desudarit
3374 5501 3610 5557 agones,

482 5574 800 5643 Pamphilus
823 5575 1086 5644 excalpsit
1117 5591 1241 5645 quae
1268 5590 1425 5628 sacra
1452 5573 1737 5629 volumina
1767 5578 1973 5642 martyr
2217 5571 2281 5626 Ut
2310 5587 2533 5643 quoque
2561 5571 2808 5644 percepit
2838 5572 2940 5628 hoc
2966 5572 3167 5645 dignus
3190 5574 3406 5631 honore
3435 5590 3701 5632 coronam

488 5658 823 5727 Hieronymo
854 5657 1023 5713 (Στωθί
1045 5662 1195 5733 gazis
1218 5660 1433 5731 potiora
1472 5659 1723 5715 feruntur
