  <div class='ocr_page' id='page_1' title='image "/cluster/home/n/w/nwhite01/storage/ocr_20150623/134-135/uva.x000829784/847.png"; bbox 0 0 3970 6200; ppageno 0'>
   <div class='ocr_carea' id='block_1_1' title="bbox 460 332 563 385">
    <p class='ocr_par' dir='ltr' id='par_1_1' title="bbox 460 332 563 385">
     <span class='ocr_line' id='line_1_1' title="bbox 460 332 563 385; baseline 0 -2"><span class='ocrx_word' id='word_1_1' title='bbox 460 332 563 385; x_wconf 71' lang='grc'>527</span> 
     </span>
    </p>
   </div>
   <div class='ocr_carea' id='block_1_2' title="bbox 462 445 1686 519">
    <p class='ocr_par' dir='ltr' id='par_1_2' title="bbox 462 445 1686 519">
     <span class='ocr_line' id='line_1_2' title="bbox 462 445 1686 519; baseline -0.006 -13"><span class='ocrx_word' id='word_1_2' title='bbox 462 452 631 519; x_wconf 84' lang='lat' dir='ltr'>Hujus</span> <span class='ocrx_word' id='word_1_3' title='bbox 656 465 776 505; x_wconf 91' lang='lat' dir='ltr'>eum</span> <span class='ocrx_word' id='word_1_4' title='bbox 803 447 967 503; x_wconf 88' lang='lat' dir='ltr'>sociis</span> <span class='ocrx_word' id='word_1_5' title='bbox 988 446 1149 501; x_wconf 93' lang='lat' dir='ltr'>evicit</span> <span class='ocrx_word' id='word_1_6' title='bbox 1176 445 1474 516; x_wconf 82' lang='lat' dir='ltr'>episcopus</span> <span class='ocrx_word' id='word_1_7' title='bbox 1514 445 1686 511; x_wconf 86' lang='lat' dir='ltr'>urbis,</span> 
     </span>
    </p>
   </div>
   <div class='ocr_carea' id='block_1_3' title="bbox 461 536 2079 608">
    <p class='ocr_par' dir='ltr' id='par_1_3' title="bbox 461 536 2079 608">
     <span class='ocr_line' id='line_1_3' title="bbox 461 536 2079 608; baseline -0.004 -13"><span class='ocrx_word' id='word_1_8' title='bbox 461 542 687 608; x_wconf 79' lang='lat' dir='ltr'>Quando</span> <span class='ocrx_word' id='word_1_9' title='bbox 735 540 789 593; x_wconf 92' lang='lat' dir='ltr'>in</span> <span class='ocrx_word' id='word_1_10' title='bbox 838 538 1072 593; x_wconf 84' lang='lat' dir='ltr'>Fanensi</span> <span class='ocrx_word' id='word_1_11' title='bbox 1148 536 1464 607; x_wconf 83' lang='lat' dir='ltr'>[Fennensi]</span> <span class='ocrx_word' id='word_1_12' title='bbox 1501 536 1698 606; x_wconf 87' lang='lat' dir='ltr'>capitis</span> <span class='ocrx_word' id='word_1_13' title='bbox 1728 552 1926 591; x_wconf 72' lang='lat' dir='ltr'>caesum</span> <span class='ocrx_word' id='word_1_14' title='bbox 1958 553 2079 590; x_wconf 92' lang='lat' dir='ltr'>me-</span> 
     </span>
    </p>
   </div>
   <div class='ocr_carea' id='block_1_4' title="bbox 1863 628 2010 698">
    <p class='ocr_par' dir='ltr' id='par_1_4' title="bbox 1863 628 2010 698">
     <span class='ocr_line' id='line_1_4' title="bbox 1863 628 2010 698; baseline 0.007 -17"><span class='ocrx_word' id='word_1_15' title='bbox 1863 628 2010 698; x_wconf 90' lang='lat' dir='ltr'>[tallo</span> 
     </span>
    </p>
   </div>
   <div class='ocr_carea' id='block_1_5' title="bbox 461 722 1839 799">
    <p class='ocr_par' dir='ltr' id='par_1_5' title="bbox 461 722 1839 799">
     <span class='ocr_line' id='line_1_5' title="bbox 461 722 1839 799; baseline -0.004 -19"><span class='ocrx_word' id='word_1_16' title='bbox 461 725 828 799; x_wconf 83' lang='lat' dir='ltr'>Quadraginia</span> <span class='ocrx_word' id='word_1_17' title='bbox 855 723 1018 779; x_wconf 85' lang='lat' dir='ltr'>simul</span> <span class='ocrx_word' id='word_1_18' title='bbox 1050 722 1310 778; x_wconf 79' lang='lat' dir='ltr'>caelorum</span> <span class='ocrx_word' id='word_1_19' title='bbox 1344 722 1411 776; x_wconf 90' lang='lat' dir='ltr'>ad</span> <span class='ocrx_word' id='word_1_20' title='bbox 1444 722 1644 795; x_wconf 85' lang='lat' dir='ltr'>gaudia</span> <span class='ocrx_word' id='word_1_21' title='bbox 1671 722 1839 777; x_wconf 92' lang='lat' dir='ltr'>misit.</span> 
     </span>
    </p>
   </div>
   <div class='ocr_carea' id='block_1_6' title="bbox 459 809 2007 876">
    <p class='ocr_par' dir='ltr' id='par_1_6' title="bbox 459 809 2007 876">
     <span class='ocr_line' id='line_1_6' title="bbox 459 809 2007 876; baseline -0.005 -6"><span class='ocrx_word' id='word_1_22' title='bbox 459 817 577 870; x_wconf 84' lang='lat' dir='ltr'>Mox</span> <span class='ocrx_word' id='word_1_23' title='bbox 609 817 737 871; x_wconf 90' lang='lat' dir='ltr'>hinc</span> <span class='ocrx_word' id='word_1_24' title='bbox 762 815 830 869; x_wconf 89' lang='lat' dir='ltr'>ad</span> <span class='ocrx_word' id='word_1_25' title='bbox 863 814 1109 868; x_wconf 78' lang='lat' dir='ltr'>dextram</span> <span class='ocrx_word' id='word_1_26' title='bbox 1134 813 1366 866; x_wconf 84' lang='lat' dir='ltr'>Bethsur</span> <span class='ocrx_word' id='word_1_27' title='bbox 1397 811 1675 876; x_wconf 89' lang='lat' dir='ltr'>transitur,</span> <span class='ocrx_word' id='word_1_28' title='bbox 1708 818 1762 863; x_wconf 89' lang='lat' dir='ltr'>et</span> <span class='ocrx_word' id='word_1_29' title='bbox 1794 809 2007 875; x_wconf 78' lang='lat' dir='ltr'>Eschol,</span> 
     </span>
    </p>
   </div>
   <div class='ocr_carea' id='block_1_7' title="bbox 459 899 1864 974">
    <p class='ocr_par' dir='ltr' id='par_1_7' title="bbox 459 899 1864 974">
     <span class='ocr_line' id='line_1_7' title="bbox 459 899 1864 974; baseline -0.005 -15"><span class='ocrx_word' id='word_1_30' title='bbox 459 904 612 959; x_wconf 89' lang='lat' dir='ltr'>Unde</span> <span class='ocrx_word' id='word_1_31' title='bbox 641 905 856 959; x_wconf 90' lang='lat' dir='ltr'>botrum</span> <span class='ocrx_word' id='word_1_32' title='bbox 892 910 1111 973; x_wconf 89' lang='lat' dir='ltr'>portant</span> <span class='ocrx_word' id='word_1_33' title='bbox 1149 900 1325 974; x_wconf 90' lang='lat' dir='ltr'>geruli</span> <span class='ocrx_word' id='word_1_34' title='bbox 1363 900 1631 973; x_wconf 70' lang='lat' dir='ltr'>praesagia</span> <span class='ocrx_word' id='word_1_35' title='bbox 1666 899 1864 954; x_wconf 83' lang='lat' dir='ltr'>Christi</span> 
     </span>
    </p>
   </div>
   <div class='ocr_carea' id='block_1_8' title="bbox 461 991 1816 1069">
    <p class='ocr_par' dir='ltr' id='par_1_8' title="bbox 461 991 1816 1069">
     <span class='ocr_line' id='line_1_8' title="bbox 461 991 1816 1069; baseline -0.003 -20"><span class='ocrx_word' id='word_1_36' title='bbox 461 998 797 1064; x_wconf 84' lang='lat' dir='ltr'>Gestantem,</span> <span class='ocrx_word' id='word_1_37' title='bbox 827 996 974 1069; x_wconf 78' lang='lat' dir='ltr'>ligno</span> <span class='ocrx_word' id='word_1_38' title='bbox 1005 1010 1284 1064; x_wconf 79' lang='lat' dir='ltr'>appensus</span> <span class='ocrx_word' id='word_1_39' title='bbox 1326 993 1417 1062; x_wconf 89' lang='lat' dir='ltr'>qui</span> <span class='ocrx_word' id='word_1_40' title='bbox 1449 991 1630 1045; x_wconf 82' lang='lat' dir='ltr'>dulcia</span> <span class='ocrx_word' id='word_1_41' title='bbox 1672 991 1816 1045; x_wconf 88' lang='lat' dir='ltr'>fudlt</span> 
     </span>
    </p>
   </div>
   <div class='ocr_carea' id='block_1_9' title="bbox 461 1080 1861 1153">
    <p class='ocr_par' dir='ltr' id='par_1_9' title="bbox 461 1080 1861 1153">
     <span class='ocr_line' id='line_1_9' title="bbox 461 1080 1861 1153; baseline -0.003 -16"><span class='ocrx_word' id='word_1_42' title='bbox 461 1085 595 1138; x_wconf 81' lang='lat' dir='ltr'>Vina</span> <span class='ocrx_word' id='word_1_43' title='bbox 624 1085 760 1149; x_wconf 89' lang='lat' dir='ltr'>suis,</span> <span class='ocrx_word' id='word_1_44' title='bbox 795 1091 1104 1153; x_wconf 86' lang='lat' dir='ltr'>terramque</span> <span class='ocrx_word' id='word_1_45' title='bbox 1136 1082 1285 1135; x_wconf 88' lang='lat' dir='ltr'>dedit</span> <span class='ocrx_word' id='word_1_46' title='bbox 1314 1081 1541 1135; x_wconf 85' lang='lat' dir='ltr'>duleore</span> <span class='ocrx_word' id='word_1_47' title='bbox 1577 1080 1861 1134; x_wconf 89' lang='lat' dir='ltr'>ﬂuentem.</span> 
     </span>
    </p>
   </div>
   <div class='ocr_carea' id='block_1_10' title="bbox 465 1169 1759 1240">
    <p class='ocr_par' dir='ltr' id='par_1_10' title="bbox 465 1169 1759 1240">
     <span class='ocr_line' id='line_1_10' title="bbox 465 1169 1759 1240; baseline -0.003 -14"><span class='ocrx_word' id='word_1_48' title='bbox 465 1172 600 1226; x_wconf 84' lang='lat' dir='ltr'>lliuc</span> <span class='ocrx_word' id='word_1_49' title='bbox 628 1172 773 1225; x_wconf 72' lang='lat' dir='ltr'>Sarae</span> <span class='ocrx_word' id='word_1_50' title='bbox 798 1171 992 1225; x_wconf 82' lang='lat' dir='ltr'>cellam</span> <span class='ocrx_word' id='word_1_51' title='bbox 1016 1171 1149 1240; x_wconf 81' lang='lat' dir='ltr'>petit</span> <span class='ocrx_word' id='word_1_52' title='bbox 1181 1178 1234 1223; x_wconf 87' lang='lat' dir='ltr'>et</span> <span class='ocrx_word' id='word_1_53' title='bbox 1262 1169 1492 1240; x_wconf 85' lang='lat' dir='ltr'>vestigia</span> <span class='ocrx_word' id='word_1_54' title='bbox 1523 1185 1759 1240; x_wconf 86' lang='lat' dir='ltr'>quercus</span> 
     </span>
    </p>
   </div>
   <div class='ocr_carea' id='block_1_11' title="bbox 462 1258 1724 1332">
    <p class='ocr_par' dir='ltr' id='par_1_11' title="bbox 462 1258 1724 1332">
     <span class='ocr_line' id='line_1_11' title="bbox 462 1258 1724 1332; baseline -0.004 -16"><span class='ocrx_word' id='word_1_55' title='bbox 462 1263 710 1328; x_wconf 79' lang='lat' dir='ltr'>Abralue,</span> <span class='ocrx_word' id='word_1_56' title='bbox 743 1269 990 1332; x_wconf 88' lang='lat' dir='ltr'>spectare</span> <span class='ocrx_word' id='word_1_57' title='bbox 1022 1261 1166 1314; x_wconf 88' lang='lat' dir='ltr'>diem</span> <span class='ocrx_word' id='word_1_58' title='bbox 1192 1276 1290 1329; x_wconf 90' lang='lat' dir='ltr'>per</span> <span class='ocrx_word' id='word_1_59' title='bbox 1321 1260 1526 1313; x_wconf 88' lang='lat' dir='ltr'>lumina</span> <span class='ocrx_word' id='word_1_60' title='bbox 1543 1258 1724 1313; x_wconf 90' lang='lat' dir='ltr'>cordis</span> 
     </span>
    </p>
   </div>
   <div class='ocr_carea' id='block_1_12' title="bbox 463 1351 1809 1421">
    <p class='ocr_par' dir='ltr' id='par_1_12' title="bbox 463 1351 1809 1421">
     <span class='ocr_line' id='line_1_12' title="bbox 463 1351 1809 1421; baseline -0.004 -13"><span class='ocrx_word' id='word_1_61' title='bbox 463 1355 574 1419; x_wconf 86' lang='lat' dir='ltr'>Qua</span> <span class='ocrx_word' id='word_1_62' title='bbox 602 1354 801 1407; x_wconf 88' lang='lat' dir='ltr'>meruit</span> <span class='ocrx_word' id='word_1_63' title='bbox 828 1353 1044 1418; x_wconf 87' lang='lat' dir='ltr'>Christi,</span> <span class='ocrx_word' id='word_1_64' title='bbox 1078 1352 1308 1405; x_wconf 90' lang='lat' dir='ltr'>Domino</span> <span class='ocrx_word' id='word_1_65' title='bbox 1342 1352 1553 1405; x_wconf 68' lang='lat' dir='ltr'>laetatus</span> <span class='ocrx_word' id='word_1_66' title='bbox 1586 1351 1638 1403; x_wconf 92' lang='lat' dir='ltr'>in</span> <span class='ocrx_word' id='word_1_67' title='bbox 1670 1351 1809 1421; x_wconf 84' lang='lat' dir='ltr'>ipso.</span> 
     </span>
    </p>
   </div>
   <div class='ocr_carea' id='block_1_13' title="bbox 463 1442 1952 1518">
    <p class='ocr_par' dir='ltr' id='par_1_13' title="bbox 463 1442 1952 1518">
     <span class='ocr_line' id='line_1_13' title="bbox 463 1442 1952 1518; baseline -0.004 -17"><span class='ocrx_word' id='word_1_68' title='bbox 463 1448 773 1503; x_wconf 88' lang='lat' dir='ltr'>Scanditab</span> <span class='ocrx_word' id='word_1_69' title='bbox 806 1447 931 1501; x_wconf 90' lang='lat' dir='ltr'>hinc</span> <span class='ocrx_word' id='word_1_70' title='bbox 950 1446 1415 1518; x_wconf 81' lang='lat' dir='ltr'>surgensllebron</span> <span class='ocrx_word' id='word_1_71' title='bbox 1450 1461 1570 1515; x_wconf 78' lang='lat' dir='ltr'>quae</span> <span class='ocrx_word' id='word_1_72' title='bbox 1605 1442 1952 1497; x_wconf 75' lang='lat' dir='ltr'>Char-iatarbe</span> 
     </span>
    </p>
   </div>
   <div class='ocr_carea' id='block_1_14' title="bbox 461 1533 1875 1607">
    <p class='ocr_par' dir='ltr' id='par_1_14' title="bbox 461 1533 1875 1607">
     <span class='ocr_line' id='line_1_14' title="bbox 461 1533 1875 1607; baseline -0.005 -16"><span class='ocrx_word' id='word_1_73' title='bbox 461 1538 728 1602; x_wconf 83' lang='lat' dir='ltr'>Quattuor</span> <span class='ocrx_word' id='word_1_74' title='bbox 756 1552 786 1590; x_wconf 90' lang='lat' dir='ltr'>a</span> <span class='ocrx_word' id='word_1_75' title='bbox 815 1535 1037 1590; x_wconf 85' lang='lat' dir='ltr'>tumulis</span> <span class='ocrx_word' id='word_1_76' title='bbox 1061 1550 1382 1607; x_wconf 84' lang='lat' dir='ltr'>magnorum</span> <span class='ocrx_word' id='word_1_77' title='bbox 1416 1534 1562 1587; x_wconf 86' lang='lat' dir='ltr'>dicta</span> <span class='ocrx_word' id='word_1_78' title='bbox 1595 1533 1834 1587; x_wconf 88' lang='lat' dir='ltr'>virorum</span> <span class='ocrx_word' id='word_1_79' title='bbox 1862 1549 1875 1585; x_wconf 91' lang='lat'><strong>:</strong></span> 
     </span>
    </p>
   </div>
   <div class='ocr_carea' id='block_1_15' title="bbox 461 1618 1934 1694">
    <p class='ocr_par' dir='ltr' id='par_1_15' title="bbox 461 1618 1934 1694">
     <span class='ocr_line' id='line_1_15' title="bbox 461 1618 1934 1694; baseline -0.005 -17"><span class='ocrx_word' id='word_1_80' title='bbox 461 1624 711 1688; x_wconf 68' lang='lat' dir='ltr'>Abrahze,</span> <span class='ocrx_word' id='word_1_81' title='bbox 746 1631 909 1694; x_wconf 89' lang='lat' dir='ltr'>atque</span> <span class='ocrx_word' id='word_1_82' title='bbox 944 1624 1110 1687; x_wconf 88' lang='lat' dir='ltr'>lsaac,</span> <span class='ocrx_word' id='word_1_83' title='bbox 1140 1621 1327 1687; x_wconf 85' lang='lat' dir='ltr'>Jacob,</span> <span class='ocrx_word' id='word_1_84' title='bbox 1374 1620 1645 1690; x_wconf 84' lang='lat' dir='ltr'>primique</span> <span class='ocrx_word' id='word_1_85' title='bbox 1668 1618 1934 1689; x_wconf 86' lang='lat' dir='ltr'>parentis,</span> 
     </span>
    </p>
   </div>
   <div class='ocr_carea' id='block_1_16' title="bbox 458 1709 1894 1789">
    <p class='ocr_par' dir='ltr' id='par_1_16' title="bbox 458 1709 1894 1789">
     <span class='ocr_line' id='line_1_16' title="bbox 458 1709 1894 1789; baseline -0.005 -19"><span class='ocrx_word' id='word_1_86' title='bbox 458 1716 713 1789; x_wconf 80' lang='lat' dir='ltr'>Jungitur</span> <span class='ocrx_word' id='word_1_87' title='bbox 743 1715 825 1768; x_wconf 89' lang='lat' dir='ltr'>his</span> <span class='ocrx_word' id='word_1_88' title='bbox 856 1714 1041 1780; x_wconf 90' lang='lat' dir='ltr'>Caleb,</span> <span class='ocrx_word' id='word_1_89' title='bbox 1062 1722 1399 1784; x_wconf 77' lang='lat' dir='ltr'>quartusque</span> <span class='ocrx_word' id='word_1_90' title='bbox 1429 1719 1648 1781; x_wconf 89' lang='lat' dir='ltr'>putatus</span> <span class='ocrx_word' id='word_1_91' title='bbox 1684 1712 1738 1762; x_wconf 90' lang='lat' dir='ltr'>in</span> <span class='ocrx_word' id='word_1_92' title='bbox 1766 1709 1894 1763; x_wconf 87' lang='lat' dir='ltr'>illis.</span> 
     </span>
    </p>
   </div>
   <div class='ocr_carea' id='block_1_17' title="bbox 462 1802 1721 1873">
    <p class='ocr_par' dir='ltr' id='par_1_17' title="bbox 462 1802 1721 1873">
     <span class='ocr_line' id='line_1_17' title="bbox 462 1802 1721 1873; baseline -0.003 -15"><span class='ocrx_word' id='word_1_93' title='bbox 462 1805 692 1859; x_wconf 87' lang='lat' dir='ltr'>Dimittit</span> <span class='ocrx_word' id='word_1_94' title='bbox 718 1803 1161 1873; x_wconf 89' lang='lat' dir='ltr'>Chariatsepher,</span> <span class='ocrx_word' id='word_1_95' title='bbox 1190 1803 1275 1856; x_wconf 89' lang='lat' dir='ltr'>cui</span> <span class='ocrx_word' id='word_1_96' title='bbox 1310 1802 1491 1855; x_wconf 89' lang='lat' dir='ltr'>littera</span> <span class='ocrx_word' id='word_1_97' title='bbox 1518 1815 1721 1855; x_wconf 86' lang='lat' dir='ltr'>nomen</span> 
     </span>
    </p>
   </div>
   <div class='ocr_carea' id='block_1_18' title="bbox 460 1892 1818 1964">
    <p class='ocr_par' dir='ltr' id='par_1_18' title="bbox 460 1892 1818 1964">
     <span class='ocr_line' id='line_1_18' title="bbox 460 1892 1818 1964; baseline -0.003 -15"><span class='ocrx_word' id='word_1_98' title='bbox 460 1896 733 1962; x_wconf 68' lang='lat' dir='ltr'>Praestitit,</span> <span class='ocrx_word' id='word_1_99' title='bbox 756 1894 1036 1949; x_wconf 89' lang='lat' dir='ltr'>admirans</span> <span class='ocrx_word' id='word_1_100' title='bbox 1067 1909 1296 1964; x_wconf 86' lang='lat' dir='ltr'>superas</span> <span class='ocrx_word' id='word_1_101' title='bbox 1325 1899 1489 1963; x_wconf 90' lang='lat' dir='ltr'>atque</span> <span class='ocrx_word' id='word_1_102' title='bbox 1522 1892 1818 1947; x_wconf 82' lang='lat' dir='ltr'>interiores</span> 
     </span>
    </p>
   </div>
   <div class='ocr_carea' id='block_1_19' title="bbox 464 1985 1724 2055">
    <p class='ocr_par' dir='ltr' id='par_1_19' title="bbox 464 1985 1724 2055">
     <span class='ocr_line' id='line_1_19' title="bbox 464 1985 1724 2055; baseline -0.002 -14"><span class='ocrx_word' id='word_1_103' title='bbox 464 1987 667 2052; x_wconf 83' lang='lat' dir='ltr'>Undas,</span> <span class='ocrx_word' id='word_1_104' title='bbox 699 1985 953 2041; x_wconf 88' lang='lat' dir='ltr'>Othonicl</span> <span class='ocrx_word' id='word_1_105' title='bbox 972 1985 1112 2040; x_wconf 88' lang='lat' dir='ltr'>ruris</span> <span class='ocrx_word' id='word_1_106' title='bbox 1138 2000 1276 2055; x_wconf 90' lang='lat' dir='ltr'>quas</span> <span class='ocrx_word' id='word_1_107' title='bbox 1297 1985 1450 2039; x_wconf 89' lang='lat' dir='ltr'>arida</span> <span class='ocrx_word' id='word_1_108' title='bbox 1469 1990 1724 2039; x_wconf 89' lang='lat' dir='ltr'>temnens</span> 
     </span>
    </p>
   </div>
   <div class='ocr_carea' id='block_1_20' title="bbox 462 2077 1851 2153">
    <p class='ocr_par' dir='ltr' id='par_1_20' title="bbox 462 2077 1851 2153">
     <span class='ocr_line' id='line_1_20' title="bbox 462 2077 1851 2153; baseline -0.004 -18"><span class='ocrx_word' id='word_1_109' title='bbox 462 2082 701 2151; x_wconf 84' lang='lat' dir='ltr'>Accepit.</span> <span class='ocrx_word' id='word_1_110' title='bbox 747 2080 946 2151; x_wconf 84' lang='lat' dir='ltr'>quibus</span> <span class='ocrx_word' id='word_1_111' title='bbox 976 2079 1212 2153; x_wconf 81' lang='lat' dir='ltr'>irriguos</span> <span class='ocrx_word' id='word_1_112' title='bbox 1239 2079 1434 2133; x_wconf 87' lang='lat' dir='ltr'>ditaret</span> <span class='ocrx_word' id='word_1_113' title='bbox 1457 2077 1851 2151; x_wconf 77' lang='lat' dir='ltr'>agellos(157).</span> 
     </span>
    </p>
   </div>
   <div class='ocr_carea' id='block_1_21' title="bbox 463 2167 1862 2240">
    <p class='ocr_par' dir='ltr' id='par_1_21' title="bbox 463 2167 1862 2240">
     <span class='ocr_line' id='line_1_21' title="bbox 463 2167 1862 2240; baseline -0.005 -16"><span class='ocrx_word' id='word_1_114' title='bbox 463 2171 594 2224; x_wconf 90' lang='lat' dir='ltr'>lnde</span> <span class='ocrx_word' id='word_1_115' title='bbox 627 2170 836 2240; x_wconf 84' lang='lat' dir='ltr'>Caphar</span> <span class='ocrx_word' id='word_1_116' title='bbox 865 2169 1122 2222; x_wconf 72' lang='lat' dir='ltr'>Baruchte</span> <span class='ocrx_word' id='word_1_117' title='bbox 1154 2168 1350 2222; x_wconf 90' lang='lat' dir='ltr'>teritur</span> <span class='ocrx_word' id='word_1_118' title='bbox 1380 2168 1671 2221; x_wconf 75' lang='lat' dir='ltr'>benedictio</span> <span class='ocrx_word' id='word_1_119' title='bbox 1700 2167 1862 2229; x_wconf 64' lang='lat' dir='ltr'>villa},</span> 
     </span>
    </p>
   </div>
   <div class='ocr_carea' id='block_1_22' title="bbox 462 2253 2002 2328">
    <p class='ocr_par' dir='ltr' id='par_1_22' title="bbox 462 2253 2002 2328">
     <span class='ocr_line' id='line_1_22' title="bbox 462 2253 2002 2328; baseline -0.005 -13"><span class='ocrx_word' id='word_1_120' title='bbox 462 2261 692 2315; x_wconf 86' lang='lat' dir='ltr'>Sidereo</span> <span class='ocrx_word' id='word_1_121' title='bbox 731 2260 998 2313; x_wconf 84' lang='lat' dir='ltr'>Abraham</span> <span class='ocrx_word' id='word_1_122' title='bbox 1037 2260 1268 2314; x_wconf 88' lang='lat' dir='ltr'>Domino</span> <span class='ocrx_word' id='word_1_123' title='bbox 1295 2274 1479 2314; x_wconf 90' lang='lat' dir='ltr'>comes</span> <span class='ocrx_word' id='word_1_124' title='bbox 1516 2272 1805 2328; x_wconf 88' lang='lat' dir='ltr'>usquequo</span> <span class='ocrx_word' id='word_1_125' title='bbox 1836 2253 2002 2309; x_wconf 90' lang='lat' dir='ltr'>venit.</span> 
     </span>
    </p>
   </div>
   <div class='ocr_carea' id='block_1_23' title="bbox 462 2346 1936 2422">
    <p class='ocr_par' dir='ltr' id='par_1_23' title="bbox 462 2346 1936 2422">
     <span class='ocr_line' id='line_1_23' title="bbox 462 2346 1936 2422; baseline -0.003 -17"><span class='ocrx_word' id='word_1_126' title='bbox 462 2352 684 2406; x_wconf 83' lang='lat' dir='ltr'>Miratur</span> <span class='ocrx_word' id='word_1_127' title='bbox 710 2367 933 2422; x_wconf 88' lang='lat' dir='ltr'>campos</span> <span class='ocrx_word' id='word_1_128' title='bbox 962 2351 1215 2407; x_wconf 69' lang='lat' dir='ltr'>Sodomte</span> <span class='ocrx_word' id='word_1_129' title='bbox 1230 2351 1395 2405; x_wconf 79' lang='lat' dir='ltr'>Paula</span> <span class='ocrx_word' id='word_1_130' title='bbox 1425 2357 1590 2420; x_wconf 91' lang='lat' dir='ltr'>atque</span> <span class='ocrx_word' id='word_1_131' title='bbox 1622 2346 1936 2402; x_wconf 74' lang='lat' dir='ltr'>Gomorrhte</span> 
     </span>
    </p>
   </div>
   <div class='ocr_carea' id='block_1_24' title="bbox 463 2439 1807 2511">
    <p class='ocr_par' dir='ltr' id='par_1_24' title="bbox 463 2439 1807 2511">
     <span class='ocr_line' id='line_1_24' title="bbox 463 2439 1807 2511; baseline -0.003 -16"><span class='ocrx_word' id='word_1_132' title='bbox 463 2440 700 2505; x_wconf 74' lang='lat' dir='ltr'>C(BIesti,</span> <span class='ocrx_word' id='word_1_133' title='bbox 726 2440 940 2494; x_wconf 89' lang='lat' dir='ltr'>meritis</span> <span class='ocrx_word' id='word_1_134' title='bbox 978 2439 1336 2511; x_wconf 82' lang='lat' dir='ltr'>agitantibus,</span> <span class='ocrx_word' id='word_1_135' title='bbox 1370 2439 1497 2511; x_wconf 83' lang='lat' dir='ltr'>igne</span> <span class='ocrx_word' id='word_1_136' title='bbox 1530 2444 1807 2509; x_wconf 86' lang='lat' dir='ltr'>perustos.</span> 
     </span>
    </p>
   </div>
   <div class='ocr_carea' id='block_1_25' title="bbox 462 2528 1777 2605">
    <p class='ocr_par' dir='ltr' id='par_1_25' title="bbox 462 2528 1777 2605">
     <span class='ocr_line' id='line_1_25' title="bbox 462 2528 1777 2605; baseline -0.005 -18"><span class='ocrx_word' id='word_1_137' title='bbox 462 2531 928 2605; x_wconf 85' lang='lat' dir='ltr'>AspicitEngaddi</span> <span class='ocrx_word' id='word_1_138' title='bbox 960 2531 1164 2585; x_wconf 88' lang='lat' dir='ltr'>vineta.</span> <span class='ocrx_word' id='word_1_139' title='bbox 1194 2530 1551 2601; x_wconf 86' lang='lat' dir='ltr'>opobalsama</span> <span class='ocrx_word' id='word_1_140' title='bbox 1578 2528 1777 2581; x_wconf 88' lang='lat' dir='ltr'>sudant</span> 
     </span>
    </p>
   </div>
   <div class='ocr_carea' id='block_1_26' title="bbox 462 2622 1690 2698">
    <p class='ocr_par' dir='ltr' id='par_1_26' title="bbox 462 2622 1690 2698">
     <span class='ocr_line' id='line_1_26' title="bbox 462 2622 1690 2698; baseline -0.003 -19"><span class='ocrx_word' id='word_1_141' title='bbox 462 2626 594 2690; x_wconf 86' lang='lat' dir='ltr'>Quis</span> <span class='ocrx_word' id='word_1_142' title='bbox 624 2624 858 2698; x_wconf 86' lang='lat' dir='ltr'>virgulta</span> <span class='ocrx_word' id='word_1_143' title='bbox 889 2624 1048 2691; x_wconf 91' lang='lat' dir='ltr'>locis,</span> <span class='ocrx_word' id='word_1_144' title='bbox 1082 2624 1204 2678; x_wconf 89' lang='lat' dir='ltr'>aliis</span> <span class='ocrx_word' id='word_1_145' title='bbox 1235 2624 1482 2677; x_wconf 86' lang='lat' dir='ltr'>indebita</span> <span class='ocrx_word' id='word_1_146' title='bbox 1513 2622 1690 2677; x_wconf 88' lang='lat' dir='ltr'>terris.</span> 
     </span>
    </p>
   </div>
   <div class='ocr_carea' id='block_1_27' title="bbox 465 2710 2076 2786">
    <p class='ocr_par' dir='ltr' id='par_1_27' title="bbox 465 2710 2076 2786">
     <span class='ocr_line' id='line_1_27' title="bbox 465 2710 2076 2786; baseline -0.002 -18"><span class='ocrx_word' id='word_1_147' title='bbox 465 2712 970 2783; x_wconf 78' lang='lat' dir='ltr'>Contemplansque</span> <span class='ocrx_word' id='word_1_148' title='bbox 1018 2712 1214 2786; x_wconf 83' lang='lat' dir='ltr'>Segor,</span> <span class='ocrx_word' id='word_1_149' title='bbox 1266 2712 1488 2767; x_wconf 88' lang='lat' dir='ltr'>Zoaram</span> <span class='ocrx_word' id='word_1_150' title='bbox 1541 2726 1703 2782; x_wconf 90' lang='lat' dir='ltr'>quam</span> <span class='ocrx_word' id='word_1_151' title='bbox 1743 2726 1876 2764; x_wconf 90' lang='lat' dir='ltr'>voce</span> <span class='ocrx_word' id='word_1_152' title='bbox 1905 2710 2076 2780; x_wconf 84' lang='lat' dir='ltr'>Syro-</span> 
     </span>
    </p>
   </div>
   <div class='ocr_carea' id='block_1_28' title="bbox 1872 2798 2007 2869">
    <p class='ocr_par' dir='ltr' id='par_1_28' title="bbox 1872 2798 2007 2869">
     <span class='ocr_line' id='line_1_28' title="bbox 1872 2798 2007 2869; baseline 0 -18"><span class='ocrx_word' id='word_1_153' title='bbox 1872 2798 2007 2869; x_wconf 87' lang='lat' dir='ltr'>[rum</span> 
     </span>
    </p>
   </div>
   <div class='ocr_carea' id='block_1_29' title="bbox 463 2887 1899 2959">
    <p class='ocr_par' dir='ltr' id='par_1_29' title="bbox 463 2887 1899 2959">
     <span class='ocr_line' id='line_1_29' title="bbox 463 2887 1899 2959; baseline -0.002 -14"><span class='ocrx_word' id='word_1_154' title='bbox 463 2891 679 2952; x_wconf 83' lang='lat' dir='ltr'>Dicant,</span> <span class='ocrx_word' id='word_1_155' title='bbox 713 2889 990 2958; x_wconf 65' lang='lat' dir='ltr'>speluncae</span> <span class='ocrx_word' id='word_1_156' title='bbox 1030 2888 1281 2943; x_wconf 90' lang='lat' dir='ltr'>meminit</span> <span class='ocrx_word' id='word_1_157' title='bbox 1312 2888 1410 2943; x_wconf 86' lang='lat' dir='ltr'>Lot</span> <span class='ocrx_word' id='word_1_158' title='bbox 1434 2887 1623 2959; x_wconf 87' lang='lat' dir='ltr'>sicque</span> <span class='ocrx_word' id='word_1_159' title='bbox 1662 2889 1899 2954; x_wconf 83' lang='lat' dir='ltr'>sodales,</span> 
     </span>
    </p>
   </div>
   <div class='ocr_carea' id='block_1_30' title="bbox 464 2977 1978 3048">
    <p class='ocr_par' dir='ltr' id='par_1_30' title="bbox 464 2977 1978 3048">
     <span class='ocr_line' id='line_1_30' title="bbox 464 2977 1978 3048; baseline -0.001 -16"><span class='ocrx_word' id='word_1_160' title='bbox 464 2980 521 3032; x_wconf 83' lang='lat' dir='ltr'>In</span> <span class='ocrx_word' id='word_1_161' title='bbox 554 2979 821 3048; x_wconf 81' lang='lat' dir='ltr'>lacrymas</span> <span class='ocrx_word' id='word_1_162' title='bbox 849 2993 1133 3042; x_wconf 87' lang='lat' dir='ltr'>conversa,</span> <span class='ocrx_word' id='word_1_163' title='bbox 1172 2984 1362 3032; x_wconf 85' lang='lat' dir='ltr'>monet</span> <span class='ocrx_word' id='word_1_164' title='bbox 1387 2994 1549 3048; x_wconf 90' lang='lat' dir='ltr'>quam</span> <span class='ocrx_word' id='word_1_165' title='bbox 1579 2977 1707 3031; x_wconf 89' lang='lat' dir='ltr'>vina</span> <span class='ocrx_word' id='word_1_166' title='bbox 1735 2977 1978 3032; x_wconf 86' lang='lat' dir='ltr'>cavenda</span> 
     </span>
    </p>
   </div>
   <div class='ocr_carea' id='block_1_31' title="bbox 463 3068 2007 3140">
    <p class='ocr_par' dir='ltr' id='par_1_31' title="bbox 463 3068 2007 3140">
     <span class='ocr_line' id='line_1_31' title="bbox 463 3068 2007 3140; baseline -0.002 -16"><span class='ocrx_word' id='word_1_167' title='bbox 463 3071 601 3137; x_wconf 90' lang='lat' dir='ltr'>Sint,</span> <span class='ocrx_word' id='word_1_168' title='bbox 634 3069 915 3126; x_wconf 85' lang='lat' dir='ltr'>dominata</span> <span class='ocrx_word' id='word_1_169' title='bbox 942 3069 1058 3123; x_wconf 87' lang='lat' dir='ltr'>viro</span> <span class='ocrx_word' id='word_1_170' title='bbox 1080 3076 1362 3140; x_wconf 87' lang='lat' dir='ltr'>nequeunt</span> <span class='ocrx_word' id='word_1_171' title='bbox 1392 3084 1553 3139; x_wconf 87' lang='lat' dir='ltr'>quem</span> <span class='ocrx_word' id='word_1_172' title='bbox 1588 3068 1810 3123; x_wconf 87' lang='lat' dir='ltr'>vincere</span> <span class='ocrx_word' id='word_1_173' title='bbox 1841 3070 2007 3124; x_wconf 86' lang='lat' dir='ltr'>cives.</span> 
     </span>
    </p>
   </div>
   <div class='ocr_carea' id='block_1_32' title="bbox 462 3156 2077 3230">
    <p class='ocr_par' dir='ltr' id='par_1_32' title="bbox 462 3156 2077 3230">
     <span class='ocr_line' id='line_1_32' title="bbox 462 3156 2077 3230; baseline 0 -17"><span class='ocrx_word' id='word_1_174' title='bbox 462 3159 708 3230; x_wconf 83' lang='lat' dir='ltr'>llincque</span> <span class='ocrx_word' id='word_1_175' title='bbox 738 3157 1153 3213; x_wconf 89' lang='lat' dir='ltr'>nothoacalido</span> <span class='ocrx_word' id='word_1_176' title='bbox 1186 3157 1409 3211; x_wconf 92' lang='lat' dir='ltr'>rediens</span> <span class='ocrx_word' id='word_1_177' title='bbox 1439 3156 1749 3227; x_wconf 87' lang='lat' dir='ltr'>ubisponsa</span> <span class='ocrx_word' id='word_1_178' title='bbox 1787 3158 2077 3213; x_wconf 86' lang='lat' dir='ltr'>cubantem</span> 
     </span>
    </p>
   </div>
   <div class='ocr_carea' id='block_1_33' title="bbox 463 3246 1948 3318">
    <p class='ocr_par' dir='ltr' id='par_1_33' title="bbox 463 3246 1948 3318">
     <span class='ocr_line' id='line_1_33' title="bbox 463 3246 1948 3318; baseline -0.001 -16"><span class='ocrx_word' id='word_1_179' title='bbox 463 3248 676 3303; x_wconf 85' lang='lat' dir='ltr'>Invenit</span> <span class='ocrx_word' id='word_1_180' title='bbox 705 3262 996 3318; x_wconf 89' lang='lat' dir='ltr'>sponsum,</span> <span class='ocrx_word' id='word_1_181' title='bbox 1035 3246 1310 3301; x_wconf 88' lang='lat' dir='ltr'>&#39;l‘hecuam</span> <span class='ocrx_word' id='word_1_182' title='bbox 1344 3247 1662 3316; x_wconf 86' lang='lat' dir='ltr'>pertransit,</span> <span class='ocrx_word' id='word_1_183' title='bbox 1694 3254 1948 3301; x_wconf 84' lang='lat' dir='ltr'>ovantem</span> 
     </span>
    </p>
   </div>
   <div class='ocr_carea' id='block_1_34' title="bbox 462 3338 1894 3411">
    <p class='ocr_par' dir='ltr' id='par_1_34' title="bbox 462 3338 1894 3411">
     <span class='ocr_line' id='line_1_34' title="bbox 462 3338 1894 3411; baseline 0 -18"><span class='ocrx_word' id='word_1_184' title='bbox 462 3340 781 3411; x_wconf 87' lang='lat' dir='ltr'>Suspiciens</span> <span class='ocrx_word' id='word_1_185' title='bbox 819 3348 1064 3397; x_wconf 62' lang='lat' dir='ltr'>montem</span> <span class='ocrx_word' id='word_1_186' title='bbox 1097 3338 1166 3392; x_wconf 91' lang='lat' dir='ltr'>de</span> <span class='ocrx_word' id='word_1_187' title='bbox 1196 3354 1306 3409; x_wconf 90' lang='lat' dir='ltr'>quo</span> <span class='ocrx_word' id='word_1_188' title='bbox 1346 3339 1591 3393; x_wconf 81' lang='lat' dir='ltr'>Salvator</span> <span class='ocrx_word' id='word_1_189' title='bbox 1624 3339 1692 3392; x_wconf 91' lang='lat' dir='ltr'>ad</span> <span class='ocrx_word' id='word_1_190' title='bbox 1724 3340 1894 3393; x_wconf 89' lang='lat' dir='ltr'>altum</span> 
     </span>
    </p>
   </div>
   <div class='ocr_carea' id='block_1_35' title="bbox 462 3430 1862 3505">
    <p class='ocr_par' dir='ltr' id='par_1_35' title="bbox 462 3430 1862 3505">
     <span class='ocr_line' id='line_1_35' title="bbox 462 3430 1862 3505; baseline -0.001 -18"><span class='ocrx_word' id='word_1_191' title='bbox 462 3431 794 3487; x_wconf 86' lang='lat' dir='ltr'>Conscendit</span> <span class='ocrx_word' id='word_1_192' title='bbox 825 3431 998 3485; x_wconf 88' lang='lat' dir='ltr'>Patris</span> <span class='ocrx_word' id='word_1_193' title='bbox 1024 3430 1225 3484; x_wconf 88' lang='lat' dir='ltr'>solium</span> <span class='ocrx_word' id='word_1_194' title='bbox 1256 3444 1365 3501; x_wconf 92' lang='lat' dir='ltr'>quo</span> <span class='ocrx_word' id='word_1_195' title='bbox 1397 3430 1557 3484; x_wconf 61' lang='lat' dir='ltr'>saecla</span> <span class='ocrx_word' id='word_1_196' title='bbox 1572 3430 1862 3505; x_wconf 89' lang='lat' dir='ltr'>gubernat.</span> 
     </span>
    </p>
   </div>
   <div class='ocr_carea' id='block_1_36' title="bbox 464 3522 1983 3595">
    <p class='ocr_par' dir='ltr' id='par_1_36' title="bbox 464 3522 1983 3595">
     <span class='ocr_line' id='line_1_36' title="bbox 464 3522 1983 3595; baseline -0.001 -17"><span class='ocrx_word' id='word_1_197' title='bbox 464 3526 574 3581; x_wconf 90' lang='lat' dir='ltr'>lloc</span> <span class='ocrx_word' id='word_1_198' title='bbox 604 3525 811 3579; x_wconf 90' lang='lat' dir='ltr'>dudum</span> <span class='ocrx_word' id='word_1_199' title='bbox 844 3522 1033 3578; x_wconf 70' lang='lat' dir='ltr'>ruffam</span> <span class='ocrx_word' id='word_1_200' title='bbox 1059 3538 1179 3578; x_wconf 90' lang='lat' dir='ltr'>mos</span> <span class='ocrx_word' id='word_1_201' title='bbox 1207 3528 1391 3577; x_wconf 91' lang='lat' dir='ltr'>monte</span> <span class='ocrx_word' id='word_1_202' title='bbox 1425 3522 1655 3595; x_wconf 83' lang='lat' dir='ltr'>ﬂagrare</span> <span class='ocrx_word' id='word_1_203' title='bbox 1689 3523 1983 3591; x_wconf 87' lang='lat' dir='ltr'>juvencam</span> 
     </span>
    </p>
   </div>
   <div class='ocr_carea' id='block_1_37' title="bbox 461 3615 1731 3687">
    <p class='ocr_par' dir='ltr' id='par_1_37' title="bbox 461 3615 1731 3687">
     <span class='ocr_line' id='line_1_37' title="bbox 461 3615 1731 3687; baseline -0.002 -15"><span class='ocrx_word' id='word_1_204' title='bbox 461 3617 774 3683; x_wconf 86' lang='lat' dir='ltr'>Exstiterat,</span> <span class='ocrx_word' id='word_1_205' title='bbox 802 3616 958 3685; x_wconf 90' lang='lat' dir='ltr'>cujus</span> <span class='ocrx_word' id='word_1_206' title='bbox 986 3615 1180 3687; x_wconf 88' lang='lat' dir='ltr'>populi</span> <span class='ocrx_word' id='word_1_207' title='bbox 1212 3615 1352 3669; x_wconf 91' lang='lat' dir='ltr'>cinis</span> <span class='ocrx_word' id='word_1_208' title='bbox 1382 3621 1494 3669; x_wconf 87' lang='lat' dir='ltr'>atra</span> <span class='ocrx_word' id='word_1_209' title='bbox 1526 3615 1731 3686; x_wconf 84' lang='lat' dir='ltr'>piabat,</span> 
     </span>
    </p>
   </div>
   <div class='ocr_carea' id='block_1_38' title="bbox 462 3705 1837 3780">
    <p class='ocr_par' dir='ltr' id='par_1_38' title="bbox 462 3705 1837 3780">
     <span class='ocr_line' id='line_1_38' title="bbox 462 3705 1837 3780; baseline -0.001 -18"><span class='ocrx_word' id='word_1_210' title='bbox 462 3710 522 3763; x_wconf 92' lang='lat' dir='ltr'>ln</span> <span class='ocrx_word' id='word_1_211' title='bbox 552 3724 716 3780; x_wconf 91' lang='lat' dir='ltr'>quem</span> <span class='ocrx_word' id='word_1_212' title='bbox 738 3708 1036 3780; x_wconf 82' lang='lat' dir='ltr'>migrantes</span> <span class='ocrx_word' id='word_1_213' title='bbox 1066 3705 1378 3772; x_wconf 83' lang='lat' dir='ltr'>cherubim,</span> <span class='ocrx_word' id='word_1_214' title='bbox 1412 3705 1629 3779; x_wconf 86' lang='lat' dir='ltr'>fastigia</span> <span class='ocrx_word' id='word_1_215' title='bbox 1651 3708 1837 3778; x_wconf 88' lang='lat' dir='ltr'>templi</span> 
     </span>
    </p>
   </div>
   <div class='ocr_carea' id='block_1_39' title="bbox 463 3797 1884 3875">
    <p class='ocr_par' dir='ltr' id='par_1_39' title="bbox 463 3797 1884 3875">
     <span class='ocr_line' id='line_1_39' title="bbox 463 3797 1884 3875; baseline -0.001 -17"><span class='ocrx_word' id='word_1_216' title='bbox 463 3804 761 3875; x_wconf 89' lang='lat' dir='ltr'>Linquunt,</span> <span class='ocrx_word' id='word_1_217' title='bbox 792 3802 1039 3867; x_wconf 75' lang='lat' dir='ltr'>ecclesias</span> <span class='ocrx_word' id='word_1_218' title='bbox 1070 3801 1394 3857; x_wconf 81' lang='lat' dir='ltr'>fundamina</span> <span class='ocrx_word' id='word_1_219' title='bbox 1422 3797 1579 3854; x_wconf 84' lang='lat' dir='ltr'>ﬁrma</span> <span class='ocrx_word' id='word_1_220' title='bbox 1616 3800 1884 3871; x_wconf 89' lang='lat' dir='ltr'>locantes,</span> 
     </span>
    </p>
   </div>
   <div class='ocr_carea' id='block_1_40' title="bbox 462 3894 1974 3966">
    <p class='ocr_par' dir='ltr' id='par_1_40' title="bbox 462 3894 1974 3966">
     <span class='ocr_line' id='line_1_40' title="bbox 462 3894 1974 3966; baseline -0.001 -12"><span class='ocrx_word' id='word_1_221' title='bbox 462 3900 577 3964; x_wconf 89' lang='lat' dir='ltr'>Qua</span> <span class='ocrx_word' id='word_1_222' title='bbox 603 3897 790 3953; x_wconf 82' lang='lat' dir='ltr'>Jacobi</span> <span class='ocrx_word' id='word_1_223' title='bbox 822 3902 1131 3951; x_wconf 89' lang='lat' dir='ltr'>memorant</span> <span class='ocrx_word' id='word_1_224' title='bbox 1159 3903 1370 3951; x_wconf 89' lang='lat' dir='ltr'>sacrata</span> <span class='ocrx_word' id='word_1_225' title='bbox 1400 3894 1684 3950; x_wconf 89' lang='lat' dir='ltr'>recondita</span> <span class='ocrx_word' id='word_1_226' title='bbox 1710 3899 1974 3966; x_wconf 87' lang='lat' dir='ltr'>membra,</span> 
     </span>
    </p>
   </div>
   <div class='ocr_carea' id='block_1_41' title="bbox 463 3988 1852 4064">
    <p class='ocr_par' dir='ltr' id='par_1_41' title="bbox 463 3988 1852 4064">
     <span class='ocr_line' id='line_1_41' title="bbox 463 3988 1852 4064; baseline -0.002 -18"><span class='ocrx_word' id='word_1_227' title='bbox 463 3992 586 4064; x_wconf 89' lang='lat' dir='ltr'>Ipse</span> <span class='ocrx_word' id='word_1_228' title='bbox 611 3990 757 4063; x_wconf 92' lang='lat' dir='ltr'>quod</span> <span class='ocrx_word' id='word_1_229' title='bbox 789 3989 1039 4045; x_wconf 88' lang='lat' dir='ltr'>ediderat</span> <span class='ocrx_word' id='word_1_230' title='bbox 1058 3989 1265 4060; x_wconf 87' lang='lat' dir='ltr'>templo</span> <span class='ocrx_word' id='word_1_231' title='bbox 1297 3988 1612 4043; x_wconf 86' lang='lat' dir='ltr'>veneranda</span> <span class='ocrx_word' id='word_1_232' title='bbox 1637 3989 1852 4059; x_wconf 89' lang='lat' dir='ltr'>piorum</span> 
     </span>
    </p>
   </div>
   <div class='ocr_carea' id='block_1_42' title="bbox 462 4078 1897 4151">
    <p class='ocr_par' dir='ltr' id='par_1_42' title="bbox 462 4078 1897 4151">
     <span class='ocr_line' id='line_1_42' title="bbox 462 4078 1897 4151; baseline -0.003 -14"><span class='ocrx_word' id='word_1_233' title='bbox 462 4082 737 4137; x_wconf 57' lang='lat' dir='ltr'>Zacharias</span> <span class='ocrx_word' id='word_1_234' title='bbox 766 4081 1015 4136; x_wconf 88' lang='lat' dir='ltr'>condens</span> <span class='ocrx_word' id='word_1_235' title='bbox 1045 4078 1336 4151; x_wconf 88' lang='lat' dir='ltr'>Symeonis</span> <span class='ocrx_word' id='word_1_236' title='bbox 1366 4089 1420 4133; x_wconf 91' lang='lat' dir='ltr'>et</span> <span class='ocrx_word' id='word_1_237' title='bbox 1455 4095 1581 4133; x_wconf 88' lang='lat' dir='ltr'>ossa</span> <span class='ocrx_word' id='word_1_238' title='bbox 1611 4079 1712 4132; x_wconf 88' lang='lat' dir='ltr'>sub</span> <span class='ocrx_word' id='word_1_239' title='bbox 1754 4079 1897 4149; x_wconf 89' lang='lat' dir='ltr'>ipso.</span> 
     </span>
    </p>
   </div>
   <div class='ocr_carea' id='block_1_43' title="bbox 465 4167 2079 4243">
    <p class='ocr_par' dir='ltr' id='par_1_43' title="bbox 465 4167 2079 4243">
     <span class='ocr_line' id='line_1_43' title="bbox 465 4167 2079 4243; baseline -0.002 -17"><span class='ocrx_word' id='word_1_240' title='bbox 465 4172 601 4226; x_wconf 86' lang='lat' dir='ltr'>Hinc</span> <span class='ocrx_word' id='word_1_241' title='bbox 631 4167 1136 4243; x_wconf 84' lang='lat' dir='ltr'>quoquePelagiam</span> <span class='ocrx_word' id='word_1_242' title='bbox 1171 4167 1449 4238; x_wconf 90' lang='lat' dir='ltr'>quondam</span> <span class='ocrx_word' id='word_1_243' title='bbox 1480 4167 1794 4221; x_wconf 90' lang='lat' dir='ltr'>contamine</span> <span class='ocrx_word' id='word_1_244' title='bbox 1823 4184 2079 4235; x_wconf 68' lang='lat' dir='ltr'>mersam,</span> 
     </span>
    </p>
   </div>
   <div class='ocr_carea' id='block_1_44' title="bbox 463 4262 1780 4336">
    <p class='ocr_par' dir='ltr' id='par_1_44' title="bbox 463 4262 1780 4336">
     <span class='ocr_line' id='line_1_44' title="bbox 463 4262 1780 4336; baseline -0.003 -15"><span class='ocrx_word' id='word_1_245' title='bbox 463 4267 711 4323; x_wconf 87' lang='lat' dir='ltr'>Pondere</span> <span class='ocrx_word' id='word_1_246' title='bbox 751 4265 1004 4336; x_wconf 90' lang='lat' dir='ltr'>deposito</span> <span class='ocrx_word' id='word_1_247' title='bbox 1027 4264 1229 4329; x_wconf 88' lang='lat' dir='ltr'>carnis,</span> <span class='ocrx_word' id='word_1_248' title='bbox 1273 4263 1395 4318; x_wconf 66' lang='grc' dir='ltr'>(εωΙί</span> <span class='ocrx_word' id='word_1_249' title='bbox 1429 4262 1536 4316; x_wconf 88' lang='lat' dir='ltr'>alta</span> <span class='ocrx_word' id='word_1_250' title='bbox 1576 4263 1780 4332; x_wconf 87' lang='lat' dir='ltr'>petisse</span> 
     </span>
    </p>
   </div>
   <div class='ocr_carea' id='block_1_45' title="bbox 462 4351 1902 4421">
    <p class='ocr_par' dir='ltr' id='par_1_45' title="bbox 462 4351 1902 4421">
     <span class='ocr_line' id='line_1_45' title="bbox 462 4351 1902 4421; baseline -0.001 -13"><span class='ocrx_word' id='word_1_251' title='bbox 462 4356 625 4409; x_wconf 87' lang='lat' dir='ltr'>Fama</span> <span class='ocrx_word' id='word_1_252' title='bbox 654 4353 819 4419; x_wconf 90' lang='lat' dir='ltr'>canit,</span> <span class='ocrx_word' id='word_1_253' title='bbox 841 4353 1000 4421; x_wconf 87' lang='lat' dir='ltr'>cujus</span> <span class='ocrx_word' id='word_1_254' title='bbox 1029 4358 1333 4407; x_wconf 90' lang='lat' dir='ltr'>memoratu</span> <span class='ocrx_word' id='word_1_255' title='bbox 1366 4359 1420 4406; x_wconf 91' lang='lat' dir='ltr'>et</span> <span class='ocrx_word' id='word_1_256' title='bbox 1452 4351 1712 4407; x_wconf 86' lang='lat' dir='ltr'>laudibus</span> <span class='ocrx_word' id='word_1_257' title='bbox 1748 4358 1902 4407; x_wconf 84' lang='lat' dir='ltr'>actus</span> 
     </span>
    </p>
   </div>
   <div class='ocr_carea' id='block_1_46' title="bbox 462 4446 1563 4519">
    <p class='ocr_par' dir='ltr' id='par_1_46' title="bbox 462 4446 1563 4519">
     <span class='ocr_line' id='line_1_46' title="bbox 462 4446 1563 4519; baseline 0 -19"><span class='ocrx_word' id='word_1_258' title='bbox 462 4447 733 4519; x_wconf 84' lang='lat' dir='ltr'>Condigni</span> <span class='ocrx_word' id='word_1_259' title='bbox 760 4446 887 4501; x_wconf 88' lang='lat' dir='ltr'>felix</span> <span class='ocrx_word' id='word_1_260' title='bbox 912 4447 1123 4502; x_wconf 91' lang='lat' dir='ltr'>imitatu</span> <span class='ocrx_word' id='word_1_261' title='bbox 1154 4446 1280 4501; x_wconf 84' lang='lat' dir='ltr'>finis</span> <span class='ocrx_word' id='word_1_262' title='bbox 1311 4446 1563 4512; x_wconf 88' lang='lat' dir='ltr'>habetur,</span> 
     </span>
    </p>
   </div>
   <div class='ocr_carea' id='block_1_47' title="bbox 462 4537 1908 4610">
    <p class='ocr_par' dir='ltr' id='par_1_47' title="bbox 462 4537 1908 4610">
     <span class='ocr_line' id='line_1_47' title="bbox 462 4537 1908 4610; baseline -0.001 -17"><span class='ocrx_word' id='word_1_263' title='bbox 462 4539 729 4610; x_wconf 80' lang='lat' dir='ltr'>PerSpicit</span> <span class='ocrx_word' id='word_1_264' title='bbox 759 4538 1058 4609; x_wconf 90' lang='lat' dir='ltr'>hospitium</span> <span class='ocrx_word' id='word_1_265' title='bbox 1091 4538 1313 4593; x_wconf 62' lang='lat' dir='ltr'>Marthae</span> <span class='ocrx_word' id='word_1_266' title='bbox 1354 4538 1521 4592; x_wconf 88' lang='lat' dir='ltr'>Paula</span> <span class='ocrx_word' id='word_1_267' title='bbox 1549 4544 1712 4609; x_wconf 89' lang='lat' dir='ltr'>atque</span> <span class='ocrx_word' id='word_1_268' title='bbox 1732 4537 1908 4592; x_wconf 69' lang='lat' dir='ltr'>Maria:</span> 
     </span>
    </p>
   </div>
   <div class='ocr_carea' id='block_1_48' title="bbox 464 4629 1843 4707">
    <p class='ocr_par' dir='ltr' id='par_1_48' title="bbox 464 4629 1843 4707">
     <span class='ocr_line' id='line_1_48' title="bbox 464 4629 1843 4707; baseline -0.001 -22"><span class='ocrx_word' id='word_1_269' title='bbox 464 4631 920 4707; x_wconf 85' lang='lat' dir='ltr'>Betphagemque</span> <span class='ocrx_word' id='word_1_270' title='bbox 941 4630 1287 4686; x_wconf 83' lang='lat' dir='ltr'>sacerdotum</span> <span class='ocrx_word' id='word_1_271' title='bbox 1321 4629 1532 4685; x_wconf 89' lang='lat' dir='ltr'>ditione</span> <span class='ocrx_word' id='word_1_272' title='bbox 1554 4637 1843 4696; x_wconf 82' lang='lat' dir='ltr'>retentam,</span> 
     </span>
    </p>
   </div>
   <div class='ocr_carea' id='block_1_49' title="bbox 461 4723 1942 4797">
    <p class='ocr_par' dir='ltr' id='par_1_49' title="bbox 461 4723 1942 4797">
     <span class='ocr_line' id='line_1_49' title="bbox 461 4723 1942 4797; baseline 0.001 -18"><span class='ocrx_word' id='word_1_273' title='bbox 461 4725 637 4797; x_wconf 82' lang='lat' dir='ltr'>Atque</span> <span class='ocrx_word' id='word_1_274' title='bbox 666 4725 848 4780; x_wconf 90' lang='lat' dir='ltr'>locum</span> <span class='ocrx_word' id='word_1_275' title='bbox 876 4724 1090 4779; x_wconf 86' lang='lat' dir='ltr'>Domini</span> <span class='ocrx_word' id='word_1_276' title='bbox 1126 4724 1379 4794; x_wconf 80' lang='lat' dir='ltr'>petulans</span> <span class='ocrx_word' id='word_1_277' title='bbox 1409 4739 1518 4794; x_wconf 94' lang='lat' dir='ltr'>quo</span> <span class='ocrx_word' id='word_1_278' title='bbox 1546 4723 1696 4778; x_wconf 85' lang='lat' dir='ltr'>frena</span> <span class='ocrx_word' id='word_1_279' title='bbox 1729 4724 1942 4796; x_wconf 87' lang='lat' dir='ltr'>recepit</span> 
     </span>
    </p>
   </div>
   <div class='ocr_carea' id='block_1_50' title="bbox 463 4813 1797 4887">
    <p class='ocr_par' dir='ltr' id='par_1_50' title="bbox 463 4813 1797 4887">
     <span class='ocr_line' id='line_1_50' title="bbox 463 4813 1797 4887; baseline 0 -18"><span class='ocrx_word' id='word_1_280' title='bbox 463 4814 690 4870; x_wconf 84' lang='lat' dir='ltr'>Gcntilis</span> <span class='ocrx_word' id='word_1_281' title='bbox 721 4815 927 4887; x_wconf 90' lang='lat' dir='ltr'>pullus,</span> <span class='ocrx_word' id='word_1_282' title='bbox 958 4814 1160 4869; x_wconf 89' lang='lat' dir='ltr'>celebri</span> <span class='ocrx_word' id='word_1_283' title='bbox 1186 4813 1278 4885; x_wconf 92' lang='lat' dir='ltr'>qui</span> <span class='ocrx_word' id='word_1_284' title='bbox 1311 4820 1562 4883; x_wconf 90' lang='lat' dir='ltr'>comptus</span> <span class='ocrx_word' id='word_1_285' title='bbox 1589 4813 1797 4869; x_wconf 87' lang='lat' dir='ltr'>honore</span> 
     </span>
    </p>
   </div>
   <div class='ocr_carea' id='block_1_51' title="bbox 460 4905 1765 4981">
    <p class='ocr_par' dir='ltr' id='par_1_51' title="bbox 460 4905 1765 4981">
     <span class='ocr_line' id='line_1_51' title="bbox 460 4905 1765 4981; baseline 0.001 -20"><span class='ocrx_word' id='word_1_286' title='bbox 460 4906 637 4962; x_wconf 87' lang='lat' dir='ltr'>Vestis</span> <span class='ocrx_word' id='word_1_287' title='bbox 666 4906 982 4977; x_wconf 81' lang='lat' dir='ltr'>apostolicae</span> <span class='ocrx_word' id='word_1_288' title='bbox 1011 4906 1103 4960; x_wconf 88' lang='lat' dir='ltr'>dat</span> <span class='ocrx_word' id='word_1_289' title='bbox 1130 4905 1317 4961; x_wconf 88' lang='lat' dir='ltr'>mollia</span> <span class='ocrx_word' id='word_1_290' title='bbox 1348 4914 1501 4981; x_wconf 82' lang='lat' dir='ltr'>terga</span> <span class='ocrx_word' id='word_1_291' title='bbox 1530 4906 1765 4962; x_wconf 89' lang='lat' dir='ltr'>sedenti.</span> 
     </span>
    </p>
   </div>
   <div class='ocr_carea' id='block_1_52' title="bbox 458 4994 1794 5065">
    <p class='ocr_par' dir='ltr' id='par_1_52' title="bbox 458 4994 1794 5065">
     <span class='ocr_line' id='line_1_52' title="bbox 458 4994 1794 5065; baseline 0.001 -15"><span class='ocrx_word' id='word_1_292' title='bbox 458 4995 695 5051; x_wconf 82' lang='lat' dir='ltr'>&#39;framite</span> <span class='ocrx_word' id='word_1_293' title='bbox 722 4996 804 5050; x_wconf 87' lang='lat' dir='ltr'>sic</span> <span class='ocrx_word' id='word_1_294' title='bbox 833 5002 982 5049; x_wconf 89' lang='lat' dir='ltr'>recto</span> <span class='ocrx_word' id='word_1_295' title='bbox 1011 4994 1240 5050; x_wconf 87' lang='lat' dir='ltr'>Jericho</span> <span class='ocrx_word' id='word_1_296' title='bbox 1272 4994 1562 5050; x_wconf 86' lang='lat' dir='ltr'>descendit</span> <span class='ocrx_word' id='word_1_297' title='bbox 1590 5003 1645 5050; x_wconf 93' lang='lat' dir='ltr'>et</span> <span class='ocrx_word' id='word_1_298' title='bbox 1674 4995 1794 5065; x_wconf 87' lang='lat' dir='ltr'>ejus</span> 
     </span>
    </p>
   </div>
   <div class='ocr_carea' id='block_1_53' title="bbox 461 5086 1813 5162">
    <p class='ocr_par' dir='ltr' id='par_1_53' title="bbox 461 5086 1813 5162">
     <span class='ocr_line' id='line_1_53' title="bbox 461 5086 1813 5162; baseline 0 -20"><span class='ocrx_word' id='word_1_299' title='bbox 461 5088 534 5142; x_wconf 85' lang='lat' dir='ltr'>Ex</span> <span class='ocrx_word' id='word_1_300' title='bbox 564 5087 860 5162; x_wconf 83' lang='lat' dir='ltr'>Evangelio</span> <span class='ocrx_word' id='word_1_301' title='bbox 883 5086 1152 5154; x_wconf 89' lang='lat' dir='ltr'>meminit,</span> <span class='ocrx_word' id='word_1_302' title='bbox 1186 5103 1350 5159; x_wconf 89' lang='lat' dir='ltr'>quem</span> <span class='ocrx_word' id='word_1_303' title='bbox 1378 5103 1524 5143; x_wconf 65' lang='lat' dir='ltr'>saeva</span> <span class='ocrx_word' id='word_1_304' title='bbox 1543 5087 1813 5143; x_wconf 88' lang='lat' dir='ltr'>latronum</span> 
     </span>
    </p>
   </div>
   <div class='ocr_carea' id='block_1_54' title="bbox 461 5174 2006 5247">
    <p class='ocr_par' dir='ltr' id='par_1_54' title="bbox 461 5174 2006 5247">
     <span class='ocr_line' id='line_1_54' title="bbox 461 5174 2006 5247; baseline 0 -18"><span class='ocrx_word' id='word_1_305' title='bbox 461 5174 687 5245; x_wconf 88' lang='lat' dir='ltr'>Spicula</span> <span class='ocrx_word' id='word_1_306' title='bbox 711 5174 1049 5230; x_wconf 88' lang='lat' dir='ltr'>seminecem</span> <span class='ocrx_word' id='word_1_307' title='bbox 1082 5175 1373 5244; x_wconf 87' lang='lat' dir='ltr'>dederant,</span> <span class='ocrx_word' id='word_1_308' title='bbox 1398 5181 1780 5247; x_wconf 90' lang='lat' dir='ltr'>temptumque</span> <span class='ocrx_word' id='word_1_309' title='bbox 1810 5190 2006 5231; x_wconf 87' lang='lat' dir='ltr'>severa</span> 
     </span>
    </p>
   </div>
   <div class='ocr_carea' id='block_1_55' title="bbox 459 5265 1790 5341">
    <p class='ocr_par' dir='ltr' id='par_1_55' title="bbox 459 5265 1790 5341">
     <span class='ocr_line' id='line_1_55' title="bbox 459 5265 1790 5341; baseline 0.001 -22"><span class='ocrx_word' id='word_1_310' title='bbox 459 5266 639 5319; x_wconf 83' lang='lat' dir='ltr'>Mente</span> <span class='ocrx_word' id='word_1_311' title='bbox 669 5265 1043 5334; x_wconf 89' lang='lat' dir='ltr'>sacerdotum,</span> <span class='ocrx_word' id='word_1_312' title='bbox 1065 5267 1303 5334; x_wconf 88' lang='lat' dir='ltr'>jumeuti</span> <span class='ocrx_word' id='word_1_313' title='bbox 1326 5275 1478 5341; x_wconf 85' lang='lat' dir='ltr'>terga</span> <span class='ocrx_word' id='word_1_314' title='bbox 1503 5272 1790 5337; x_wconf 88' lang='lat' dir='ltr'>coaptans,</span> 
     </span>
    </p>
   </div>
   <div class='ocr_carea' id='block_1_56' title="bbox 460 5356 1769 5413">
    <p class='ocr_par' dir='ltr' id='par_1_56' title="bbox 460 5356 1769 5413">
     <span class='ocr_line' id='line_1_56' title="bbox 460 5356 1769 5413; baseline 0 -2"><span class='ocrx_word' id='word_1_315' title='bbox 460 5356 718 5411; x_wconf 60' lang='lat' dir='ltr'>Ecclesia;</span> <span class='ocrx_word' id='word_1_316' title='bbox 756 5357 971 5412; x_wconf 89' lang='lat' dir='ltr'>stabulo</span> <span class='ocrx_word' id='word_1_317' title='bbox 997 5359 1243 5413; x_wconf 89' lang='lat' dir='ltr'>clemens</span> <span class='ocrx_word' id='word_1_318' title='bbox 1268 5358 1361 5412; x_wconf 89' lang='lat' dir='ltr'>dat</span> <span class='ocrx_word' id='word_1_319' title='bbox 1381 5358 1769 5412; x_wconf 84' lang='lat' dir='ltr'>Samaritanus.</span> 
     </span>
    </p>
   </div>
   <div class='ocr_carea' id='block_1_57' title="bbox 458 5442 1743 5514">
    <p class='ocr_par' dir='ltr' id='par_1_57' title="bbox 458 5442 1743 5514">
     <span class='ocr_line' id='line_1_57' title="bbox 458 5442 1743 5514; baseline 0 -18"><span class='ocrx_word' id='word_1_320' title='bbox 458 5442 682 5496; x_wconf 83' lang='lat' dir='ltr'>Arboris</span> <span class='ocrx_word' id='word_1_321' title='bbox 708 5452 761 5499; x_wconf 90' lang='lat' dir='ltr'>et</span> <span class='ocrx_word' id='word_1_322' title='bbox 790 5445 1006 5508; x_wconf 90' lang='lat' dir='ltr'>Zachei,</span> <span class='ocrx_word' id='word_1_323' title='bbox 1040 5445 1166 5499; x_wconf 68' lang='lat' dir='ltr'>vitae</span> <span class='ocrx_word' id='word_1_324' title='bbox 1195 5445 1286 5514; x_wconf 90' lang='lat' dir='ltr'>qui</span> <span class='ocrx_word' id='word_1_325' title='bbox 1311 5445 1475 5499; x_wconf 80' lang='lat' dir='ltr'>noxia</span> <span class='ocrx_word' id='word_1_326' title='bbox 1504 5444 1743 5509; x_wconf 86' lang='lat' dir='ltr'>calcans,</span> 
     </span>
    </p>
   </div>
   <div class='ocr_carea' id='block_1_58' title="bbox 457 5527 1934 5587">
    <p class='ocr_par' dir='ltr' id='par_1_58' title="bbox 457 5527 1934 5587">
     <span class='ocr_line' id='line_1_58' title="bbox 457 5527 1934 5587; baseline 0.003 -7"><span class='ocrx_word' id='word_1_327' title='bbox 457 5527 782 5585; x_wconf 73' lang='lat' dir='ltr'>Prmcelsum</span> <span class='ocrx_word' id='word_1_328' title='bbox 815 5533 959 5586; x_wconf 85' lang='lat' dir='ltr'>celsa</span> <span class='ocrx_word' id='word_1_329' title='bbox 990 5531 1281 5586; x_wconf 88' lang='lat' dir='ltr'>Dominum</span> <span class='ocrx_word' id='word_1_330' title='bbox 1308 5532 1463 5587; x_wconf 86' lang='lat' dir='ltr'>videt</span> <span class='ocrx_word' id='word_1_331' title='bbox 1487 5547 1611 5586; x_wconf 87' lang='lat' dir='ltr'>arce</span> <span class='ocrx_word' id='word_1_332' title='bbox 1639 5537 1934 5585; x_wconf 83' lang='lat' dir='ltr'>meantem.</span> 
     </span>
    </p>
   </div>
   <div class='ocr_carea' id='block_1_59' title="bbox 460 5614 1914 5688">
    <p class='ocr_par' dir='ltr' id='par_1_59' title="bbox 460 5614 1914 5688">
     <span class='ocr_line' id='line_1_59' title="bbox 460 5614 1914 5688; baseline 0.002 -20"><span class='ocrx_word' id='word_1_333' title='bbox 460 5614 735 5670; x_wconf 56' lang='lat' dir='ltr'>Grecorum</span> <span class='ocrx_word' id='word_1_334' title='bbox 759 5620 872 5688; x_wconf 87' lang='lat' dir='ltr'>jam</span> <span class='ocrx_word' id='word_1_335' title='bbox 896 5619 1059 5674; x_wconf 84' lang='lat' dir='ltr'>Paula</span> <span class='ocrx_word' id='word_1_336' title='bbox 1087 5625 1248 5672; x_wconf 90' lang='lat' dir='ltr'>tuens</span> <span class='ocrx_word' id='word_1_337' title='bbox 1278 5620 1418 5686; x_wconf 87' lang='lat' dir='ltr'>loca,</span> <span class='ocrx_word' id='word_1_338' title='bbox 1450 5618 1658 5673; x_wconf 89' lang='lat' dir='ltr'>lumina</span> <span class='ocrx_word' id='word_1_339' title='bbox 1678 5633 1914 5688; x_wconf 89' lang='lat' dir='ltr'>quorum</span> 
     </span>
    </p>
   </div>
   <div class='ocr_carea' id='block_1_60' title="bbox 531 5700 957 5768">
    <p class='ocr_par' dir='ltr' id='par_1_60' title="bbox 531 5700 957 5768">
     <span class='ocr_line' id='line_1_60' title="bbox 531 5700 957 5768; baseline 0.009 -14"><span class='ocrx_word' id='word_1_340' title='bbox 531 5700 680 5768; x_wconf 79' lang='grc'>(157)</span> <span class='ocrx_word' id='word_1_341' title='bbox 709 5703 886 5758; x_wconf 86' lang='lat' dir='ltr'>Judic.</span> <span class='ocrx_word' id='word_1_342' title='bbox 924 5722 957 5758; x_wconf 83' lang='grc' dir='ltr'>ι.</span> 
     </span>
    </p>
   </div>
   <div class='ocr_carea' id='block_1_61' title="bbox 1236 323 3044 380">
    <p class='ocr_par' dir='ltr' id='par_1_61' title="bbox 1236 323 3044 380">
     <span class='ocr_line' id='line_1_61' title="bbox 1236 323 3044 380; baseline 0.001 -2"><span class='ocrx_word' id='word_1_343' title='bbox 1236 324 1605 380; x_wconf 80' lang='lat' dir='ltr'>FLODOARDI</span> <span class='ocrx_word' id='word_1_344' title='bbox 1648 324 1949 378; x_wconf 78' lang='lat' dir='ltr'>CANONlCl</span> <span class='ocrx_word' id='word_1_345' title='bbox 1992 323 2317 378; x_wconf 76' lang='lat' dir='ltr'>REMENSIS</span> <span class='ocrx_word' id='word_1_346' title='bbox 2359 323 2696 379; x_wconf 82' lang='lat' dir='ltr'>OPUSCULA</span> <span class='ocrx_word' id='word_1_347' title='bbox 2737 323 3044 379; x_wconf 78' lang='lat' dir='ltr'>METRICA.</span> 
     </span>
    </p>
   </div>
   <div class='ocr_carea' id='block_1_62' title="bbox 3703 331 3797 388">
    <p class='ocr_par' dir='ltr' id='par_1_62' title="bbox 3703 331 3797 388">
     <span class='ocr_line' id='line_1_62' title="bbox 3703 331 3797 388; baseline 0.064 -6"><span class='ocrx_word' id='word_1_348' title='bbox 3703 331 3797 388; x_wconf 72' lang='lat'>59.8</span> 
     </span>
    </p>
   </div>
   <div class='ocr_carea' id='block_1_63' title="bbox 2104 446 3541 522">
    <p class='ocr_par' dir='ltr' id='par_1_63' title="bbox 2104 446 3541 522">
     <span class='ocr_line' id='line_1_63' title="bbox 2104 446 3541 522; baseline 0.003 -22"><span class='ocrx_word' id='word_1_349' title='bbox 2104 450 2156 518; x_wconf 83' lang='grc' dir='ltr'>Α</span> <span class='ocrx_word' id='word_1_350' title='bbox 2183 446 2217 499; x_wconf 85' lang='lat'>.\</span> <span class='ocrx_word' id='word_1_351' title='bbox 2250 446 2478 501; x_wconf 86' lang='lat' dir='ltr'>Domino</span> <span class='ocrx_word' id='word_1_352' title='bbox 2510 454 2760 517; x_wconf 89' lang='lat' dir='ltr'>reparata</span> <span class='ocrx_word' id='word_1_353' title='bbox 2790 447 2989 502; x_wconf 89' lang='lat' dir='ltr'>docent</span> <span class='ocrx_word' id='word_1_354' title='bbox 3014 448 3217 503; x_wconf 89' lang='lat' dir='ltr'>erroris</span> <span class='ocrx_word' id='word_1_355' title='bbox 3246 458 3541 522; x_wconf 87' lang='lat' dir='ltr'>utramque</span> 
     </span>
    </p>
   </div>
   <div class='ocr_carea' id='block_1_64' title="bbox 2180 538 3644 612">
    <p class='ocr_par' dir='ltr' id='par_1_64' title="bbox 2180 538 3644 612">
     <span class='ocr_line' id='line_1_64' title="bbox 2180 538 3644 612; baseline 0.005 -20"><span class='ocrx_word' id='word_1_356' title='bbox 2180 538 2255 592; x_wconf 92' lang='lat' dir='ltr'>De</span> <span class='ocrx_word' id='word_1_357' title='bbox 2287 539 2534 593; x_wconf 89' lang='lat' dir='ltr'>tenebris</span> <span class='ocrx_word' id='word_1_358' title='bbox 2575 538 2766 593; x_wconf 88' lang='lat' dir='ltr'>Christi</span> <span class='ocrx_word' id='word_1_359' title='bbox 2801 540 3111 610; x_wconf 87' lang='lat' dir='ltr'>pcllcndam</span> <span class='ocrx_word' id='word_1_360' title='bbox 3141 542 3369 596; x_wconf 90' lang='lat' dir='ltr'>numine</span> <span class='ocrx_word' id='word_1_361' title='bbox 3399 543 3644 612; x_wconf 81' lang='lat' dir='ltr'>plebem.</span> 
     </span>
    </p>
   </div>
   <div class='ocr_carea' id='block_1_65' title="bbox 2182 629 3627 704">
    <p class='ocr_par' dir='ltr' id='par_1_65' title="bbox 2182 629 3627 704">
     <span class='ocr_line' id='line_1_65' title="bbox 2182 629 3627 704; baseline 0.006 -22"><span class='ocrx_word' id='word_1_362' title='bbox 2182 629 2494 703; x_wconf 86' lang='lat' dir='ltr'>Ingreditur</span> <span class='ocrx_word' id='word_1_363' title='bbox 2517 630 2735 685; x_wconf 85' lang='lat' dir='ltr'>Jericho</span> <span class='ocrx_word' id='word_1_364' title='bbox 2768 632 3070 703; x_wconf 88' lang='lat' dir='ltr'>turrimque</span> <span class='ocrx_word' id='word_1_365' title='bbox 3102 632 3288 687; x_wconf 91' lang='lat' dir='ltr'>Achiel</span> <span class='ocrx_word' id='word_1_366' title='bbox 3320 635 3627 704; x_wconf 86' lang='lat' dir='ltr'>speculata,</span> 
     </span>
    </p>
   </div>
   <div class='ocr_carea' id='block_1_66' title="bbox 2182 719 3468 791">
    <p class='ocr_par' dir='ltr' id='par_1_66' title="bbox 2182 719 3468 791">
     <span class='ocr_line' id='line_1_66' title="bbox 2182 719 3468 791; baseline 0.005 -20"><span class='ocrx_word' id='word_1_367' title='bbox 2182 719 2349 783; x_wconf 87' lang='lat' dir='ltr'>Quam</span> <span class='ocrx_word' id='word_1_368' title='bbox 2368 719 2736 791; x_wconf 84' lang='lat' dir='ltr'>&#39;primogeniti</span> <span class='ocrx_word' id='word_1_369' title='bbox 2777 720 2926 775; x_wconf 82' lang='lat' dir='ltr'>letho</span> <span class='ocrx_word' id='word_1_370' title='bbox 2951 720 3200 775; x_wconf 81' lang='lat' dir='ltr'>fundavit</span> <span class='ocrx_word' id='word_1_371' title='bbox 3229 722 3468 790; x_wconf 87' lang='lat' dir='ltr'>Abiram,</span> 
     </span>
    </p>
   </div>
   <div class='ocr_carea' id='block_1_67' title="bbox 2183 808 3732 884">
    <p class='ocr_par' dir='ltr' id='par_1_67' title="bbox 2183 808 3732 884">
     <span class='ocr_line' id='line_1_67' title="bbox 2183 808 3732 884; baseline 0.005 -24"><span class='ocrx_word' id='word_1_372' title='bbox 2183 808 2353 878; x_wconf 84' lang='lat' dir='ltr'>Inque</span> <span class='ocrx_word' id='word_1_373' title='bbox 2396 808 2578 881; x_wconf 84' lang='lat' dir='ltr'>Segub</span> <span class='ocrx_word' id='word_1_374' title='bbox 2606 809 2830 883; x_wconf 88' lang='lat' dir='ltr'>generis</span> <span class='ocrx_word' id='word_1_375' title='bbox 2857 816 3040 879; x_wconf 86' lang='lat' dir='ltr'>portas</span> <span class='ocrx_word' id='word_1_376' title='bbox 3072 808 3126 863; x_wconf 92' lang='lat' dir='ltr'>in</span> <span class='ocrx_word' id='word_1_377' title='bbox 3160 809 3352 866; x_wconf 90' lang='lat' dir='ltr'>limine</span> <span class='ocrx_word' id='word_1_378' title='bbox 3378 813 3539 883; x_wconf 86' lang='lat' dir='ltr'>ponit</span> <span class='ocrx_word' id='word_1_379' title='bbox 3564 815 3732 884; x_wconf 80' lang='grc'>(153).</span> 
     </span>
    </p>
   </div>
   <div class='ocr_carea' id='block_1_68' title="bbox 2180 903 3529 978">
    <p class='ocr_par' dir='ltr' id='par_1_68' title="bbox 2180 903 3529 978">
     <span class='ocr_line' id='line_1_68' title="bbox 2180 903 3529 978; baseline 0.005 -23"><span class='ocrx_word' id='word_1_380' title='bbox 2180 903 2402 975; x_wconf 84' lang='lat' dir='ltr'>Galgala</span> <span class='ocrx_word' id='word_1_381' title='bbox 2424 911 2728 959; x_wconf 89' lang='lat' dir='ltr'>castrorum</span> <span class='ocrx_word' id='word_1_382' title='bbox 2763 912 2976 975; x_wconf 90' lang='lat' dir='ltr'>spectat</span> <span class='ocrx_word' id='word_1_383' title='bbox 3001 905 3292 975; x_wconf 67' lang='lat' dir='ltr'>praeputia,</span> <span class='ocrx_word' id='word_1_384' title='bbox 3325 905 3489 978; x_wconf 89' lang='lat' dir='ltr'>liquit</span> <span class='ocrx_word' id='word_1_385' title='bbox 3518 934 3529 943; x_wconf 87' lang='lat'><strong>-</strong></span> 
     </span>
    </p>
   </div>
   <div class='ocr_carea' id='block_1_69' title="bbox 2180 992 3497 1066">
    <p class='ocr_par' dir='ltr' id='par_1_69' title="bbox 2180 992 3497 1066">
     <span class='ocr_line' id='line_1_69' title="bbox 2180 992 3497 1066; baseline 0.005 -20"><span class='ocrx_word' id='word_1_386' title='bbox 2180 992 2307 1057; x_wconf 65' lang='lat' dir='ltr'>Qum</span> <span class='ocrx_word' id='word_1_387' title='bbox 2340 1001 2494 1047; x_wconf 82' lang='lat' dir='ltr'>vetus</span> <span class='ocrx_word' id='word_1_388' title='bbox 2535 994 2698 1048; x_wconf 84' lang='lat' dir='ltr'>Israel</span> <span class='ocrx_word' id='word_1_389' title='bbox 2732 994 2976 1065; x_wconf 64' lang='lat' dir='ltr'>repetitis</span> <span class='ocrx_word' id='word_1_390' title='bbox 3004 996 3239 1066; x_wconf 80' lang='lat' dir='ltr'>mystica</span> <span class='ocrx_word' id='word_1_391' title='bbox 3290 996 3497 1053; x_wconf 89' lang='lat' dir='ltr'>rimans</span> 
     </span>
    </p>
   </div>
   <div class='ocr_carea' id='block_1_70' title="bbox 2179 1084 3621 1162">
    <p class='ocr_par' dir='ltr' id='par_1_70' title="bbox 2179 1084 3621 1162">
     <span class='ocr_line' id='line_1_70' title="bbox 2179 1084 3621 1162; baseline 0.006 -25"><span class='ocrx_word' id='word_1_392' title='bbox 2179 1084 2369 1140; x_wconf 81' lang='lat' dir='ltr'>Carnis</span> <span class='ocrx_word' id='word_1_393' title='bbox 2398 1101 2626 1152; x_wconf 50' lang='lat' dir='ltr'>casuras,</span> <span class='ocrx_word' id='word_1_394' title='bbox 2660 1102 2723 1139; x_wconf 88' lang='lat' dir='ltr'>ac</span> <span class='ocrx_word' id='word_1_395' title='bbox 2751 1087 3002 1141; x_wconf 89' lang='lat' dir='ltr'>recolens</span> <span class='ocrx_word' id='word_1_396' title='bbox 3033 1088 3363 1162; x_wconf 89' lang='lat' dir='ltr'>purgamina</span> <span class='ocrx_word' id='word_1_397' title='bbox 3396 1091 3621 1145; x_wconf 89' lang='lat' dir='ltr'>mentis.</span> 
     </span>
    </p>
   </div>
   <div class='ocr_carea' id='block_1_71' title="bbox 2179 1178 3485 1248">
    <p class='ocr_par' dir='ltr' id='par_1_71' title="bbox 2179 1178 3485 1248">
     <span class='ocr_line' id='line_1_71' title="bbox 2179 1178 3485 1248; baseline 0.004 -17"><span class='ocrx_word' id='word_1_398' title='bbox 2179 1178 2267 1231; x_wconf 86' lang='lat' dir='ltr'>Bis</span> <span class='ocrx_word' id='word_1_399' title='bbox 2294 1194 2389 1231; x_wconf 86' lang='lat' dir='ltr'>sex</span> <span class='ocrx_word' id='word_1_400' title='bbox 2421 1178 2551 1234; x_wconf 89' lang='lat' dir='ltr'>hinc</span> <span class='ocrx_word' id='word_1_401' title='bbox 2574 1178 3485 1248; x_wconf 87' lang='lat' dir='ltr'>lapidcstranslatosﬂuminisimo</span> 
     </span>
    </p>
   </div>
   <div class='ocr_carea' id='block_1_72' title="bbox 2176 1267 3469 1340">
    <p class='ocr_par' dir='ltr' id='par_1_72' title="bbox 2176 1267 3469 1340">
     <span class='ocr_line' id='line_1_72' title="bbox 2176 1267 3469 1340; baseline 0.002 -18"><span class='ocrx_word' id='word_1_402' title='bbox 2176 1267 2323 1322; x_wconf 85' lang='lat' dir='ltr'>Juris</span> <span class='ocrx_word' id='word_1_403' title='bbox 2354 1269 2639 1339; x_wconf 89' lang='lat' dir='ltr'>apostolici</span> <span class='ocrx_word' id='word_1_404' title='bbox 2672 1270 2765 1340; x_wconf 88' lang='lat' dir='ltr'>qui</span> <span class='ocrx_word' id='word_1_405' title='bbox 2790 1268 3151 1324; x_wconf 87' lang='lat' dir='ltr'>fundamenta</span> <span class='ocrx_word' id='word_1_406' title='bbox 3182 1271 3469 1338; x_wconf 87' lang='lat' dir='ltr'>locarunt;</span> 
     </span>
    </p>
   </div>
   <div class='ocr_carea' id='block_1_73' title="bbox 2179 1365 3710 1439">
    <p class='ocr_par' dir='ltr' id='par_1_73' title="bbox 2179 1365 3710 1439">
     <span class='ocr_line' id='line_1_73' title="bbox 2179 1365 3710 1439; baseline 0.001 -20"><span class='ocrx_word' id='word_1_407' title='bbox 2179 1365 2404 1420; x_wconf 84' lang='lat' dir='ltr'>Fontem</span> <span class='ocrx_word' id='word_1_408' title='bbox 2434 1365 2597 1420; x_wconf 89' lang='lat' dir='ltr'>etiam</span> <span class='ocrx_word' id='word_1_409' title='bbox 2629 1365 2830 1419; x_wconf 76' lang='lat' dir='ltr'>veteris</span> <span class='ocrx_word' id='word_1_410' title='bbox 2859 1381 3259 1437; x_wconf 89' lang='lat' dir='ltr'>nonnunquam</span> <span class='ocrx_word' id='word_1_411' title='bbox 3291 1366 3432 1439; x_wconf 76' lang='lat' dir='ltr'>legis</span> <span class='ocrx_word' id='word_1_412' title='bbox 3456 1383 3710 1421; x_wconf 87' lang='lat' dir='ltr'>amarum</span> 
     </span>
    </p>
   </div>
   <div class='ocr_carea' id='block_1_74' title="bbox 2182 1456 3631 1529">
    <p class='ocr_par' dir='ltr' id='par_1_74' title="bbox 2182 1456 3631 1529">
     <span class='ocr_line' id='line_1_74' title="bbox 2182 1456 3631 1529; baseline 0 -19"><span class='ocrx_word' id='word_1_413' title='bbox 2182 1456 2244 1510; x_wconf 85' lang='lat' dir='ltr'>Et</span> <span class='ocrx_word' id='word_1_414' title='bbox 2272 1456 2543 1519; x_wconf 89' lang='lat' dir='ltr'>sterilem,</span> <span class='ocrx_word' id='word_1_415' title='bbox 2567 1471 2731 1528; x_wconf 90' lang='lat' dir='ltr'>quem</span> <span class='ocrx_word' id='word_1_416' title='bbox 2758 1456 2810 1510; x_wconf 93' lang='lat' dir='ltr'>in</span> <span class='ocrx_word' id='word_1_417' title='bbox 2837 1456 3119 1511; x_wconf 14' lang='lat' dir='ltr'>dulciorem</span> <span class='ocrx_word' id='word_1_418' title='bbox 3143 1457 3416 1528; x_wconf 87' lang='lat' dir='ltr'>sapientia</span> <span class='ocrx_word' id='word_1_419' title='bbox 3434 1457 3631 1529; x_wconf 83' lang='lat' dir='ltr'>magni</span> 
     </span>
    </p>
   </div>
   <div class='ocr_carea' id='block_1_75' title="bbox 2181 1544 3507 1617">
    <p class='ocr_par' dir='ltr' id='par_1_75' title="bbox 2181 1544 3507 1617">
     <span class='ocr_line' id='line_1_75' title="bbox 2181 1544 3507 1617; baseline 0 -18"><span class='ocrx_word' id='word_1_420' title='bbox 2181 1544 2639 1617; x_wconf 57' lang='lat' dir='ltr'>Couvertitjvatis,</span> <span class='ocrx_word' id='word_1_421' title='bbox 2675 1545 2915 1600; x_wconf 88' lang='lat' dir='ltr'>reddens</span> <span class='ocrx_word' id='word_1_422' title='bbox 2941 1545 3285 1616; x_wconf 83' lang='lat' dir='ltr'>scaturigine</span> <span class='ocrx_word' id='word_1_423' title='bbox 3314 1546 3507 1601; x_wconf 88' lang='lat' dir='ltr'>ditem.</span> 
     </span>
    </p>
   </div>
   <div class='ocr_carea' id='block_1_76' title="bbox 2249 1634 3630 1704">
    <p class='ocr_par' dir='ltr' id='par_1_76' title="bbox 2249 1634 3630 1704">
     <span class='ocr_line' id='line_1_76' title="bbox 2249 1634 3630 1704; baseline 0.002 -17"><span class='ocrx_word' id='word_1_424' title='bbox 2249 1635 2344 1688; x_wconf 85' lang='lat' dir='ltr'>Vix</span> <span class='ocrx_word' id='word_1_425' title='bbox 2374 1649 2478 1690; x_wconf 87' lang='lat' dir='ltr'>nox</span> <span class='ocrx_word' id='word_1_426' title='bbox 2510 1635 2818 1702; x_wconf 89' lang='lat' dir='ltr'>transierat,</span> <span class='ocrx_word' id='word_1_427' title='bbox 2855 1634 3142 1689; x_wconf 89' lang='lat' dir='ltr'>redeuntis</span> <span class='ocrx_word' id='word_1_428' title='bbox 3158 1635 3413 1704; x_wconf 88' lang='lat' dir='ltr'>lampade</span> <span class='ocrx_word' id='word_1_429' title='bbox 3465 1636 3630 1703; x_wconf 89' lang='lat' dir='ltr'>lucis,</span> 
     </span>
    </p>
   </div>
   <div class='ocr_carea' id='block_1_77' title="bbox 2179 1727 3647 1802">
    <p class='ocr_par' dir='ltr' id='par_1_77' title="bbox 2179 1727 3647 1802">
     <span class='ocr_line' id='line_1_77' title="bbox 2179 1727 3647 1802; baseline -0.001 -19"><span class='ocrx_word' id='word_1_430' title='bbox 2179 1727 2584 1798; x_wconf 85' lang='lat' dir='ltr'>Jordanemque</span> <span class='ocrx_word' id='word_1_431' title='bbox 2603 1728 2757 1798; x_wconf 89' lang='lat' dir='ltr'>petit,</span> <span class='ocrx_word' id='word_1_432' title='bbox 2795 1727 3069 1781; x_wconf 89' lang='lat' dir='ltr'>meditans</span> <span class='ocrx_word' id='word_1_433' title='bbox 3098 1727 3331 1802; x_wconf 85' lang='lat' dir='ltr'>vestigia</span> <span class='ocrx_word' id='word_1_434' title='bbox 3356 1728 3647 1800; x_wconf 86' lang='lat' dir='ltr'>quondam</span> 
     </span>
    </p>
   </div>
   <div class='ocr_carea' id='block_1_78' title="bbox 2181 1816 3594 1873">
    <p class='ocr_par' dir='ltr' id='par_1_78' title="bbox 2181 1816 3594 1873">
     <span class='ocr_line' id='line_1_78' title="bbox 2181 1816 3594 1873; baseline 0 -3"><span class='ocrx_word' id='word_1_435' title='bbox 2181 1817 2335 1872; x_wconf 87' lang='lat' dir='ltr'>Sicca</span> <span class='ocrx_word' id='word_1_436' title='bbox 2366 1818 2714 1873; x_wconf 87' lang='lat' dir='ltr'>sacerdotum</span> <span class='ocrx_word' id='word_1_437' title='bbox 2743 1817 3002 1871; x_wconf 80' lang='lat' dir='ltr'>steterint</span> <span class='ocrx_word' id='word_1_438' title='bbox 3030 1816 3281 1871; x_wconf 87' lang='lat' dir='ltr'>cedentis</span> <span class='ocrx_word' id='word_1_439' title='bbox 3310 1825 3369 1870; x_wconf 92' lang='lat' dir='ltr'>ut</span> <span class='ocrx_word' id='word_1_440' title='bbox 3406 1818 3594 1871; x_wconf 89' lang='lat' dir='ltr'>amnis</span> 
     </span>
    </p>
   </div>
   <div class='ocr_carea' id='block_1_79' title="bbox 2181 1905 3306 1979">
    <p class='ocr_par' dir='ltr' id='par_1_79' title="bbox 2181 1905 3306 1979">
     <span class='ocr_line' id='line_1_79' title="bbox 2181 1905 3306 1979; baseline -0.001 -18"><span class='ocrx_word' id='word_1_441' title='bbox 2181 1908 2241 1961; x_wconf 90' lang='lat' dir='ltr'>In</span> <span class='ocrx_word' id='word_1_442' title='bbox 2272 1908 2455 1963; x_wconf 92' lang='lat' dir='ltr'>medio</span> <span class='ocrx_word' id='word_1_443' title='bbox 2486 1926 2499 1975; x_wconf 87' lang='lat'><strong>;</strong></span> <span class='ocrx_word' id='word_1_444' title='bbox 2535 1915 2660 1979; x_wconf 85' lang='lat' dir='ltr'>post</span> <span class='ocrx_word' id='word_1_445' title='bbox 2691 1906 2818 1961; x_wconf 68' lang='lat' dir='ltr'>Elite</span> <span class='ocrx_word' id='word_1_446' title='bbox 2850 1905 3070 1961; x_wconf 86' lang='lat' dir='ltr'>virtutis</span> <span class='ocrx_word' id='word_1_447' title='bbox 3103 1912 3157 1960; x_wconf 93' lang='lat' dir='ltr'>et</span> <span class='ocrx_word' id='word_1_448' title='bbox 3186 1905 3306 1974; x_wconf 89' lang='lat' dir='ltr'>ejus</span> 
     </span>
    </p>
   </div>
   <div class='ocr_carea' id='block_1_80' title="bbox 2184 1995 3570 2068">
    <p class='ocr_par' dir='ltr' id='par_1_80' title="bbox 2184 1995 3570 2068">
     <span class='ocr_line' id='line_1_80' title="bbox 2184 1995 3570 2068; baseline -0.002 -15"><span class='ocrx_word' id='word_1_449' title='bbox 2184 1998 2461 2068; x_wconf 89' lang='lat' dir='ltr'>Compotis</span> <span class='ocrx_word' id='word_1_450' title='bbox 2485 2005 2542 2051; x_wconf 90' lang='lat' dir='ltr'>ut</span> <span class='ocrx_word' id='word_1_451' title='bbox 2566 1997 2775 2051; x_wconf 89' lang='lat' dir='ltr'>siccum</span> <span class='ocrx_word' id='word_1_452' title='bbox 2797 1995 2969 2064; x_wconf 87' lang='lat' dir='ltr'>jussis</span> <span class='ocrx_word' id='word_1_453' title='bbox 2999 1995 3106 2050; x_wconf 91' lang='lat' dir='ltr'>iter</span> <span class='ocrx_word' id='word_1_454' title='bbox 3134 1996 3283 2050; x_wconf 89' lang='lat' dir='ltr'>unda</span> <span class='ocrx_word' id='word_1_455' title='bbox 3311 1996 3520 2068; x_wconf 88' lang='lat' dir='ltr'>pararit</span> <span class='ocrx_word' id='word_1_456' title='bbox 3556 2015 3570 2050; x_wconf 90' lang='lat'>:</span> 
     </span>
    </p>
   </div>
   <div class='ocr_carea' id='block_1_81' title="bbox 2183 2085 3601 2158">
    <p class='ocr_par' dir='ltr' id='par_1_81' title="bbox 2183 2085 3601 2158">
     <span class='ocr_line' id='line_1_81' title="bbox 2183 2085 3601 2158; baseline 0 -17"><span class='ocrx_word' id='word_1_457' title='bbox 2183 2086 2247 2141; x_wconf 87' lang='lat' dir='ltr'>Ut</span> <span class='ocrx_word' id='word_1_458' title='bbox 2276 2086 2548 2158; x_wconf 85' lang='lat' dir='ltr'>baptisma</span> <span class='ocrx_word' id='word_1_459' title='bbox 2568 2101 2770 2141; x_wconf 83' lang='lat' dir='ltr'>novum</span> <span class='ocrx_word' id='word_1_460' title='bbox 2794 2101 3019 2140; x_wconf 89' lang='lat' dir='ltr'>sacrans</span> <span class='ocrx_word' id='word_1_461' title='bbox 3042 2085 3352 2152; x_wconf 88' lang='lat' dir='ltr'>animabus,</span> <span class='ocrx_word' id='word_1_462' title='bbox 3386 2085 3440 2138; x_wconf 91' lang='lat' dir='ltr'>in</span> <span class='ocrx_word' id='word_1_463' title='bbox 3475 2087 3601 2156; x_wconf 88' lang='lat' dir='ltr'>ipso</span> 
     </span>
    </p>
   </div>
   <div class='ocr_carea' id='block_1_82' title="bbox 2185 2168 3542 2251">
    <p class='ocr_par' dir='ltr' id='par_1_82' title="bbox 2185 2168 3542 2251">
     <span class='ocr_line' id='line_1_82' title="bbox 2185 2168 3542 2251; baseline -0.002 -18"><span class='ocrx_word' id='word_1_464' title='bbox 2185 2178 2429 2233; x_wconf 87' lang='lat' dir='ltr'>Abluerit</span> <span class='ocrx_word' id='word_1_465' title='bbox 2452 2178 2624 2232; x_wconf 87' lang='lat' dir='ltr'>vellus</span> <span class='ocrx_word' id='word_1_466' title='bbox 2645 2177 2859 2232; x_wconf 89' lang='lat' dir='ltr'>macula</span> <span class='ocrx_word' id='word_1_467' title='bbox 2885 2168 3008 2230; x_wconf 85' lang='lat' dir='ltr'>sine</span> <span class='ocrx_word' id='word_1_468' title='bbox 3034 2175 3306 2231; x_wconf 88' lang='lat' dir='ltr'>candidus</span> <span class='ocrx_word' id='word_1_469' title='bbox 3328 2177 3542 2251; x_wconf 85' lang='lat' dir='ltr'>Agnus,</span> 
     </span>
    </p>
   </div>
   <div class='ocr_carea' id='block_1_83' title="bbox 2183 2267 3596 2340">
    <p class='ocr_par' dir='ltr' id='par_1_83' title="bbox 2183 2267 3596 2340">
     <span class='ocr_line' id='line_1_83' title="bbox 2183 2267 3596 2340; baseline 0 -17"><span class='ocrx_word' id='word_1_470' title='bbox 2183 2270 2377 2325; x_wconf 90' lang='lat' dir='ltr'>Nostra</span> <span class='ocrx_word' id='word_1_471' title='bbox 2411 2268 2586 2339; x_wconf 89' lang='lat' dir='ltr'>piacla</span> <span class='ocrx_word' id='word_1_472' title='bbox 2614 2268 2820 2333; x_wconf 86' lang='lat' dir='ltr'>lavans,</span> <span class='ocrx_word' id='word_1_473' title='bbox 2854 2267 3061 2338; x_wconf 90' lang='lat' dir='ltr'>polluta</span> <span class='ocrx_word' id='word_1_474' title='bbox 3090 2274 3145 2322; x_wconf 91' lang='lat' dir='ltr'>et</span> <span class='ocrx_word' id='word_1_475' title='bbox 3170 2274 3348 2340; x_wconf 82' lang='lat' dir='ltr'>strage</span> <span class='ocrx_word' id='word_1_476' title='bbox 3382 2268 3596 2324; x_wconf 85' lang='lat' dir='ltr'>ﬂuenta</span> 
     </span>
    </p>
   </div>
   <div class='ocr_carea' id='block_1_84' title="bbox 2186 2358 3598 2434">
    <p class='ocr_par' dir='ltr' id='par_1_84' title="bbox 2186 2358 3598 2434">
     <span class='ocr_line' id='line_1_84' title="bbox 2186 2358 3598 2434; baseline 0.001 -19"><span class='ocrx_word' id='word_1_477' title='bbox 2186 2360 2416 2416; x_wconf 84' lang='lat' dir='ltr'>Humani</span> <span class='ocrx_word' id='word_1_478' title='bbox 2445 2359 2667 2434; x_wconf 85' lang='lat' dir='ltr'>generis</span> <span class='ocrx_word' id='word_1_479' title='bbox 2698 2358 2921 2431; x_wconf 85' lang='lat' dir='ltr'>preprio</span> <span class='ocrx_word' id='word_1_480' title='bbox 2954 2358 3285 2429; x_wconf 87' lang='lat' dir='ltr'>baptismate</span> <span class='ocrx_word' id='word_1_481' title='bbox 3316 2360 3598 2416; x_wconf 90' lang='lat' dir='ltr'>mundans</span> 
     </span>
    </p>
   </div>
   <div class='ocr_carea' id='block_1_85' title="bbox 2176 2447 3595 2519">
    <p class='ocr_par' dir='ltr' id='par_1_85' title="bbox 2176 2447 3595 2519">
     <span class='ocr_line' id='line_1_85' title="bbox 2176 2447 3595 2519; baseline -0.001 -13"><span class='ocrx_word' id='word_1_482' title='bbox 2176 2450 2353 2507; x_wconf 91' lang='lat' dir='ltr'>Achor</span> <span class='ocrx_word' id='word_1_483' title='bbox 2381 2450 2669 2503; x_wconf 81' lang='lat' dir='ltr'>turbarum</span> <span class='ocrx_word' id='word_1_484' title='bbox 2689 2447 2885 2502; x_wconf 85' lang='lat' dir='ltr'>vallem</span> <span class='ocrx_word' id='word_1_485' title='bbox 2917 2447 3067 2503; x_wconf 90' lang='lat' dir='ltr'>videt</span> <span class='ocrx_word' id='word_1_486' title='bbox 3097 2456 3267 2519; x_wconf 89' lang='lat' dir='ltr'>atque</span> <span class='ocrx_word' id='word_1_487' title='bbox 3298 2450 3595 2518; x_wconf 82' lang='lat' dir='ltr'>tumultus,</span> 
     </span>
    </p>
   </div>
   <div class='ocr_carea' id='block_1_86' title="bbox 2179 2538 3581 2611">
    <p class='ocr_par' dir='ltr' id='par_1_86' title="bbox 2179 2538 3581 2611">
     <span class='ocr_line' id='line_1_86' title="bbox 2179 2538 3581 2611; baseline -0.003 -13"><span class='ocrx_word' id='word_1_488' title='bbox 2179 2543 2293 2608; x_wconf 90' lang='lat' dir='ltr'>Qua</span> <span class='ocrx_word' id='word_1_489' title='bbox 2324 2541 2525 2595; x_wconf 88' lang='lat' dir='ltr'>furtum</span> <span class='ocrx_word' id='word_1_490' title='bbox 2558 2548 2717 2594; x_wconf 88' lang='lat' dir='ltr'>estet</span> <span class='ocrx_word' id='word_1_491' title='bbox 2753 2538 2996 2595; x_wconf 69' lang='lat' dir='ltr'>avaritiae</span> <span class='ocrx_word' id='word_1_492' title='bbox 3035 2539 3295 2595; x_wconf 86' lang='lat' dir='ltr'>damnata</span> <span class='ocrx_word' id='word_1_493' title='bbox 3320 2541 3532 2611; x_wconf 89' lang='lat' dir='ltr'>cupido</span> <span class='ocrx_word' id='word_1_494' title='bbox 3566 2561 3581 2610; x_wconf 86' lang='lat'><strong>;</strong></span> 
     </span>
    </p>
   </div>
   <div class='ocr_carea' id='block_1_87' title="bbox 2181 2627 3644 2700">
    <p class='ocr_par' dir='ltr' id='par_1_87' title="bbox 2181 2627 3644 2700">
     <span class='ocr_line' id='line_1_87' title="bbox 2181 2627 3644 2700; baseline 0.001 -15"><span class='ocrx_word' id='word_1_495' title='bbox 2181 2630 2313 2685; x_wconf 89' lang='lat' dir='ltr'>lude</span> <span class='ocrx_word' id='word_1_496' title='bbox 2335 2629 2559 2684; x_wconf 90' lang='lat' dir='ltr'>domum</span> <span class='ocrx_word' id='word_1_497' title='bbox 2602 2627 2818 2681; x_wconf 90' lang='lat' dir='ltr'>Domini</span> <span class='ocrx_word' id='word_1_498' title='bbox 2853 2629 3065 2695; x_wconf 86' lang='lat' dir='ltr'>Bethel,</span> <span class='ocrx_word' id='word_1_499' title='bbox 3095 2645 3205 2699; x_wconf 88' lang='lat' dir='ltr'>qua</span> <span class='ocrx_word' id='word_1_500' title='bbox 3231 2645 3446 2700; x_wconf 88' lang='lat' dir='ltr'>pauper</span> <span class='ocrx_word' id='word_1_501' title='bbox 3475 2632 3644 2686; x_wconf 87' lang='lat' dir='ltr'>Iacob</span> 
     </span>
    </p>
   </div>
   <div class='ocr_carea' id='block_1_88' title="bbox 2180 2719 3559 2792">
    <p class='ocr_par' dir='ltr' id='par_1_88' title="bbox 2180 2719 3559 2792">
     <span class='ocr_line' id='line_1_88' title="bbox 2180 2719 3559 2792; baseline 0 -15"><span class='ocrx_word' id='word_1_502' title='bbox 2180 2722 2248 2777; x_wconf 94' lang='lat' dir='ltr'>In</span> <span class='ocrx_word' id='word_1_503' title='bbox 2289 2720 2435 2776; x_wconf 90' lang='lat' dir='ltr'>nuda</span> <span class='ocrx_word' id='word_1_504' title='bbox 2466 2719 2723 2775; x_wconf 87' lang='lat' dir='ltr'>dormivit</span> <span class='ocrx_word' id='word_1_505' title='bbox 2759 2720 2946 2787; x_wconf 91' lang='lat' dir='ltr'>humo,</span> <span class='ocrx_word' id='word_1_506' title='bbox 2992 2720 3163 2791; x_wconf 88' lang='lat' dir='ltr'>lapidi</span> <span class='ocrx_word' id='word_1_507' title='bbox 3193 2721 3375 2792; x_wconf 89' lang='lat' dir='ltr'>capite</span> <span class='ocrx_word' id='word_1_508' title='bbox 3408 2731 3559 2789; x_wconf 89' lang='lat' dir='ltr'>acto,</span> 
     </span>
    </p>
   </div>
   <div class='ocr_carea' id='block_1_89' title="bbox 2182 2808 3673 2879">
    <p class='ocr_par' dir='ltr' id='par_1_89' title="bbox 2182 2808 3673 2879">
     <span class='ocr_line' id='line_1_89' title="bbox 2182 2808 3673 2879; baseline 0.001 -14"><span class='ocrx_word' id='word_1_509' title='bbox 2182 2809 2466 2865; x_wconf 86' lang='lat' dir='ltr'>Zacharias</span> <span class='ocrx_word' id='word_1_510' title='bbox 2497 2808 2689 2862; x_wconf 90' lang='lat' dir='ltr'>oculos</span> <span class='ocrx_word' id='word_1_511' title='bbox 2708 2816 2920 2877; x_wconf 90' lang='lat' dir='ltr'>septem</span> <span class='ocrx_word' id='word_1_512' title='bbox 2954 2823 3118 2879; x_wconf 89' lang='lat' dir='ltr'>quem</span> <span class='ocrx_word' id='word_1_513' title='bbox 3139 2809 3317 2864; x_wconf 91' lang='lat' dir='ltr'>cernit</span> <span class='ocrx_word' id='word_1_514' title='bbox 3342 2810 3673 2878; x_wconf 88' lang='lat' dir='ltr'>habentem,</span> 
     </span>
    </p>
   </div>
   <div class='ocr_carea' id='block_1_90' title="bbox 2182 2898 3513 2976">
    <p class='ocr_par' dir='ltr' id='par_1_90' title="bbox 2182 2898 3513 2976">
     <span class='ocr_line' id='line_1_90' title="bbox 2182 2898 3513 2976; baseline 0.002 -21"><span class='ocrx_word' id='word_1_515' title='bbox 2182 2900 2429 2976; x_wconf 84' lang='lat' dir='ltr'>Angulus</span> <span class='ocrx_word' id='word_1_516' title='bbox 2460 2899 2744 2970; x_wconf 90' lang='lat' dir='ltr'>utriusque</span> <span class='ocrx_word' id='word_1_517' title='bbox 2767 2898 2927 2954; x_wconf 90' lang='lat' dir='ltr'>datur</span> <span class='ocrx_word' id='word_1_518' title='bbox 2951 2914 3060 2971; x_wconf 93' lang='lat' dir='ltr'>quo</span> <span class='ocrx_word' id='word_1_519' title='bbox 3094 2900 3320 2971; x_wconf 86' lang='lat' dir='ltr'>parjetis</span> <span class='ocrx_word' id='word_1_520' title='bbox 3344 2918 3513 2959; x_wconf 88' lang='lat' dir='ltr'>unus.</span> 
     </span>
    </p>
   </div>
   <div class='ocr_carea' id='block_1_91' title="bbox 2184 2988 3380 3067">
    <p class='ocr_par' dir='ltr' id='par_1_91' title="bbox 2184 2988 3380 3067">
     <span class='ocr_line' id='line_1_91' title="bbox 2184 2988 3380 3067; baseline -0.002 -17"><span class='ocrx_word' id='word_1_521' title='bbox 2184 2995 2247 3050; x_wconf 87' lang='lat' dir='ltr'>Et</span> <span class='ocrx_word' id='word_1_522' title='bbox 2278 2995 2425 3049; x_wconf 82' lang='lat' dir='ltr'>videt</span> <span class='ocrx_word' id='word_1_523' title='bbox 2453 2993 2652 3048; x_wconf 88' lang='lat' dir='ltr'>scalam</span> <span class='ocrx_word' id='word_1_524' title='bbox 2674 2991 2799 3047; x_wconf 75' lang='lat' dir='ltr'>cmli</span> <span class='ocrx_word' id='word_1_525' title='bbox 2831 2988 2886 3046; x_wconf 87' lang='lat' dir='ltr'>in</span> <span class='ocrx_word' id='word_1_526' title='bbox 2919 2991 3139 3067; x_wconf 87' lang='lat' dir='ltr'>fastigia</span> <span class='ocrx_word' id='word_1_527' title='bbox 3161 2993 3380 3048; x_wconf 89' lang='lat' dir='ltr'>ductam</span> 
     </span>
    </p>
   </div>
   <div class='ocr_carea' id='block_1_92' title="bbox 2115 3084 3433 3165">
    <p class='ocr_par' dir='ltr' id='par_1_92' title="bbox 2115 3084 3433 3165">
     <span class='ocr_line' id='line_1_92' title="bbox 2115 3084 3433 3165; baseline -0.002 -23"><span class='ocrx_word' id='word_1_528' title='bbox 2115 3097 2164 3165; x_wconf 67' lang='grc' dir='ltr'><strong>ρ</strong></span> <span class='ocrx_word' id='word_1_529' title='bbox 2186 3087 2432 3157; x_wconf 91' lang='lat' dir='ltr'>Desuper</span> <span class='ocrx_word' id='word_1_530' title='bbox 2455 3085 2676 3139; x_wconf 86' lang='lat' dir='ltr'>innixus</span> <span class='ocrx_word' id='word_1_531' title='bbox 2704 3090 2883 3140; x_wconf 89' lang='lat' dir='ltr'>rector</span> <span class='ocrx_word' id='word_1_532' title='bbox 2903 3100 3012 3156; x_wconf 89' lang='lat' dir='ltr'>qua</span> <span class='ocrx_word' id='word_1_533' title='bbox 3039 3085 3269 3156; x_wconf 71' lang='lat' dir='ltr'>porrigit</span> <span class='ocrx_word' id='word_1_534' title='bbox 3287 3084 3433 3140; x_wconf 88' lang='lat' dir='ltr'>altus</span> 
     </span>
    </p>
   </div>
   <div class='ocr_carea' id='block_1_93' title="bbox 2186 3172 3596 3249">
    <p class='ocr_par' dir='ltr' id='par_1_93' title="bbox 2186 3172 3596 3249">
     <span class='ocr_line' id='line_1_93' title="bbox 2186 3172 3596 3249; baseline -0.001 -19"><span class='ocrx_word' id='word_1_535' title='bbox 2186 3176 2305 3246; x_wconf 79' lang='lat' dir='ltr'>[pse</span> <span class='ocrx_word' id='word_1_536' title='bbox 2332 3190 2552 3230; x_wconf 89' lang='lat' dir='ltr'>manum</span> <span class='ocrx_word' id='word_1_537' title='bbox 2571 3173 2741 3249; x_wconf 86' lang='lat' dir='ltr'>digno</span> <span class='ocrx_word' id='word_1_538' title='bbox 2764 3172 3163 3229; x_wconf 89' lang='lat' dir='ltr'>scandentibus</span> <span class='ocrx_word' id='word_1_539' title='bbox 3194 3180 3340 3227; x_wconf 89' lang='lat' dir='ltr'>astra</span> <span class='ocrx_word' id='word_1_540' title='bbox 3368 3178 3596 3229; x_wconf 89' lang='lat' dir='ltr'>meatu:</span> 
     </span>
    </p>
   </div>
   <div class='ocr_carea' id='block_1_94' title="bbox 2179 3263 3564 3338">
    <p class='ocr_par' dir='ltr' id='par_1_94' title="bbox 2179 3263 3564 3338">
     <span class='ocr_line' id='line_1_94' title="bbox 2179 3263 3564 3338; baseline -0.001 -17"><span class='ocrx_word' id='word_1_541' title='bbox 2179 3267 2530 3337; x_wconf 69' lang='lat' dir='ltr'>Praecipitans</span> <span class='ocrx_word' id='word_1_542' title='bbox 2550 3280 2721 3320; x_wconf 86' lang='lat' dir='ltr'>vanos</span> <span class='ocrx_word' id='word_1_543' title='bbox 2752 3270 2806 3320; x_wconf 91' lang='lat' dir='ltr'>et</span> <span class='ocrx_word' id='word_1_544' title='bbox 2838 3280 3010 3336; x_wconf 89' lang='lat' dir='ltr'>opaea</span> <span class='ocrx_word' id='word_1_545' title='bbox 3041 3263 3233 3320; x_wconf 84' lang='lat' dir='ltr'>fraude</span> <span class='ocrx_word' id='word_1_546' title='bbox 3263 3266 3564 3338; x_wconf 78' lang='lat' dir='ltr'>malignos.</span> 
     </span>
    </p>
   </div>
   <div class='ocr_carea' id='block_1_95' title="bbox 2176 3353 3371 3424">
    <p class='ocr_par' dir='ltr' id='par_1_95' title="bbox 2176 3353 3371 3424">
     <span class='ocr_line' id='line_1_95' title="bbox 2176 3353 3371 3424; baseline -0.002 -14"><span class='ocrx_word' id='word_1_547' title='bbox 2176 3355 2307 3410; x_wconf 83' lang='lat' dir='ltr'>Jesn</span> <span class='ocrx_word' id='word_1_548' title='bbox 2338 3368 2462 3408; x_wconf 88' lang='lat' dir='ltr'>mox</span> <span class='ocrx_word' id='word_1_549' title='bbox 2487 3359 2543 3408; x_wconf 89' lang='lat' dir='ltr'>et</span> <span class='ocrx_word' id='word_1_550' title='bbox 2566 3353 2787 3407; x_wconf 86' lang='lat' dir='ltr'>Eleazar</span> <span class='ocrx_word' id='word_1_551' title='bbox 2817 3359 3077 3407; x_wconf 88' lang='lat' dir='ltr'>venerata</span> <span class='ocrx_word' id='word_1_552' title='bbox 3115 3353 3371 3424; x_wconf 89' lang='lat' dir='ltr'>sepulcro</span> 
     </span>
    </p>
   </div>
   <div class='ocr_carea' id='block_1_96' title="bbox 2177 3440 3511 3520">
    <p class='ocr_par' dir='ltr' id='par_1_96' title="bbox 2177 3440 3511 3520">
     <span class='ocr_line' id='line_1_96' title="bbox 2177 3440 3511 3520; baseline 0 -19"><span class='ocrx_word' id='word_1_553' title='bbox 2177 3447 2399 3501; x_wconf 85' lang='lat' dir='ltr'>Miratur</span> <span class='ocrx_word' id='word_1_554' title='bbox 2427 3460 2624 3501; x_wconf 89' lang='lat' dir='ltr'>censor</span> <span class='ocrx_word' id='word_1_555' title='bbox 2659 3440 2808 3515; x_wconf 88' lang='lat' dir='ltr'>quod</span> <span class='ocrx_word' id='word_1_556' title='bbox 2840 3443 3041 3520; x_wconf 90' lang='lat' dir='ltr'>legerit</span> <span class='ocrx_word' id='word_1_557' title='bbox 3072 3460 3271 3516; x_wconf 89' lang='lat' dir='ltr'>aspera</span> <span class='ocrx_word' id='word_1_558' title='bbox 3301 3446 3511 3501; x_wconf 89' lang='lat' dir='ltr'>montis</span> 
     </span>
    </p>
   </div>
   <div class='ocr_carea' id='block_1_97' title="bbox 2187 3538 3689 3613">
    <p class='ocr_par' dir='ltr' id='par_1_97' title="bbox 2187 3538 3689 3613">
     <span class='ocr_line' id='line_1_97' title="bbox 2187 3538 3689 3613; baseline 0.003 -18"><span class='ocrx_word' id='word_1_559' title='bbox 2187 3543 2336 3613; x_wconf 86' lang='lat' dir='ltr'>Ipse,</span> <span class='ocrx_word' id='word_1_560' title='bbox 2354 3540 2459 3595; x_wconf 88' lang='lat' dir='ltr'>situ</span> <span class='ocrx_word' id='word_1_561' title='bbox 2491 3539 2723 3611; x_wconf 90' lang='lat' dir='ltr'>reliquis</span> <span class='ocrx_word' id='word_1_562' title='bbox 2751 3538 2913 3610; x_wconf 87' lang='lat' dir='ltr'>plana</span> <span class='ocrx_word' id='word_1_563' title='bbox 2941 3545 3106 3611; x_wconf 88' lang='lat' dir='ltr'>atque</span> <span class='ocrx_word' id='word_1_564' title='bbox 3131 3539 3411 3595; x_wconf 89' lang='lat' dir='ltr'>uberrima</span> <span class='ocrx_word' id='word_1_565' title='bbox 3439 3541 3689 3599; x_wconf 88' lang='lat' dir='ltr'>tradens.</span> 
     </span>
    </p>
   </div>
   <div class='ocr_carea' id='block_1_98' title="bbox 2187 3631 3531 3704">
    <p class='ocr_par' dir='ltr' id='par_1_98' title="bbox 2187 3631 3531 3704">
     <span class='ocr_line' id='line_1_98' title="bbox 2187 3631 3531 3704; baseline 0 -15"><span class='ocrx_word' id='word_1_566' title='bbox 2187 3633 2326 3700; x_wconf 86' lang='lat' dir='ltr'>Quid</span> <span class='ocrx_word' id='word_1_567' title='bbox 2357 3632 2590 3688; x_wconf 87' lang='lat' dir='ltr'>referam</span> <span class='ocrx_word' id='word_1_568' title='bbox 2613 3631 2748 3699; x_wconf 89' lang='lat' dir='ltr'>Silo,</span> <span class='ocrx_word' id='word_1_569' title='bbox 2792 3632 2887 3704; x_wconf 92' lang='lat' dir='ltr'>qui</span> <span class='ocrx_word' id='word_1_570' title='bbox 2921 3631 3102 3687; x_wconf 90' lang='lat' dir='ltr'>diruta</span> <span class='ocrx_word' id='word_1_571' title='bbox 3134 3632 3397 3704; x_wconf 87' lang='lat' dir='ltr'>panditur</span> <span class='ocrx_word' id='word_1_572' title='bbox 3433 3650 3531 3689; x_wconf 87' lang='lat' dir='ltr'>ara</span> 
     </span>
    </p>
   </div>
   <div class='ocr_carea' id='block_1_99' title="bbox 2180 3724 3500 3798">
    <p class='ocr_par' dir='ltr' id='par_1_99' title="bbox 2180 3724 3500 3798">
     <span class='ocr_line' id='line_1_99' title="bbox 2180 3724 3500 3798; baseline 0 -17"><span class='ocrx_word' id='word_1_573' title='bbox 2180 3726 2467 3781; x_wconf 88' lang='lat' dir='ltr'>Sacrorum</span> <span class='ocrx_word' id='word_1_574' title='bbox 2497 3732 2769 3790; x_wconf 88' lang='lat' dir='ltr'>veterum,</span> <span class='ocrx_word' id='word_1_575' title='bbox 2802 3741 2911 3798; x_wconf 89' lang='lat' dir='ltr'>qua</span> <span class='ocrx_word' id='word_1_576' title='bbox 2940 3724 3298 3794; x_wconf 88' lang='lat' dir='ltr'>Benjamitiea</span> <span class='ocrx_word' id='word_1_577' title='bbox 3318 3725 3500 3781; x_wconf 88' lang='lat' dir='ltr'>scitur</span> 
     </span>
    </p>
   </div>
   <div class='ocr_carea' id='block_1_100' title="bbox 2182 3813 3600 3885">
    <p class='ocr_par' dir='ltr' id='par_1_100' title="bbox 2182 3813 3600 3885">
     <span class='ocr_line' id='line_1_100' title="bbox 2182 3813 3600 3885; baseline 0.001 -16"><span class='ocrx_word' id='word_1_578' title='bbox 2182 3815 2532 3870; x_wconf 75' lang='lat' dir='ltr'>Praecessisse</span> <span class='ocrx_word' id='word_1_579' title='bbox 2561 3814 2738 3869; x_wconf 88' lang='lat' dir='ltr'>tribus</span> <span class='ocrx_word' id='word_1_580' title='bbox 2756 3822 2936 3885; x_wconf 89' lang='lat' dir='ltr'>raptas</span> <span class='ocrx_word' id='word_1_581' title='bbox 2962 3813 3087 3869; x_wconf 87' lang='lat' dir='ltr'>sine</span> <span class='ocrx_word' id='word_1_582' title='bbox 3117 3830 3273 3869; x_wconf 92' lang='lat' dir='ltr'>more</span> <span class='ocrx_word' id='word_1_583' title='bbox 3303 3814 3544 3870; x_wconf 89' lang='lat' dir='ltr'>Sabinas</span> <span class='ocrx_word' id='word_1_584' title='bbox 3571 3816 3600 3871; x_wconf 74' lang='lat' dir='ltr'>‘P</span> 
     </span>
    </p>
   </div>
   <div class='ocr_carea' id='block_1_101' title="bbox 2183 3903 3734 3979">
    <p class='ocr_par' dir='ltr' id='par_1_101' title="bbox 2183 3903 3734 3979">
     <span class='ocr_line' id='line_1_101' title="bbox 2183 3903 3734 3979; baseline 0.002 -20"><span class='ocrx_word' id='word_1_585' title='bbox 2183 3903 2622 3979; x_wconf 87' lang='lat' dir='ltr'>Transgrediens</span> <span class='ocrx_word' id='word_1_586' title='bbox 2649 3903 2886 3968; x_wconf 90' lang='lat' dir='ltr'>Sichem,</span> <span class='ocrx_word' id='word_1_587' title='bbox 2920 3920 3042 3975; x_wconf 67' lang='lat' dir='ltr'>quae</span> <span class='ocrx_word' id='word_1_588' title='bbox 3073 3903 3332 3976; x_wconf 89' lang='lat' dir='ltr'>Neapolis</span> <span class='ocrx_word' id='word_1_589' title='bbox 3362 3920 3506 3960; x_wconf 82' lang='lat' dir='ltr'>nova</span> <span class='ocrx_word' id='word_1_590' title='bbox 3535 3905 3734 3976; x_wconf 84' lang='lat' dir='ltr'>fertur,</span> 
     </span>
    </p>
   </div>
   <div class='ocr_carea' id='block_1_102' title="bbox 2183 3992 3677 4063">
    <p class='ocr_par' dir='ltr' id='par_1_102' title="bbox 2183 3992 3677 4063">
     <span class='ocr_line' id='line_1_102' title="bbox 2183 3992 3677 4063; baseline 0.001 -15"><span class='ocrx_word' id='word_1_591' title='bbox 2183 3994 2353 4048; x_wconf 86' lang='lat' dir='ltr'>Intrat</span> <span class='ocrx_word' id='word_1_592' title='bbox 2384 3993 2441 4047; x_wconf 89' lang='lat' dir='ltr'>in</span> <span class='ocrx_word' id='word_1_593' title='bbox 2472 3993 2762 4048; x_wconf 90' lang='lat' dir='ltr'>ecclesiam</span> <span class='ocrx_word' id='word_1_594' title='bbox 2797 3992 3054 4059; x_wconf 88' lang='lat' dir='ltr'>Garizim,</span> <span class='ocrx_word' id='word_1_595' title='bbox 3087 3993 3230 4048; x_wconf 89' lang='lat' dir='ltr'>latus</span> <span class='ocrx_word' id='word_1_596' title='bbox 3259 3993 3408 4048; x_wconf 87' lang='lat' dir='ltr'>edita</span> <span class='ocrx_word' id='word_1_597' title='bbox 3438 3996 3677 4063; x_wconf 91' lang='lat' dir='ltr'>montis,</span> 
     </span>
    </p>
   </div>
   <div class='ocr_carea' id='block_1_103' title="bbox 2184 4081 3577 4153">
    <p class='ocr_par' dir='ltr' id='par_1_103' title="bbox 2184 4081 3577 4153">
     <span class='ocr_line' id='line_1_103' title="bbox 2184 4081 3577 4153; baseline 0 -15"><span class='ocrx_word' id='word_1_598' title='bbox 2184 4081 2312 4148; x_wconf 59' lang='lat' dir='ltr'>Quae</span> <span class='ocrx_word' id='word_1_599' title='bbox 2326 4099 2488 4137; x_wconf 87' lang='lat' dir='ltr'>secus</span> <span class='ocrx_word' id='word_1_600' title='bbox 2513 4090 2760 4153; x_wconf 87' lang='lat' dir='ltr'>aspectat</span> <span class='ocrx_word' id='word_1_601' title='bbox 2784 4088 3009 4153; x_wconf 90' lang='lat' dir='ltr'>puteum</span> <span class='ocrx_word' id='word_1_602' title='bbox 3045 4097 3209 4153; x_wconf 88' lang='lat' dir='ltr'>quem</span> <span class='ocrx_word' id='word_1_603' title='bbox 3227 4081 3363 4137; x_wconf 88' lang='lat' dir='ltr'>fodit</span> <span class='ocrx_word' id='word_1_604' title='bbox 3386 4082 3577 4151; x_wconf 86' lang='lat' dir='ltr'>Iacob,</span> 
     </span>
    </p>
   </div>
   <div class='ocr_carea' id='block_1_104' title="bbox 2182 4169 3806 4246">
    <p class='ocr_par' dir='ltr' id='par_1_104' title="bbox 2182 4169 3806 4246">
     <span class='ocr_line' id='line_1_104' title="bbox 2182 4169 3806 4246; baseline 0.001 -21"><span class='ocrx_word' id='word_1_605' title='bbox 2182 4171 2350 4236; x_wconf 91' lang='lat' dir='ltr'>Quem</span> <span class='ocrx_word' id='word_1_606' title='bbox 2383 4170 2548 4241; x_wconf 89' lang='lat' dir='ltr'>super</span> <span class='ocrx_word' id='word_1_607' title='bbox 2584 4170 2835 4224; x_wconf 85' lang='lat' dir='ltr'>assidens</span> <span class='ocrx_word' id='word_1_608' title='bbox 2866 4170 3131 4226; x_wconf 88' lang='lat' dir='ltr'>Dominus</span> <span class='ocrx_word' id='word_1_609' title='bbox 3162 4169 3267 4225; x_wconf 88' lang='lat' dir='ltr'>fert</span> <span class='ocrx_word' id='word_1_610' title='bbox 3298 4172 3501 4242; x_wconf 90' lang='lat' dir='ltr'>pocula</span> <span class='ocrx_word' id='word_1_611' title='bbox 3544 4189 3806 4246; x_wconf 89' lang='lat' dir='ltr'>poscens,</span> 
     </span>
    </p>
   </div>
   <div class='ocr_carea' id='block_1_105' title="bbox 2188 4259 3342 4332">
    <p class='ocr_par' dir='ltr' id='par_1_105' title="bbox 2188 4259 3342 4332">
     <span class='ocr_line' id='line_1_105' title="bbox 2188 4259 3342 4332; baseline 0 -17"><span class='ocrx_word' id='word_1_612' title='bbox 2188 4261 2247 4315; x_wconf 86' lang='lat' dir='ltr'>Et</span> <span class='ocrx_word' id='word_1_613' title='bbox 2277 4261 2503 4332; x_wconf 89' lang='lat' dir='ltr'>lympha</span> <span class='ocrx_word' id='word_1_614' title='bbox 2534 4259 2663 4314; x_wconf 86' lang='lat' dir='ltr'>fidei</span> <span class='ocrx_word' id='word_1_615' title='bbox 2693 4260 2924 4314; x_wconf 89' lang='lat' dir='ltr'>satiatur</span> <span class='ocrx_word' id='word_1_616' title='bbox 2962 4259 3342 4328; x_wconf 66' lang='lat' dir='ltr'>Samaritanae,</span> 
     </span>
    </p>
   </div>
   <div class='ocr_carea' id='block_1_106' title="bbox 2187 4348 3503 4420">
    <p class='ocr_par' dir='ltr' id='par_1_106' title="bbox 2187 4348 3503 4420">
     <span class='ocr_line' id='line_1_106' title="bbox 2187 4348 3503 4420; baseline 0.002 -18"><span class='ocrx_word' id='word_1_617' title='bbox 2187 4349 2473 4404; x_wconf 90' lang='lat' dir='ltr'>Librorum</span> <span class='ocrx_word' id='word_1_618' title='bbox 2509 4365 2631 4420; x_wconf 59' lang='lat' dir='ltr'>quae</span> <span class='ocrx_word' id='word_1_619' title='bbox 2660 4348 2910 4420; x_wconf 88' lang='lat' dir='ltr'>quinque</span> <span class='ocrx_word' id='word_1_620' title='bbox 2942 4348 3088 4404; x_wconf 86' lang='lat' dir='ltr'>viros</span> <span class='ocrx_word' id='word_1_621' title='bbox 3120 4348 3503 4420; x_wconf 80' lang='lat' dir='ltr'>Mosaycorum</span> 
     </span>
    </p>
   </div>
   <div class='ocr_carea' id='block_1_107' title="bbox 2189 4442 3564 4516">
    <p class='ocr_par' dir='ltr' id='par_1_107' title="bbox 2189 4442 3564 4516">
     <span class='ocr_line' id='line_1_107' title="bbox 2189 4442 3564 4516; baseline 0.001 -17"><span class='ocrx_word' id='word_1_622' title='bbox 2189 4445 2553 4516; x_wconf 85' lang='lat' dir='ltr'>Erroremque</span> <span class='ocrx_word' id='word_1_623' title='bbox 2577 4451 2723 4498; x_wconf 89' lang='lat' dir='ltr'>meat</span> <span class='ocrx_word' id='word_1_624' title='bbox 2759 4442 3007 4498; x_wconf 90' lang='lat' dir='ltr'>Dosithei</span> <span class='ocrx_word' id='word_1_625' title='bbox 3039 4444 3291 4516; x_wconf 89' lang='lat' dir='ltr'>linquere</span> <span class='ocrx_word' id='word_1_626' title='bbox 3318 4452 3564 4513; x_wconf 86' lang='lat' dir='ltr'>sextum,</span> 
     </span>
    </p>
   </div>
   <div class='ocr_carea' id='block_1_108' title="bbox 2106 4505 3427 4605">
    <p class='ocr_par' dir='ltr' id='par_1_108' title="bbox 2106 4505 3427 4605">
     <span class='ocr_line' id='line_1_108' title="bbox 2106 4505 3427 4605; baseline 0.001 -17"><span class='ocrx_word' id='word_1_627' title='bbox 2106 4505 2162 4573; x_wconf 83' lang='lat' dir='ltr'>D</span> <span class='ocrx_word' id='word_1_628' title='bbox 2189 4534 2436 4588; x_wconf 80' lang='lat' dir='ltr'>Messium</span> <span class='ocrx_word' id='word_1_629' title='bbox 2457 4550 2646 4587; x_wconf 87' lang='lat' dir='ltr'>verum</span> <span class='ocrx_word' id='word_1_630' title='bbox 2672 4533 3122 4605; x_wconf 84' lang='lat' dir='ltr'>Salvatoremque</span> <span class='ocrx_word' id='word_1_631' title='bbox 3156 4540 3427 4604; x_wconf 88' lang='lat' dir='ltr'>receptat.</span> 
     </span>
    </p>
   </div>
   <div class='ocr_carea' id='block_1_109' title="bbox 2189 4622 3668 4697">
    <p class='ocr_par' dir='ltr' id='par_1_109' title="bbox 2189 4622 3668 4697">
     <span class='ocr_line' id='line_1_109' title="bbox 2189 4622 3668 4697; baseline 0.002 -20"><span class='ocrx_word' id='word_1_632' title='bbox 2189 4622 2322 4678; x_wconf 82' lang='lat' dir='ltr'>Hinc</span> <span class='ocrx_word' id='word_1_633' title='bbox 2352 4623 2599 4697; x_wconf 87' lang='lat' dir='ltr'>digressa</span> <span class='ocrx_word' id='word_1_634' title='bbox 2642 4623 2856 4676; x_wconf 86' lang='lat' dir='ltr'>Patrum</span> <span class='ocrx_word' id='word_1_635' title='bbox 2889 4622 3149 4677; x_wconf 90' lang='lat' dir='ltr'>duodena</span> <span class='ocrx_word' id='word_1_636' title='bbox 3178 4622 3437 4695; x_wconf 86' lang='lat' dir='ltr'>sepulcra</span> <span class='ocrx_word' id='word_1_637' title='bbox 3459 4630 3668 4692; x_wconf 88' lang='lat' dir='ltr'>tuetur,</span> 
     </span>
    </p>
   </div>
   <div class='ocr_carea' id='block_1_110' title="bbox 2185 4719 3726 4790">
    <p class='ocr_par' dir='ltr' id='par_1_110' title="bbox 2185 4719 3726 4790">
     <span class='ocr_line' id='line_1_110' title="bbox 2185 4719 3726 4790; baseline 0.001 -16"><span class='ocrx_word' id='word_1_638' title='bbox 2185 4719 2594 4790; x_wconf 87' lang='lat' dir='ltr'>Samariamque</span> <span class='ocrx_word' id='word_1_639' title='bbox 2621 4719 2791 4785; x_wconf 86' lang='lat' dir='ltr'>videt,</span> <span class='ocrx_word' id='word_1_640' title='bbox 2822 4719 3023 4775; x_wconf 89' lang='lat' dir='ltr'>dictam</span> <span class='ocrx_word' id='word_1_641' title='bbox 3054 4720 3157 4774; x_wconf 90' lang='lat' dir='ltr'>sub</span> <span class='ocrx_word' id='word_1_642' title='bbox 3190 4721 3403 4777; x_wconf 90' lang='lat' dir='ltr'>honore</span> <span class='ocrx_word' id='word_1_643' title='bbox 3433 4721 3726 4778; x_wconf 88' lang='lat' dir='ltr'>Sebastem</span> 
     </span>
    </p>
   </div>
   <div class='ocr_carea' id='block_1_111' title="bbox 2183 4808 3429 4882">
    <p class='ocr_par' dir='ltr' id='par_1_111' title="bbox 2183 4808 3429 4882">
     <span class='ocr_line' id='line_1_111' title="bbox 2183 4808 3429 4882; baseline 0.003 -20"><span class='ocrx_word' id='word_1_644' title='bbox 2183 4809 2431 4882; x_wconf 83' lang='lat' dir='ltr'>Augusti,</span> <span class='ocrx_word' id='word_1_645' title='bbox 2464 4815 2692 4863; x_wconf 85' lang='lat' dir='ltr'>tenuere</span> <span class='ocrx_word' id='word_1_646' title='bbox 2723 4808 2797 4879; x_wconf 92' lang='lat' dir='ltr'>pii</span> <span class='ocrx_word' id='word_1_647' title='bbox 2822 4825 2929 4880; x_wconf 89' lang='lat' dir='ltr'>qua</span> <span class='ocrx_word' id='word_1_648' title='bbox 2949 4809 3109 4863; x_wconf 89' lang='lat' dir='ltr'>busta</span> <span class='ocrx_word' id='word_1_649' title='bbox 3142 4811 3429 4882; x_wconf 66' lang='lat' dir='ltr'>prophetas</span> 
     </span>
    </p>
   </div>
   <div class='ocr_carea' id='block_1_112' title="bbox 2180 4899 3531 4971">
    <p class='ocr_par' dir='ltr' id='par_1_112' title="bbox 2180 4899 3531 4971">
     <span class='ocr_line' id='line_1_112' title="bbox 2180 4899 3531 4971; baseline 0.003 -18"><span class='ocrx_word' id='word_1_650' title='bbox 2180 4899 2403 4960; x_wconf 88' lang='lat' dir='ltr'>Abdias.</span> <span class='ocrx_word' id='word_1_651' title='bbox 2435 4899 2665 4967; x_wconf 85' lang='lat' dir='ltr'>Eliseus,</span> <span class='ocrx_word' id='word_1_652' title='bbox 2695 4914 2928 4971; x_wconf 85' lang='lat' dir='ltr'>magnus</span> <span class='ocrx_word' id='word_1_653' title='bbox 2958 4899 3203 4970; x_wconf 86' lang='lat' dir='ltr'>Baptista</span> <span class='ocrx_word' id='word_1_654' title='bbox 3230 4900 3481 4957; x_wconf 83' lang='lat' dir='ltr'>Joannes</span> <span class='ocrx_word' id='word_1_655' title='bbox 3514 4920 3531 4957; x_wconf 88' lang='lat'><strong>:</strong></span> 
     </span>
    </p>
   </div>
   <div class='ocr_carea' id='block_1_113' title="bbox 2178 4987 3605 5060">
    <p class='ocr_par' dir='ltr' id='par_1_113' title="bbox 2178 4987 3605 5060">
     <span class='ocr_line' id='line_1_113' title="bbox 2178 4987 3605 5060; baseline 0.004 -18"><span class='ocrx_word' id='word_1_656' title='bbox 2178 4988 2457 5059; x_wconf 88' lang='lat' dir='ltr'>Valdeque</span> <span class='ocrx_word' id='word_1_657' title='bbox 2479 4987 2813 5044; x_wconf 89' lang='lat' dir='ltr'>contremuit</span> <span class='ocrx_word' id='word_1_658' title='bbox 2842 4987 3107 5044; x_wconf 86' lang='lat' dir='ltr'>miracula</span> <span class='ocrx_word' id='word_1_659' title='bbox 3131 4989 3288 5060; x_wconf 85' lang='lat' dir='ltr'>plura</span> <span class='ocrx_word' id='word_1_660' title='bbox 3311 4991 3562 5046; x_wconf 80' lang='lat' dir='ltr'>videndo</span> <span class='ocrx_word' id='word_1_661' title='bbox 3592 5008 3605 5048; x_wconf 95' lang='lat'>:</span> 
     </span>
    </p>
   </div>
   <div class='ocr_carea' id='block_1_114' title="bbox 2175 5075 3664 5153">
    <p class='ocr_par' dir='ltr' id='par_1_114' title="bbox 2175 5075 3664 5153">
     <span class='ocr_line' id='line_1_114' title="bbox 2175 5075 3664 5153; baseline 0.001 -21"><span class='ocrx_word' id='word_1_662' title='bbox 2175 5077 2341 5133; x_wconf 91' lang='lat' dir='ltr'>Audit</span> <span class='ocrx_word' id='word_1_663' title='bbox 2369 5076 2515 5133; x_wconf 91' lang='lat' dir='ltr'>enim</span> <span class='ocrx_word' id='word_1_664' title='bbox 2548 5083 2795 5148; x_wconf 87' lang='lat' dir='ltr'>strepere</span> <span class='ocrx_word' id='word_1_665' title='bbox 2823 5075 2994 5132; x_wconf 83' lang='lat' dir='ltr'>variis</span> <span class='ocrx_word' id='word_1_666' title='bbox 3015 5077 3174 5149; x_wconf 82' lang='lat' dir='ltr'>nigra</span> <span class='ocrx_word' id='word_1_667' title='bbox 3206 5078 3430 5153; x_wconf 87' lang='lat' dir='ltr'>agmina</span> <span class='ocrx_word' id='word_1_668' title='bbox 3454 5080 3664 5151; x_wconf 88' lang='lat' dir='ltr'>pennis</span> 
     </span>
    </p>
   </div>
   <div class='ocr_carea' id='block_1_115' title="bbox 2179 5169 3684 5244">
    <p class='ocr_par' dir='ltr' id='par_1_115' title="bbox 2179 5169 3684 5244">
     <span class='ocr_line' id='line_1_115' title="bbox 2179 5169 3684 5244; baseline 0 -19"><span class='ocrx_word' id='word_1_669' title='bbox 2179 5170 2502 5226; x_wconf 89' lang='lat' dir='ltr'>Sanctorum</span> <span class='ocrx_word' id='word_1_670' title='bbox 2534 5169 2603 5225; x_wconf 89' lang='lat' dir='ltr'>ad</span> <span class='ocrx_word' id='word_1_671' title='bbox 2632 5169 2870 5237; x_wconf 86' lang='lat' dir='ltr'>tumbas,</span> <span class='ocrx_word' id='word_1_672' title='bbox 2898 5169 3153 5225; x_wconf 89' lang='lat' dir='ltr'>homines</span> <span class='ocrx_word' id='word_1_673' title='bbox 3183 5170 3397 5227; x_wconf 89' lang='lat' dir='ltr'>ululare</span> <span class='ocrx_word' id='word_1_674' title='bbox 3420 5172 3684 5244; x_wconf 90' lang='lat' dir='ltr'>luporum</span> 
     </span>
    </p>
   </div>
   <div class='ocr_carea' id='block_1_116' title="bbox 2178 5257 3682 5332">
    <p class='ocr_par' dir='ltr' id='par_1_116' title="bbox 2178 5257 3682 5332">
     <span class='ocr_line' id='line_1_116' title="bbox 2178 5257 3682 5332; baseline 0.001 -19"><span class='ocrx_word' id='word_1_675' title='bbox 2178 5259 2346 5327; x_wconf 81' lang='lat' dir='ltr'>More,</span> <span class='ocrx_word' id='word_1_676' title='bbox 2376 5258 2573 5313; x_wconf 88' lang='lat' dir='ltr'>latrare</span> <span class='ocrx_word' id='word_1_677' title='bbox 2606 5274 2827 5325; x_wconf 89' lang='lat' dir='ltr'>canum,</span> <span class='ocrx_word' id='word_1_678' title='bbox 2861 5257 3195 5330; x_wconf 88' lang='lat' dir='ltr'>fremituque</span> <span class='ocrx_word' id='word_1_679' title='bbox 3210 5259 3397 5332; x_wconf 84' lang='lat' dir='ltr'>rugire</span> <span class='ocrx_word' id='word_1_680' title='bbox 3428 5259 3682 5315; x_wconf 89' lang='lat' dir='ltr'>leonum.</span> 
     </span>
    </p>
   </div>
   <div class='ocr_carea' id='block_1_117' title="bbox 2177 5349 3594 5425">
    <p class='ocr_par' dir='ltr' id='par_1_117' title="bbox 2177 5349 3594 5425">
     <span class='ocr_line' id='line_1_117' title="bbox 2177 5349 3594 5425; baseline -0.001 -20"><span class='ocrx_word' id='word_1_681' title='bbox 2177 5351 2335 5406; x_wconf 84' lang='lat' dir='ltr'>Tauri</span> <span class='ocrx_word' id='word_1_682' title='bbox 2364 5350 2493 5405; x_wconf 91' lang='lat' dir='ltr'>hinc</span> <span class='ocrx_word' id='word_1_683' title='bbox 2524 5350 2768 5425; x_wconf 89' lang='lat' dir='ltr'>mugitus</span> <span class='ocrx_word' id='word_1_684' title='bbox 2800 5349 3013 5417; x_wconf 89' lang='lat' dir='ltr'>reboat,</span> <span class='ocrx_word' id='word_1_685' title='bbox 3028 5350 3121 5405; x_wconf 88' lang='lat' dir='ltr'>ﬂat</span> <span class='ocrx_word' id='word_1_686' title='bbox 3150 5349 3347 5404; x_wconf 90' lang='lat' dir='ltr'>sibilus</span> <span class='ocrx_word' id='word_1_687' title='bbox 3374 5351 3594 5424; x_wconf 86' lang='lat' dir='ltr'>anguis,</span> 
     </span>
    </p>
   </div>
   <div class='ocr_carea' id='block_1_118' title="bbox 2184 5440 3665 5516">
    <p class='ocr_par' dir='ltr' id='par_1_118' title="bbox 2184 5440 3665 5516">
     <span class='ocr_line' id='line_1_118' title="bbox 2184 5440 3665 5516; baseline -0.001 -21"><span class='ocrx_word' id='word_1_688' title='bbox 2184 5442 2651 5516; x_wconf 77' lang='lat' dir='ltr'>l‘osttcrgumque</span> <span class='ocrx_word' id='word_1_689' title='bbox 2679 5446 2859 5496; x_wconf 90' lang='lat' dir='ltr'>rotare</span> <span class='ocrx_word' id='word_1_690' title='bbox 2887 5448 3073 5512; x_wconf 88' lang='lat' dir='ltr'>caput,</span> <span class='ocrx_word' id='word_1_691' title='bbox 3104 5441 3204 5495; x_wconf 88' lang='lat' dir='ltr'>hos</span> <span class='ocrx_word' id='word_1_692' title='bbox 3224 5440 3435 5495; x_wconf 85' lang='lat' dir='ltr'>vertice</span> <span class='ocrx_word' id='word_1_693' title='bbox 3465 5448 3665 5495; x_wconf 86' lang='lat' dir='ltr'>terram</span> 
     </span>
    </p>
   </div>
   <div class='ocr_carea' id='block_1_119' title="bbox 2180 5528 3679 5600">
    <p class='ocr_par' dir='ltr' id='par_1_119' title="bbox 2180 5528 3679 5600">
     <span class='ocr_line' id='line_1_119' title="bbox 2180 5528 3679 5600; baseline -0.001 -19"><span class='ocrx_word' id='word_1_694' title='bbox 2180 5529 2504 5596; x_wconf 82' lang='lat' dir='ltr'>Percutere;</span> <span class='ocrx_word' id='word_1_695' title='bbox 2536 5537 2701 5600; x_wconf 87' lang='lat' dir='ltr'>atque</span> <span class='ocrx_word' id='word_1_696' title='bbox 2732 5528 2871 5583; x_wconf 86' lang='lat' dir='ltr'>alios</span> <span class='ocrx_word' id='word_1_697' title='bbox 2897 5528 3285 5600; x_wconf 84' lang='lat' dir='ltr'>prospectatin</span> <span class='ocrx_word' id='word_1_698' title='bbox 3311 5544 3441 5583; x_wconf 87' lang='lat' dir='ltr'>aere</span> <span class='ocrx_word' id='word_1_699' title='bbox 3475 5542 3679 5599; x_wconf 85' lang='lat' dir='ltr'>penses</span> 
     </span>
    </p>
   </div>
   <div class='ocr_carea' id='block_1_120' title="bbox 2182 5616 3588 5692">
    <p class='ocr_par' dir='ltr' id='par_1_120' title="bbox 2182 5616 3588 5692">
     <span class='ocr_line' id='line_1_120' title="bbox 2182 5616 3588 5692; baseline 0.001 -22"><span class='ocrx_word' id='word_1_700' title='bbox 2182 5618 2241 5670; x_wconf 87' lang='lat' dir='ltr'>In</span> <span class='ocrx_word' id='word_1_701' title='bbox 2273 5616 2471 5673; x_wconf 89' lang='lat' dir='ltr'>faciem</span> <span class='ocrx_word' id='word_1_702' title='bbox 2488 5618 2662 5673; x_wconf 79' lang='lat' dir='ltr'>versis</span> <span class='ocrx_word' id='word_1_703' title='bbox 2689 5617 2951 5689; x_wconf 90' lang='lat' dir='ltr'>pedibus,</span> <span class='ocrx_word' id='word_1_704' title='bbox 2993 5633 3097 5673; x_wconf 89' lang='lat' dir='ltr'>nec</span> <span class='ocrx_word' id='word_1_705' title='bbox 3126 5633 3357 5692; x_wconf 86' lang='lat' dir='ltr'>vergere</span> <span class='ocrx_word' id='word_1_706' title='bbox 3384 5626 3588 5674; x_wconf 86' lang='lat' dir='ltr'>vestes.</span> 
     </span>
    </p>
   </div>
   <div class='ocr_carea' id='block_1_121' title="bbox 2250 5706 3374 5781">
    <p class='ocr_par' dir='ltr' id='par_1_121' title="bbox 2250 5706 3374 5781">
     <span class='ocr_line' id='line_1_121' title="bbox 2250 5706 3374 5781; baseline 0 -20"><span class='ocrx_word' id='word_1_707' title='bbox 2250 5707 2397 5776; x_wconf 75' lang='lat' dir='ltr'>(l58)</span> <span class='ocrx_word' id='word_1_708' title='bbox 2425 5706 2593 5763; x_wconf 84' lang='lat' dir='ltr'>Josue</span> <span class='ocrx_word' id='word_1_709' title='bbox 2621 5723 2698 5775; x_wconf 74' lang='lat' dir='ltr'>vx,</span> <span class='ocrx_word' id='word_1_710' title='bbox 2726 5707 2798 5761; x_wconf 75' lang='lat'>26</span> <span class='ocrx_word' id='word_1_711' title='bbox 2831 5724 2845 5774; x_wconf 91' lang='lat'><strong>;</strong></span> <span class='ocrx_word' id='word_1_712' title='bbox 2878 5707 2946 5761; x_wconf 89' lang='lat' dir='ltr'>Ill</span> <span class='ocrx_word' id='word_1_713' title='bbox 2984 5706 3115 5781; x_wconf 81' lang='lat' dir='ltr'>Reg.</span> <span class='ocrx_word' id='word_1_714' title='bbox 3142 5722 3252 5777; x_wconf 78' lang='lat' dir='ltr'>xvi,</span> <span class='ocrx_word' id='word_1_715' title='bbox 3283 5707 3374 5761; x_wconf 73' lang='grc'>34.</span> 
     </span>
    </p>
   </div>
  </div>
