3970 6200
207 248 317 301 5‘29

714 244 796 298 DE
833 241 1193 298 TRIUMPHIS
1234 240 1488 296 CHRISTI
1531 243 1611 296 ET
1652 245 1744 298 SS.
1789 240 2196 298 PALrESTlNA'I
2236 239 2408 294 LIBRI
2450 238 2634 293 TRES.
2678 271 2747 280 ——
2791 239 2913 294 LIB.
2958 240 3049 295 111.

3447 239 3551 295 530

208 377 311 430 Pro
335 375 538 446 quibus
559 371 852 427 effundens
880 372 1146 441 lacrymas
1175 371 1558 442 Christumque
1580 382 1818 442 precata,
1858 379 1911 444 Α
1941 372 2184 442 HOSpitio
2217 370 2383 424 nimis
2421 376 2653 441 angusto
2688 375 2797 422 tres
2829 368 2981 441 degit
3013 369 3064 423 in
3094 383 3270 422 annos

210 471 372 524 Fessa
408 467 552 534 licet,
587 473 829 522 montem
861 464 1097 537 pedibus
1130 467 1507 520 conscendere
1537 469 1758 537 gaudet,

209 563 270 616 ln
293 560 450 628 cujus
480 558 720 631 geminis
749 565 972 613 centum
1002 557 1103 611 sub
1144 564 1394 628 tempore
1424 560 1593 627 pestis

210 653 440 707 Abdiam
475 651 756 722 specubus
787 656 1000 705 constat
1023 649 1238 719 pavisse
1267 650 1582 720 prOphetas,

210 743 343 796 lnde
371 741 462 812 pio
487 740 694 811 petitur
714 738 929 794 Domini
961 738 1235 793 nutricula
1254 755 1443 809 gressu

207 831 434 893 Nazara,
470 835 694 899 tumque
725 829 868 882 Cana
901 827 1414 897 Capharnaumque,
1448 845 1669 897 capace.

206 919 501 989 Signorum
544 915 767 980 Christi,
807 923 1061 986 stagnum
1094 931 1314 986 quoque
1345 916 1653 972 Tiberiadis

207 1010 435 1084 Navigio
465 1017 696 1075 sectum,
726 1007 850 1061 divo
882 1013 1146 1076 sectuque
1178 1017 1450 1061 sacratum

205 1102 404 1154 Vastus
433 1099 501 1152 ab
528 1097 657 1151 inde
697 1097 870 1159 locus,
902 1095 1108 1150 satians
1131 1096 1223 1150 ubi
1252 1095 1423 1150 millia
1453 1097 1702 1169 quinque

207 1193 452 1247 Panibus
481 1208 545 1244 ex
575 1190 783 1260 quinis,
817 1189 900 1243 bis
921 1205 1014 1243 sex
1046 1205 1198 1243 sacra
1227 1189 1441 1242 vascula
1475 1190 1696 1259 replens

211 1283 501 1354 Relliquiis
529 1281 791 1336 Dominus
821 1281 1142 1350 superantia
1171 1281 1318 1334 dona
1352 1282 1568 1351 reponit

210 1372 531 1444 Discipulis,
556 1372 751 1444 vulgus
777 1387 897 1441 qua?
925 1371 1164 1424 condere
1186 1379 1372 1425 ventre
1405 1371 1686 1442 nequibat.

281 1461 509 1517 Scandit
565 1459 771 1514 deinde
831 1459 1064 1527 Thabor,
1123 1476 1378 1531 superam
1433 1477 1542 1532 quo
1601 1461 1833 1530 prodere

1512 1553 1760 1623 [formam

208 1643 555 1714 Complacuit
586 1641 818 1698 Domino
850 1639 1058 1695 cmlesti
1090 1639 1210 1694 luce
1243 1639 1555 1696 micantem.

213 1738 452 1791 llermon
498 1733 945 1804 llermoniimque
979 1731 1174 1786 videns
1207 1734 1310 1786 lata
1337 1740 1390 1786 et
1419 1732 1652 1786 Galilzeze

211 1831 356 1884 Rura
386 1836 570 1892 tuens,
611 1829 818 1898 Sysara:
853 1826 1054 1880 Barach
1097 1826 1350 1880 vincente
1386 1826 1688 1898 phalanges

210 1920 322 1984 Qua
354 1925 560 1984 strata',
588 1918 873 1987 rivumque
898 1916 1057 1969 Cison
1082 1915 1198 1969 lora
1217 1916 1380 1985 plana
1407 1923 1682 1970 secantem
1707 1934 1720 1981 ;
1749 1941 1757 1948 -

201 2013 334 2066 Tum
371 2027 700 2082 peremensa
741 2009 916 2075 Naim,
944 2009 1123 2063 vidum
1156 2025 1296 2063 nova
1329 2010 1530 2080 gaudia
1563 2018 1824 2079 tractans,

201 2101 449 2156 Destinat
479 2100 768 2173 [Egyptum
807 2100 1010 2168 legere,
1055 2098 1330 2168 pauloque
1359 2099 1561 2154 resistit

127 2241 134 2246 .
201 2191 276 2244 Ad
310 2190 520 2245 fontem
557 2189 648 2260 qui
679 2189 913 2242 maxilla»
946 2188 1014 2241 de
1046 2188 1209 2241 dente
1239 2187 1427 2242 molari

199 2279 712 2334 ProfluusArcadize
733 2279 994 2333 torrentia
1024 2278 1237 2332 viscera
1271 2280 1505 2344 mulcet;

199 2371 606 2440 ltlorasliimque
648 2370 795 2424 videt
828 2370 1014 2424 MlChﬂl
1049 2370 1297 2424 studiosa
1323 2371 1657 2441 sepulcrum.

195 2465 310 2517 .lam
343 2479 498 2516 nunc
524 2463 834 2524 ecclesiam,
868 2462 948 2516 sic
972 2461 1155 2515 fertur
1195 2462 1251 2515 in
1283 2479 1409 2516 arva
1443 2463 1646 2534 (laqui

197 2553 380 2606 Visere
419 2550 648 2604 diffusos
680 2550 850 2604 eremi
893 2549 1113 2622 lateque
1149 2557 1401 2620 patentes

197 2645 473 2698 Virtutum
509 2657 735 2712 campos
767 2642 1028 2696 mirorum
1061 2643 1272 2696 semine
1310 2643 1468 2696 fetos.

199 2739 457 2809 Quinque
491 2738 660 2792 urbes
701 2736 942 2804 Pharias,
974 2737 1306 2793 Chanaatide
1337 2754 1471 2792 voce
1515 2739 1823 2810 loquentes.

201 2831 408 2884 Gessen
438 2829 826 2899 Tapsucosque
859 2829 952 2882 Dei
983 2829 1214 2882 Nilotica
1236 2845 1363 2882 rura

201 2924 326 2988 Qua)
361 2922 571 2977 summi
599 2921 769 2987 jussis
793 2921 1005 2992 Moyses
1028 2921 1325 2992 splendore
1355 2921 1678 2992 triumphat,

197 3009 475 3066 Percurrit
506 3009 703 3064 celeris
735 3009 908 3063 celsas
939 3010 1187 3080 amplexa
1217 3009 1500 3063 columnas

200 3102 459 3156 Ecclesim
502 3099 725 3170 Christi,
756 3099 1104 3170 pedibusque
1149 3100 1462 3154 advolvitur
1494 3101 1685 3153 horum

203 3190 321 3255 Qui,
357 3189 568 3242 mundo
592 3188 835 3258 profugi,
871 3188 1411 3258 superantsublimia
1440 3190 1651 3254 mundi,

203 3278 387 3333 Obviat
428 3277 672 3332 Isidorus
707 3279 912 3346 primas
942 3287 1276 3349 sanetusque
1308 3279 1566 3333 sacerdos

205 3370 263 3422 ln
306 3369 499 3424 Nitriae
532 3375 717 3438 partes
735 3368 1054 3434 confessor;
1097 3369 1275 3423 eidem

204 3460 456 3515 lilacharii
485 3466 804 3530 prOperant,
823 3460 1060 3525 Arsetes,
1081 3461 1430 3530 Serapiones.

206 3550 310 3605 llos
339 3565 594 3613 cernens,
626 3549 918 3603 Dominum
949 3566 1076 3602 vere
1099 3567 1157 3603 se
1185 3566 1415 3603 cernere
1437 3551 1630 3618 credit,

207 3641 474 3710 Quodque
509 3637 782 3708 impendit
814 3638 913 3705 eis,
945 3639 1148 3712 gaudet
1180 3640 1498 3710 dependere
1525 3641 1757 3706 Christo,

213 3731 318 3784 llac
348 3743 572 3800 quoque
603 3729 827 3800 legisset
862 3730 1088 3803 regione
1129 3730 1333 3801 quietis
1365 3731 1627 3785 honorem

208 3821 267 3873 Ni
309 3819 576 3875 desiderii
608 3829 793 3874 votum
818 3821 933 3875 loca
963 3829 1148 3876 sancta
1177 3831 1454 3887 tenerent;

207 3917 281 3969 Ad
315 3934 439 3988 qua:
484 3932 584 3969 ceu
613 3915 812 3985 pennis
841 3917 1027 3987 pernix
1061 3918 1320 3972 remeavit
1351 3918 1545 3973 avinis.

213 4009 380 4080 inque
405 4025 616 4064 sacram
651 4017 860 4063 remeat
889 4011 1134 4064 Bethlem
1169 4028 1421 4064 mansura
1451 4028 1727 4082 perenne;

1938 465 2001 516 At
2033 464 2188 517 tollat
2223 463 2400 516 donec
2423 461 2688 531 cellisque
2728 459 3189 530 monasteriisque

1937 555 2176 609 Sollicite
2200 555 2436 609 fabricas
2468 554 2695 609 diversis
2727 554 2919 608 usibus
2946 560 3118 623 aptas.

1937 646 2284 718 Diversisque
2315 646 2619 717 peregrinis
2645 644 2956 699 habitacula
2998 643 3199 698 condat

1935 738 2125 809 Ampla
2152 739 2291 792 viam
2307 739 2481 806 juxta,
2512 738 2743 792 veniens
2765 754 2871 808 qua
2890 736 3078 791 cmlica
3101 736 3264 809 Virgo

1936 826 2236 897 Hospitium
2277 827 2478 896 Joseph
2512 827 2780 881 eomitans
2803 842 2911 880 non
2942 826 3185 894 repperit
3211 825 3361 878 olim.

1933 914 2060 968 Nam
2095 916 2498 970 xenodochium
2523 915 2710 970 statuit
2737 914 2982 969 studiosa
3003 915 3268 980 virorum,

1933 1002 2334 1074 Virgineusque
2367 1004 2562 1058 choros
2593 1011 2764 1058 certat
2797 1003 3090 1073 disponere
3122 1003 3335 1069 turmis,

1934 1095 2107 1164 Atque
2140 1094 2491 1148 monasteriis
2523 1094 2795 1149 famulans
2825 1111 2964 1165 quos
2995 1095 3186 1148 ultima
3215 1095 3370 1159 rexit,

1937 1188 1999 1241 Ut
2027 1189 2231 1242 servire
2262 1189 2434 1260 magis
2459 1189 2598 1242 hanc
2630 1205 2792 1259 quam
2816 1189 3301 1259 przeessevideres.

2008 1277 2135 1330 Cum
2181 1294 2328 1330 mare
2362 1277 2620 1332 defuncto
2653 1278 2804 1331 nullo
2835 1277 2947 1331 edit
2975 1277 3042 1329 ab
3071 1277 3199 1329 inde
3228 1276 3446 1340 marito,

1937 1367 2194 1431 Quamvis
2225 1368 2327 1422 hoc
2351 1375 2543 1420 saneto
2567 1366 2783 1420 virtutis
2811 1367 2861 1419 in
2887 1381 3012 1419 arce
3033 1364 3314 1435 probaret.

1936 1456 2045 1510 Nec
2074 1463 2195 1526 post
2228 1455 2423 1509 balnea
2456 1455 2580 1508 linis
2601 1455 2768 1509 fracta
2785 1470 2986 1524 vapore
3008 1453 3265 1507 levatur"

1932 1549 2111 1605 Mollia
2142 1568 2251 1604 non
2277 1551 2464 1605 habuit
2495 1551 2638 1621 lecti,
2663 1551 2767 1605 nisi
2796 1551 3224 1621 febribnsa'egra,

1934 1643 2107 1696 Strata
2131 1643 2338 1708 cilicio;
2373 1659 2598 1698 somnos
2619 1643 2780 1698 dabat
2804 1660 2997 1713 aSpera
3032 1647 3225 1701 tellus:

1934 1731 2306 1802 Noctibusque
2335 1740 2387 1786 et
2419 1732 2688 1803 requiem,
2731 1733 2952 1803 requies
2982 1735 3026 1787 si
3055 1735 3152 1788 rite
3184 1745 3410 1791 vocatur

1933 1826 2045 1889 Qua
2077 1828 2453 1900 con)ungebat
2485 1829 2734 1899 p.ecibus
2778 1837 3075 1904 noctesque
3115 1830 3366 1901 diesque,

1933 1912 2237 1968 lnfundens
2269 1915 2516 1986 lscrymis
2549 1933 2720 1970 cunas
2752 1917 2951 1987 pietate
2984 1919 3241 1989 profusis.

1932 2001 2128 2055 Crebra
2159 2004 2264 2073 piis
2295 2005 2503 2058 ducens
2537 2006 2739 2075 pariter
2763 2006 2973 2074 jejunia
3000 2008 3139 2061 votis

1929 2089 2120 2144 Omnia
2153 2094 2490 2163 panperibus
2521 2095 2789 2161 tribuens,
2820 2094 2878 2149 fit
2907 2097 3071 2150 rebus
3101 2114 3275 2169 egena

1930 2181 2200 2247 Terrenis,
2235 2186 2422 2255 superi
2442 2187 2687 2256 10000108
2717 2188 2813 2241 sed
2837 2189 3078 2243 culmine
3104 2190 3258 2243 doni.

1932 2274 2061 2326 Nam
2096 2275 2288 2329 docilis
2318 2279 2544 2332 memori
2576 2279 2882 2349 Scripturas
2909 2287 3088 2334 mente
3120 2282 3346 2352 gerebat

1933 2365 2154 2420 Divinas
2185 2369 2481 2436 meditans,
2509 2371 2559 2424 in
2590 2371 2670 2424 eis
2697 2373 2983 2444 aenigmata
3015 2371 3152 2426 luris

1933 2463 2300 2515 Instrumenta
2333 2463 2480 2528 novi,
2508 2464 2707 2518 veteris
2734 2481 2954 2536 quoque
2978 2465 3250 2536 dogmatis
3283 2464 3403 2535 ipso

1931 2552 2138 2606 1100811..
2177 2553 2505 2623 Hieronymo
2538 2555 2740 2608 celebri
2765 2556 3011 2610 tradente
3044 2556 3306 2629 magistro

1932 2642 2248 2696 llebraieam
2282 2644 2472 2696 didicit
2503 2645 2763 2718 linguam,
2794 2663 3051 2701 sermone
3085 2647 3318 2700 canebat

1931 2736 2194 2791 llebraico
2220 2739 2478 2807 psalmos,
2503 2742 2875 2814 genuina'hos
2905 2759 3036 2797 voce
3067 2743 3368 2805 resultans;

1930 2828 2214 2900 Eloquium
2235 2831 2380 2886 Latio
2403 2848 2628 2905 gramen
2661 2833 2956 2888 sine'more
2989 2834 3243 2899 sonabat,

1931 2919 2196 2974 Virtutum
2229 2923 2391 2976 rutila
2420 2923 2689 2978 variarum
2724 2925 2844 2978 luce
2877 2924 3106 2989 nitebat,

1854 3019 1901 3085 Ο
1935 3012 2282 3067 Edstocbium
2318 3022 2560 3088 gnatam,
2595 3017 2712 3071 solo
2743 3034 2852 3088 quo
2885 3032 3111 3071 munere
3140 3015 3308 3071 ditem

1933 3103 2110 3174 Liquit
2150 3114 2202 3157 et
2225 3111 2462 3173 Optatam
2493 3107 2558 3158 ad
2592 3107 2821 3176 patriam
2843 3107 3086 3175 joeuuda
3122 3108 3367 3162 recessit.

1934 3190 2174 3262 Cumque
2201 3201 2483 3264 rogaretur
2505 3196 2746 3248 moriens
2768 3204 3021 3250 utrumne
3049 3197 3266 3251 dolores

1931 3282 2188 3347 Sentiret,
2226 3283 2403 3336 retulit
2429 3283 2503 3335 nil
2536 3299 2593 3336 se
2626 3285 2830 3338 sentire
2863 3287 3191 3341 molestum:

1935 3377 2136 3431 Cuncta
2168 3378 2354 3448 quieta
2395 3377 2520 3446 sibi,
2545 3377 2656 3445 jam
2689 3387 2885 3434 cuncta
2924 3397 3119 3434 serena
3158 3380 3368 3446 videri;

1933 3466 2133 3537 Sicque
2175 3483 2393 3520 erucem
2425 3467 2584 3520 labiis
2613 3469 2765 3540 digiti
2797 3471 3175 3525 moderamine
3205 3470 3382 3546 pingit

1933 3562 2245 3632 Emittitque
2277 3563 2537 3628 animam,
2568 3563 2691 3616 ('(nli
2723 3573 2933 3619 secreta
2961 3573 3256 3636 petentem.

1933 3654 2258 3709 Pontificum
2302 3655 2559 3709 manibus
2587 3654 2843 3710 feretrum
2888 3658 3142 3712 translata
3176 3659 3474 3726 ferentum,

1935 3747 2161 3801 Ponitur
2190 3747 2243 3800 in
2279 3748 2458 3801 media
2490 3748 2768 3819 speluncae
2799 3750 3009 3803 0008110
3041 3750 3237 3806 Christi

1936 3836 2196 3890 Ecclesia.
2231 3837 2455 3902 Quimus
2488 3855 2609 3891 cum
2644 3838 2973 3909 Hieronymo
3004 3855 3133 3912 ergo
3155 3841 3369 3897 beatam

1937 3926 2302 3999 Martyrioque
2335 3935 2649 3984 coronatam
2678 3944 2804 3982 vere
2842 3928 3006 3981 edere
3040 3927 3223 4002 longo.

1030 4202 1528 4290 INCIPIT
1616 4203 2007 4288 LlBER
2098 4143 2724 4289 TERTIUS.

1617 4378 1823 4434 CAPUT
1871 4381 2028 4435 PR1}!
2041 4380 2151 4436 U31.

1101 4508 1172 4565 De
1200 4510 1429 4567 simclis
1462 4509 1737 4582 Eusebio,
1776 4510 1940 4568 Peleo
1972 4517 2022 4568 et
2053 4510 2225 4588 .Nil'),
2261 4508 2655 4583 nmrlyribus.

211 4645 481 4698 Praaterea
495 4642 684 4696 multis
715 4643 810 4696 ista
836 4642 1028 4696 tellure
1060 4641 1353 4710 triumphis

213 4733 487 4787 linituisse
523 4733 695 4802 liquet
723 4740 945 4786 sanctos
984 4731 1278 4786 formidine
1307 4733 1466 4788 victa.

211 4824 484 4877 Eusebius
505 4823 745 4892 qundam,
780 4821 906 4876 fidei
937 4822 1166 4877 devotus
1195 4825 1466 4890 alumnus,

211 4915 244 4964 Λ
280 4913 512 4966 custode
544 4913 829 4966 Palaestina
863 4929 960 4984 pro
1002 4915 1226 4968 nomine
1271 4916 1462 4971 Christi

206 5005 430 5069 Tcntus,
455 5012 728 5059 tormento
756 5005 992 5076 primum
1023 5006 1296 5061 cruciatur
1315 5009 1520 5078 equino

207 5092 333 5148 Post
356 5094 556 5165 jugulo
589 5093 800 5164 plexus,
834 5094 1031 5164 capitis
1053 5094 1154 5148 sub
1181 5095 1367 5150 fenore
1401 5097 1510 5150 dite

1849 4647 1904 4713 Ι)
1932 4643 2169 4714 Martyrii
2193 4643 2425 4713 sumpsit
2453 4642 2714 4696 etclorum
2750 4636 2970 4708 priemia
3006 4649 3188 4704 pinna,

1931 4734 2154 4809 Augusti
2188 4734 2380 4804 quinto
2404 4733 2618 4789 decimo
2648 4731 2793 4802 quod
2831 4729 2947 4783 sole
2981 4726 3193 4779 dicatur

1933 4827 2040 4880 llac
2072 4826 2242 4895 patria
2274 4832 2563 4896 torquente
2595 4824 2714 4895 pios
2749 4818 3084 4874 Diocletiano

1932 4915 2221 4971 Pontifices
2243 4915 2437 4969 Christi
2463 4914 2765 4984 Peleusque
2803 4910 3066 4979 Nilusque
3087 4907 3336 4961 feruntur

1932 5006 2158 5081 Agmine
2200 5021 2320 5059 cum
2350 5005 2479 5058 cleri
2502 5006 2698 5059 cmlum
2729 5003 2954 5074 petiisse
2985 5016 3080 5070 per
3111 4998 3266 5070 ignes

1934 5099 1993 5152 Et
2022 5096 2252 5153 Domino
2280 5113 2338 5150 se
2371 5113 2467 5166 pro
2501 5095 2719 5166 populis
2751 5094 3065 5149 holocausta
3094 5089 3330 5144 dedisse.

1721 5230 1929 5285 CAPUT
1972 5234 2038 5287 ll.

678 5329 756 5386 De
784 5328 1050 5405 Asclepio
1083 5332 1373 5406 episcopo,
1419 5330 1667 5390 Eusebio
1699 5347 1958 5407 quoque,
1998 5333 2274 5392 Nectario
2308 5333 2657 5405 Zenonrque
2691 5330 3083 5404 martyribus.

208 5439 461 5492 Cazenus
491 5435 620 5491 ﬁdei
653 5437 982 5511 impugnans
1011 5439 1293 5508 Aselepius
1333 5441 1519 5494 hostes

210 5529 431 5584 Pellitur
463 5528 686 5592 invidia,
712 5528 1064 5598 Romanaque
1094 5528 1359 5599 regimina
1389 5528 1567 5582 fidens

208 5623 441 5679 Justitiw
474 5621 709 5693 fulgore,
742 5620 894 5690 petit,
925 5639 1044 5691 quae
1071 5623 1249 5677 Julius
1275 5638 1430 5690 aequa

1931 5443 2113 5497 Lance
2137 5443 2362 5509 librans,
2393 5441 2621 5512 sedique
2652 5438 3078 5509 ministerioque
3103 5438 3384 5502 reformat,

1928 5533 2154 5588 Aetores
2185 5535 2438 5604 culpatis,
2471 5529 2805 5600 monitisque
2826 5528 3102 5599 minisque
3120 5543 3404 5590 coercens,

1931 5627 2199 5681 Eusebius
2240 5629 2346 5692 hic,
2391 5626 2671 5682 Nectarius
2700 5627 2991 5696 Zenonque
3026 5624 3387 5694 triumplmut.
