3970 6200
432 260 529 314 531

432 415 727 480 Gazenses,
756 425 895 483 quos
933 409 1256 464 verberibus
1277 408 1584 479 vinclisque
1612 406 1842 479 fatigant

408 494 604 576 Impia
632 504 781 575 quod
812 502 1007 558 studiis
1028 502 1223 557 horum
1257 500 1366 554 sint
1397 507 1561 555 strata
1593 500 1834 565 sacella;

434 598 686 651 I’ustibus
720 596 1015 659 intersunt,
1052 594 1261 647 laceros
1293 593 1548 663 saxisque
1574 599 1827 665 gravatos

433 691 508 744 Ac
538 688 770 743 cerebro
797 686 1073 757 demptos,
1098 684 1472 739 membrorum
1497 694 1692 739 caetera
1718 682 1955 737 flammis
1994 724 2003 729 -

434 778 573 831 Dant
608 777 1089 845 iumentorumque
1130 782 1324 827 serunt
1353 772 1515 827 mista
1554 772 1775 827 ossibus
1805 787 1953 835 ossa,

435 871 562 934 Quaa
594 882 798 939 supero
829 866 1027 921 mulier
1056 864 1267 919 monitu
1297 879 1661 935 quaarensque
1691 865 1993 937 legensque

437 963 660 1035 Delegat
691 958 1039 1014 manifestato
1069 974 1166 1028 per
1191 957 1307 1012 visa
1337 956 1582 1011 sobrino.

439 1056 503 1108 At
535 1055 678 1107 Zeno
703 1051 988 1122 accipiens
1019 1052 1307 1105 charorum
1341 1049 1572 1122 pignora
1603 1048 1829 1101 fratrum

437 1142 598 1197 Tecta
630 1140 780 1197 domi
808 1146 1007 1207 servat,
1037 1140 1167 1192 dum
1201 1137 1403 1208 praesul
1436 1137 1489 1189 in
1519 1136 1655 1190 urbe
1678 1135 1892 1190 dicatus

442 1229 674 1285 Basilica
713 1234 920 1284 structa
950 1226 1152 1283 sociari
1181 1226 1267 1280 his
1297 1226 1523 1281 Nestora
1555 1230 1748 1291 certat,

1174 255 1543 310 FLODOARDI
1584 254 1889 310 CANONlCl
1932 253 2261 308 REMENSIS
2302 253 2642 309 OPUSCULA
2685 253 2994 308 METBICA.

3682 260 3785 318 532

2076 393 2125 459 Α
2155 387 2254 453 Qui
2284 386 2417 441 belli
2457 402 2645 443 comes
2673 388 2934 461 egregius
2962 403 3304 463 consorsque
3332 406 3557 448 coronae

2153 483 2412 554 Corporis
2438 482 2506 537 ad
2545 482 2788 552 speciem
2828 483 2959 537 dum
2990 483 3211 555 spirans
3246 486 3441 542 ultima
3471 488 3683 545 missus

2158 577 2375 630 Zenone
2395 574 2633 630 sollicite
2665 590 2850 629 curam
2875 583 3169 646 prmstante
3202 576 3436 644 favetur,

2162 659 2366 722 Emicat
2397 666 2662 721 emeritus
2694 666 2935 737 ecelique
2965 666 3205 737 capessit
3234 668 3528 741 honorem.

2164 759 2404 815 Antistes
2432 758 2614 813 Zenon
2654 773 2879 830 quoque
2918 759 3274 815 centenarias
3302 762 3467 817 almis

2166 852 2372 908 Officiis
2394 849 2745 917 indeficiens,
2770 852 3059 908 sollemnis
3087 859 3141 909 et
3168 860 3376 919 astans,

2166 942 2277 997 Nec
2305 941 2489 997 minor
2518 940 2803 1011 aspicitur,
2820 941 3072 1013 requiem
3105 958 3209 999 nec
3237 944 3437 1000 ritibus
3462 945 3654 1003 affert.

2166 1036 2297 1090 .lure
2325 1032 2562 1089 maritali
2598 1041 2848 1089 ternotus
2870 1034 3124 1106 jungitur
3152 1034 3255 1104 eis,

2172 1125 2305 1181 Iluic
2333 1124 2491 1179 trinas
2522 1124 2745 1198 genitor
2768 1124 2995 1190 sobolis,
3030 1125 3119 1179 hic
3146 1124 3309 1181 laude
3334 1126 3606 1198 sophistas

2171 1214 2479 1282 Excellens,
2510 1213 2760 1285 actisque
2800 1212 3040 1269 animam
3072 1214 3369 1271 virtutibus
3398 1230 3631 1271 ornans.

1948 1316 2158 1373 CAPUT
2199 1314 2291 1369 III.

1664 1429 1743 1488 De
1785 1434 1990 1486 sancto
2033 1424 2356 1483 llilarione
2396 1418 2591 1493 (159).

443 1544 596 1597 Patre
627 1538 970 1595 Palaestinam
1000 1538 1200 1594 claram
1236 1538 1517 1593 llilarione
1549 1536 1808 1602 feramus,

443 1631 833 1700 Hieronymum
866 1645 974 1700 que
1003 1629 1200 1682 ducem
1230 1627 1353 1681 vita:
1382 1627 1436 1680 in
1465 1642 1724 1681 sermone
1750 1641 2063 1696 sequamur.

442 1718 643 1773 Scribit
664 1718 754 1771 hic
776 1722 999 1771 exortus
1031 1716 1270 1787 primum
1303 1721 1361 1770 ut
1388 1716 1511 1771 vico
1536 1731 1709 1786 pr0pe
1739 1715 1956 1781 Gazam,

440 1806 681 1862 Millibus
712 1812 764 1860 et
794 1805 984 1878 quinis
1007 1804 1229 1859 distanti
1263 1805 1539 1860 moenibus
1571 1803 1746 1871 urbis,

442 1900 676 1955 Nomine
695 1900 953 1965 'I‘havata,
987 1905 1170 1969 partes
1210 1898 1302 1969 qui
1337 1897 1560 1968 respicit
1590 1896 1778 1950 austri.

446 1992 715 2048 Evolvens
743 1990 984 2061 reliquos
1022 1990 1146 2044 vitae
1179 2006 1242 2044 ac
1271 1989 1481 2044 virtutis
1505 2004 1711 2062 agones

445 2085 540 2139 Hic
567 2083 717 2138 velut
738 2081 962 2152 espinis
992 2080 1252 2135 redolens
1284 2097 1406 2134 rosa
1446 2080 1617 2153 surgit
1646 2078 1839 2145 acutis,

449 2173 799 2246 Sculptilium
831 2174 980 2230 cultu
1008 2176 1166 2230 saevis
1195 2174 1538 2248 genitoribus
1568 2180 1741 2240 ortus,

450 2266 799 2322 Erudiendus
830 2267 1126 2321 Alexandri
1156 2266 1547 2322 transmittitur
1574 2264 1697 2319 urbi

450 2362 983 2434 Grammaticamque
1012 2363 1147 2417 catis
1174 2362 1367 2417 didicit
1407 2361 1726 2416 doctoribus
1757 2368 1960 2415 artem:

450 2451 716 2506 Omnibus
747 2456 801 2504 et
828 2451 1028 2505 charus
1060 2450 1297 2505 studium
1331 2465 1627 2520 moresque
1659 2449 1892 2503 calebat.

450 2545 682 2619 Egregia
713 2546 823 2601 ritu
852 2544 1048 2600 Christi
1080 2562 1139 2599 se
1168 2545 1405 2599 cultibus
1436 2543 1636 2597 indens

445 2633 769 2706 Affectuque
797 2633 889 2705 pio
917 2632 1191 2686 meditans
1222 2632 1277 2685 in
1312 2632 1622 2706 relligionis
1650 2647 1861 2687 amore.

446 2724 666 2779 Antonii
693 2739 893 2779 nomen
928 2722 1135 2778 celebri
1165 2738 1383 2777 rumore
1414 2721 1655 2792 capessit

448 2819 634 2873 Visere
656 2834 821 2890 quem
854 2816 1088 2881 fervens,
1116 2832 1362 2870 eremum
1398 2816 1556 2885 petit,
1590 2822 1759 2887 utque
1792 2815 2003 2886 positus

448 2904 675 2972 Eﬂ'ectu,
700 2906 859 2961 solita
880 2911 1124 2959 mutatur
1148 2912 1299 2958 veste
1323 2903 1543 2958 duobus

446 2997 745 3065 Mensibus,
778 2997 866 3052 hic
891 2997 1045 3065 juxta
1074 2995 1347 3051 recubans
1379 3002 1545 3067 atque
1574 2995 1743 3051 ardua
1776 2996 2005 3071 signans

449 3088 732 3144 Castorum
764 3089 964 3143 seriem
998 3103 1206 3143 morum
1240 3103 1558 3160 normmque
1590 3095 1863 3155 tenorem,

450 3182 619 3245 Quam
652 3180 788 3237 foret
818 3181 1027 3236 orando
1049 3179 1323 3247 assiduus,
1357 3179 1687 3234 summissus
1716 3180 1969 3234 alumnos

451 3275 759 3347 Excipiens,
781 3291 1017 3346 acerque
1035 3290 1291 3341 monens,
1313 3274 1607 3346 alacerque
1637 3275 1964 3337 cohortaris;

450 3364 727 3435 Asperitas
757 3363 934 3435 qualis
966 3362 1093 3416 huic
1122 3362 1507 3433 propositique
1541 3362 1780 3434 cibique.

452 3459 529 3512 Ad
560 3456 790 3528 patriam
824 3464 946 3526 post
969 3457 1086 3511 ha‘c
1116 3456 1400 3511 monachis
1431 3456 1643 3531 collega
1675 3456 2002 3528 quibusdam

452 3548 738 3604 Defunctis
768 3547 991 3602 rediens
1034 3554 1185 3618 patre
1218 3547 1444 3618 jamque
1476 3554 1529 3601 et
1560 3553 1749 3614 matre,
1784 3547 2005 3602 decenti

454 3641 744 3711 Dispensat
772 3638 1000 3693 dimissa
1032 3639 1140 3694 sibi
1172 3638 1505 3710 patrimonia
1529 3639 1677 3707 jure,

454 3732 729 3787 Fratribus
770 3740 824 3786 et
864 3738 1093 3802 partem,
1118 3737 1324 3801 partem
1356 3729 1587 3803 largitur
1612 3731 1825 3803 egenis,

454 3824 537 3879 Nil
568 3823 787 3879 sibimet
816 3838 1060 3877 servans.
1089 3822 1191 3876 Ter
1214 3821 1414 3893 quinos
1446 3822 1628 3876 nudus
1650 3830 1703 3877 et
1734 3839 1909 3878 annos

454 3915 590 3967 Dum
621 3911 780 3986 regit,
813 3926 961 3964 arma
991 3926 1190 3983 gerens
1208 3909 1426 3976 Christi,
1459 3910 1680 3966 deserta
1702 3911 1932 3981 subivit,

457 4004 607 4060 Ilirto
637 4002 835 4059 ruralis
874 4008 1169 4072 coopertus
1199 4001 1441 4074 tegmine
1473 4002 1587 4075 sagi

459 4096 672 4151 Vestem
695 4092 1094 4165 pelliceamque
1119 4091 1322 4158 ferens,
1349 4092 1616 4148 Antonius
1643 4093 1721 4147 illi

457 4186 625 4252 Quam
657 4183 808 4239 dedit
848 4182 1115 4237 instructo
1140 4183 1274 4255 juga
1310 4182 1450 4239 ferre
1481 4185 1669 4239 suavia
1698 4185 1911 4242 Christi.

459 4281 644 4336 Carica
668 4279 780 4349 jam
811 4284 975 4333 noctu
1006 4277 1208 4333 fessum
1244 4285 1328 4333 ter
1356 4278 1527 4351 quina
1556 4280 1793 4335 cibabat.

459 4376 723 4440 Quattuor
751 4371 879 4427 huic
896 4371 1059 4426 annis
1088 4380 1252 4426 zestus
1279 4370 1608 4444 pluviasque
1638 4382 1900 4430 removet.

458 4466 703 4539 Angulus
742 4464 970 4540 Augusti
1002 4464 1544 4537 tuguriicasularqne
1586 4466 1817 4536 pusillae,

460 4560 604 4624 Quas
634 4557 787 4613 molli
813 4557 1011 4627 juncto
1042 4572 1166 4612 cum
1200 4556 1376 4611 carice
1406 4557 1538 4611 texit
1564 4566 1742 4613 acuta.

2170 1552 2354 1622 Usque
2389 1548 2535 1602 diem
2568 1547 2780 1611 mortis,
2815 1562 2919 1603 nec
2939 1546 2988 1602 ei
3018 1546 3314 1619 pretiosior
3341 1564 3592 1620 unquam

2170 1644 2287 1707 Quo
2320 1640 2494 1696 semel
2523 1639 2749 1695 indutus
2770 1639 2968 1707 fuerat,
3001 1656 3111 1696 non
3134 1656 3328 1697 saccus
3359 1642 3414 1696 in
3445 1642 3620 1696 undis

2170 1731 2297 1785 Post
2330 1731 2494 1794 lotus,
2530 1729 2787 1807 lacrymis
2819 1729 3003 1785 cordis
3033 1730 3138 1784 nisi
3169 1730 3323 1786 fonte
3354 1730 3627 1801 profusis.

2170 1822 2481 1894 Scripturas
2508 1828 2726 1877 sanctas
2754 1822 2958 1877 mentis
2987 1822 3264 1877 retinebat
3292 1823 3347 1876 in
3378 1839 3527 1890 area,

2093 1930 2145 1997 Β
2173 1917 2405 1987 Postque
2432 1930 2626 1986 preces
2648 1915 2887 1985 psalmos
2910 1915 3140 1970 Domino
3165 1921 3223 1969 nt
3246 1923 3523 1986 praesente
3540 1917 3800 1983 canebat,

2173 2004 2317 2075 (160)
2351 2004 2442 2059 Cui
2474 2010 2633 2057 natus
2664 2003 2759 2057 ubi
2790 2003 3053 2075 praeteriit
3082 2003 3381 2058 vicesimus
3411 2019 3600 2059 annus

2170 2094 2253 2147 Nil
2283 2092 2509 2164 epulum
2545 2100 2741 2164 prieter
2769 2092 2933 2146 lentis
2964 2092 3143 2147 tribus
3172 2094 3288 2148 edit
3317 2093 3375 2147 in
3407 2095 3606 2161 annis,

2170 2182 2388 2253 Frigida
2420 2198 2585 2253 quam
2618 2180 2782 2252 paulo
2813 2181 3092 2237 domitans
3132 2181 3508 2238 madefecerat
3538 2186 3725 2251 unda;

2170 2270 2306 2325 llinc
2334 2270 2508 2324 tribus
2538 2276 2623 2325 est
2652 2269 2775 2324 aliis
2804 2270 2939 2335 sale,
2973 2285 3115 2340 pane
3146 2269 3387 2325 refectus
3409 2278 3465 2327 et
3496 2274 3652 2327 unda
3677 2292 3693 2339 ;

2172 2361 2439 2424 Quattuor
2467 2366 2548 2413 est
2579 2366 2702 2431 post
2744 2359 2887 2414 hanc
2919 2359 3110 2414 herbis
3149 2361 3465 2432 agrestibus
3502 2379 3642 2417 usus

2176 2450 2544 2515 Quorumdam
2570 2450 2779 2519 junctis
2802 2449 3091 2506 fructicum
3120 2452 3402 2507 radicibus
3425 2469 3525 2508 esu
3551 2472 3568 2518 ;

2178 2541 2428 2612 Quinque
2457 2540 2659 2594 dehinc
2688 2555 2883 2611 panem
2916 2540 3111 2595 media;
3142 2541 3274 2596 dant
3299 2542 3513 2598 hordea
3546 2543 3704 2599 librae

2172 2632 2347 2701 Atque
2369 2628 2491 2684 olus
2512 2629 2720 2702 absque
2747 2629 2871 2684 oleo
2894 2630 3174 2685 modicum
3198 2638 3539 2704 coctumque
3562 2634 3799 2707 iugatur.

2175 2718 2404 2773 Lumina
2430 2718 2637 2773 deinde
2667 2718 2864 2773 videns
2888 2717 2995 2773 sibi
3025 2719 3263 2792 caligare
3294 2720 3490 2776 labore

2177 2810 2507 2880 Pumiceque
2536 2818 2719 2864 cutem
2748 2809 2950 2864 retrahi
2974 2811 3293 2867 scabiedine
3318 2812 3561 2884 quadam
3579 2855 3592 2867 .

2179 2899 2410 2955 Praefato
2452 2898 2698 2954 fomenta
2738 2898 2864 2955 cibo
2897 2899 3180 2974 conjungii
3212 2900 3373 2967 olivi;

2179 2993 2407 3064 Hocque
2449 3000 2641 3047 tenore
2672 2991 2782 3047 cibi
2814 2991 2943 3046 dum
2976 2992 3361 3066 sexagesimus
3393 2992 3475 3047 illi

2178 3083 2394 3138 Tertius
2419 3092 2474 3137 et
2502 3082 2629 3139 vitae
2661 3080 2970 3153 completur
2991 3080 3231 3152 pascitur
3261 3097 3465 3148 annus,

2180 3173 2447 3227 Praeterea
2485 3170 2663 3227 victus
2694 3171 2799 3225 sibi
2830 3170 2907 3225 nil
2939 3170 3239 3239 cujuslibet
3265 3187 3478 3246 augens

2177 3262 2265 3317 Sic
2292 3262 2631 3329 indefessus,
2674 3277 2795 3317 enm
2825 3261 2935 3330 jam
2966 3260 3070 3315 sibi
3102 3259 3297 3315 adesse
3337 3260 3601 3331 palestra:

2180 3354 2472 3428 Colligeret
2500 3360 2721 3420 metam,
2757 3353 2918 3424 panis
2943 3351 3247 3408 contemnit
3264 3351 3514 3422 ofellam,

2181 3445 2663 3517 Contemnensque
2694 3445 2814 3500 dies
2853 3445 3247 3516 octogenarius
3276 3445 3494 3516 implet,

2180 3537 2455 3591 lmmenso
2487 3534 2702 3591 fervore
2734 3534 2946 3602 calens,
2976 3533 3135 3607 quasi
3167 3534 3273 3590 tiro
3306 3535 3556 3589 duellum

2182 3627 2475 3698 Inciperet,
2506 3626 2654 3683 soliti
2683 3642 2793 3699 quo
2826 3634 3075 3698 tempore
3100 3641 3307 3697 ponere
3338 3626 3519 3681 multi.

2178 3717 2422 3789 Namque
2454 3716 2651 3782 farina,
2684 3715 2877 3770 herbis
2908 3731 3130 3787 quoque
3161 3715 3565 3771 sorbitiuncula
3596 3718 3733 3773 tritis

2179 3809 2370 3864 Editur
2397 3810 2651 3880 huncque
2674 3808 2867 3863 cibans
2890 3814 3042 3879 potat
3072 3807 3162 3863 vix
3194 3808 3359 3864 uncia
3390 3810 3584 3880 quina.

2178 3898 2378 3969 Sicque
2407 3896 2644 3968 implens
2672 3896 2872 3952 seriem
2903 3896 3048 3962 vitae,
3083 3895 3399 3952 nullatenus
3428 3907 3559 3952 ante

2179 3995 2348 4059 Quam
2371 3994 2453 4049 sol
2482 3991 2747 4048 occiduus
2782 3991 2965 4046 radios
3007 3992 3357 4065 immergeret
3376 3992 3545 4048 undis

2178 4087 2288 4141 Nec
2309 4085 2463 4141 festis
2491 4084 2800 4158 graviterve
2829 4083 3042 4139 cubans
3067 4083 3279 4153 jejunia
3295 4083 3478 4140 solvit.

2247 4197 2425 4252 Multae
2458 4212 2682 4266 parvum
2725 4195 2891 4262 acies,
2939 4195 3244 4251 certamina
3296 4196 3469 4251 multa
3504 4195 3797 4261 lacessunt,

2178 4291 2337 4343 Extra
2367 4297 2592 4343 externa
2625 4294 2873 4359 crepant,
2916 4287 3064 4342 intus
3100 4287 3285 4343 civilia
3315 4296 3599 4353 mussant;

2182 4376 2423 4430 Flamine
2455 4376 2551 4430 sed
2582 4377 2777 4431 doctus
2808 4392 3014 4448 supero
3043 4376 3165 4446 pius
3196 4376 3389 4430 intima
3417 4385 3654 4448 pressat,

2184 4464 2644 4536 Componensque
2676 4464 2847 4518 animi
2879 4464 3018 4520 sudo
3048 4465 3431 4520 moderamine
3462 4466 3654 4521 turbas

2184 4559 2415 4616 Conﬁcit
2453 4560 2765 4615 edomitans
2795 4561 3059 4616 lascivum
3092 4562 3340 4632 pondere
3369 4562 3629 4630 asellum,

460 4646 663 4703 Cellula
686 4651 808 4717 post
832 4645 1079 4711 struitur,
1114 4645 1351 4717 pedibus
1380 4661 1501 4716 qua":
1544 4653 1803 4716 quattuor
1826 4646 2008 4717 ampla
2102 4675 2159 4744 D
2186 4650 2405 4724 Frangit
2427 4658 2481 4705 et
2506 4656 2767 4705 extenuat
2794 4649 3182 4722 bellorumque
3204 4650 3398 4706 usibus
3423 4659 3598 4723 aptat.

460 4738 707 4795 Culmine
738 4736 983 4808 quinque
1010 4737 1213 4808 pedum
1245 4737 1536 4803 scandens,
1572 4737 1915 4793 summissior
1958 4739 2076 4808 ejus
2106 4736 2149 4744 “’
2176 4743 2374 4797 Suetus
2405 4742 2460 4795 in
2487 4742 2740 4809 internis,
2774 4742 2843 4796 ad
2863 4742 3099 4797 barbara
3118 4742 3314 4798 fortior
3341 4743 3457 4799 exit

458 4835 696 4900 Statura,
714 4833 947 4887 veniens
978 4832 1202 4886 humilis
1224 4838 1516 4903 caperetur
1541 4841 1599 4887 ut
1627 4832 1831 4904 hospes

461 4923 699 4994 Corpore
732 4921 863 4976 dum
894 4920 1141 4987 recubat,
1172 4921 1336 4991 paulo
1368 4936 1492 4992 quae
1534 4921 1751 4994 longior
1789 4928 1937 4977 esset

460 5018 630 5082 Quam
655 5029 767 5070 non
809 5028 928 5070 esse
953 5012 1199 5075 domum,
1234 5012 1504 5067 tumulum
1535 5014 1632 5069 sed
1665 5013 1803 5069 forte
1834 5022 2074 5085 putares.

380 5087 393 5099 ’
460 5106 706 5163 Paschali
735 5105 828 5160 ille
849 5104 940 5160 die
970 5105 1135 5161 modo
1169 5105 1498 5161 tondebatur
1527 5106 1583 5160 in
1604 5122 1774 5173 anno,

460 5198 577 5254 Non
608 5202 827 5251 mutans
857 5195 1095 5251 tunicam
1127 5196 1237 5251 nisi
1269 5213 1392 5253 cum
1431 5198 1653 5268 penitus
1695 5198 1843 5268 prior
1867 5204 2012 5253 esset

460 5287 523 5341 Iu
554 5285 754 5356 pannis
783 5284 1023 5341 resoluta
1048 5284 1254 5356 pioque
1283 5286 1575 5356 absumpta
1601 5284 1810 5340 labore.

459 5374 668 5429 Stratus
708 5373 936 5428 humum
978 5374 1180 5428 nudam
1205 5372 1487 5427 sternebat
1506 5372 1747 5441 junceus
1786 5374 1864 5428 illi

531 5487 672 5556 (159)
701 5487 836 5569 Vide
874 5487 1050 5569 sancti
1093 5486 1388 5569 Iliiarignis
1430 5486 1993 5569 ‘Vitaminter‘Qp-era
2021 5488 2075 5542 S.

460 5556 793 5631 Hieronymi,
825 5564 971 5612 tomo
1006 5561 1049 5631 II
1091 5557 1236 5631 init,
1258 5557 1591 5631 Batrologia:
1622 5564 1754 5613 tom.
1788 5556 1968 5613 XXIII.

532 5627 667 5695 (160)
726 5627 944 5684 Hieron.
1004 5630 1055 5683 in
1113 5627 1229 5682 Vita
1258 5627 1618 5682 Malchionis:
1675 5650 1700 5680 ι(
1752 5631 1788 5683 Λ
1821 5631 2080 5686 vicesimo

2178 4832 2328 4886 Bella
2356 4833 2577 4887 trahens
2608 4832 2780 4887 hostis
2803 4832 2972 4887 variis
3002 4833 3150 4888 hunc
3183 4841 3450 4903 provocat
3471 4834 3662 4897 armis,

2180 4924 2324 4978 Mille
2356 4924 2496 4994 petit
2526 4923 2704 4992 furtis,
2746 4923 3034 4996 impugnat
3073 4925 3225 4980 mille
3256 4925 3461 4981 duellis

2182 5015 2344 5070 Pusio
2375 5015 2524 5086 quod
2555 5016 2723 5091 vagit,
2757 5016 2842 5071 vel
2867 5016 3015 5087 quod
3047 5016 3375 5071 muliercula
3407 5018 3641 5093 plangit,

2183 5104 2333 5170 Quod
2359 5104 2535 5178 mugit
2560 5105 2679 5173 bos,
2712 5105 2860 5159 balat
2888 5105 3029 5170 ovis,
3061 5105 3209 5176 quod
3232 5105 3419 5161 bellua
3433 5107 3643 5179 gannit.

2181 5196 2477 5263 Admonet,
2505 5205 2671 5267 atque
2700 5196 3077 5266 pavendorum
3109 5203 3368 5267 portenta
3389 5214 3673 5263 sonorum,

2184 5288 2246 5341 Et
2275 5286 2534 5358 strepitus
2557 5287 2919 5342 exercituum.
2954 5287 3127 5352 Quem
3156 5303 3293 5344 voce
3323 5305 3553 5345 movere

2184 5380 2318 5433 Dum
2336 5378 2566 5450 ‘nequit,
2609 5377 2881 5434 horrificis
2902 5384 3075 5433 tentat
3094 5386 3455 5436 consternere
3484 5382 3643 5437 visis:

2182 5488 2359 5560 primo
2386 5503 2535 5560 anno
2574 5504 2747 5560 usque
2780 5488 2846 5542 ad
2900 5488 3222 5560 vicesimum
3253 5490 3575 5559 septimum,
3630 5490 3786 5546 tribus

2181 5558 2343 5634 annis
2370 5558 2674 5634 dimidium
2707 5560 2876 5634 lentis»
2916 5559 3214 5634 sextarium
3262 5558 3633 5619 madefactum
3662 5576 3786 5634 aqua

2182 5630 2382 5704 frigida
2412 5631 2674 5697 comedit,
2706 5641 2759 5686 et
2789 5631 2912 5686 aliis
2944 5631 3139 5697 tribus,
3167 5652 3193 5683 ι)
3231 5640 3339 5687 etc.
