3970 6200
493 267 599 326 535

1260 256 1623 310 FLODttAllDl
1669 254 1970 311 CANONICI
2014 249 2339 306 REMENSIS
2379 250 2715 306 OPUSCL’LA
2754 250 3063 307 METRICA.
3744 259 3838 315 536

494 396 602 449 Sed
634 408 816 463 neque
837 406 963 460 pars
981 403 1168 442 aversa
1195 384 1339 448 silet,
1363 383 1535 439 virtus
1561 384 1691 454 quia
1724 384 1932 437 Marnas
1954 383 2105 453 (l6l)
2134 389 2183 454 Α
2210 382 2291 435 Me
2323 388 2515 449 terres,
2542 382 2687 437 idem
2711 382 2766 437 in
2790 398 3012 456 magno,
3046 381 3140 454 qui
3172 382 3229 437 in
3243 384 3429 455 vulpe,
3450 387 3695 451 camelo,

492 483 783 550 Subjaceat
805 477 1015 531 Christo
1046 494 1059 541 ;
1093 473 1337 544 ﬁdeique
1368 472 1583 526 ecrasie
1615 473 1800 526 multis

494 579 603 633 Hoc
636 578 747 645 jam
779 582 885 628 tam
918 585 1155 642 prepere
1185 567 1455 640 prrefulsit
1488 573 1637 636 parta
1665 567 1967 637 triumpho.

562 669 768 743 Anguis
797 666 886 720 hic
909 662 1117 734 antiqui
1153 662 1295 715 vires
1322 660 1589 715 vacuabat
1627 667 1680 713 et
1708 667 1897 724 artem,

495 764 601 818 Nec
626 776 809 816 ceram
845 757 1022 829 posite
1052 753 1296 828 figmenti
1330 760 1571 807 monstra
1602 753 1879 807 valebant.

491 852 722 905 Sacrata:
757 845 979 916 juvenis
1001 842 1267 916 ﬂagrabat
1294 840 1520 912 virginis
1550 840 1699 914 igne,

494 944 726 1000 Ludicra
756 941 1093 1014 prattulerat,
1125 937 1222 992 sed
1256 936 1508 1009 frangere
1536 943 1658 990 veta
1687 934 1970 1007 nequibat.

495 1037 644 1092 llaud
667 1051 831 1110 grave
850 1032 1001 1086 ducit
1048 1032 1151 1084 iter
1178 1028 1530 1098 Memphitem
1561 1028 1791 1081 tendere
1815 1027 1867 1080 in
1898 1026 2114 1093 urbem,

492 1130 856 1196 Armaturque
888 1122 1029 1177 dolis
1054 1121 1253 1175 Cluisti
1283 1126 1341 1174 ut
1371 1136 1630 1189 superare
1662 1117 1867 1172 monile

494 1219 808 1274 Praevaleat.
842 1215 1034 1269 Telum
1073 1212 1230 1267 vanis
1257 1213 1328 1265 ita
1352 1211 1547 1264 deterit
1577 1227 1780 1264 annum
1814 1227 1829 1275 ;

497 1309 627 1363 Inde
652 1306 787 1362 vafri
816 1304 1039 1359 rediens
1065 1302 1363 1355 instructus
1395 1299 1586 1353 fraude
1615 1299 1844 1360 colubri,

494 1401 1003 1467 l’ra~sumptumque
1029 1408 1227 1466 gerens
1258 1390 1425 1445 animi
1445 1390 1782 1462 grassamine
1796 1389 2026 1455 crimen,

496 1491 604 1556 Ais,
638 1490 805 1543 limen
838 1487 1047 1551 subter,
1080 1484 1330 1556 quaedam
1363 1483 1430 1537 ad
1474 1490 1725 1552 portenta
1764 1490 2005 1537 notatum

496 1586 733 1652 Defedit,
752 1583 1018 1652 adjiciens
1038 1580 1237 1654 magici
1268 1578 1382 1633 fera
1410 1594 1691 1632 murmura
1714 1578 1899 1632 vincli.

499 1676 651 1729 llicet
684 1672 948 1734 insanire,
990 1676 1173 1740 caput,
1204 1667 1477 1722 velamine
1508 1667 1664 1721 vulso

496 1771 656 1841 Virgo
683 1777 890 1833 rotans,
930 1764 1127 1819 diffusa
1156 1780 1342 1817 comas
1359 1769 1412 1816 et
1437 1761 1668 1816 stridula
1699 1762 1866 1817 dente

497 1862 701 1916 Ardere
735 1859 984 1925 incendi,
1020 1873 1254 1928 puerum
1290 1856 1530 1910 clamore
1570 1870 1789 1910 vocare.

500 1956 756 2011 Traditur
778 1964 898 2009 acta
928 1953 1070 2019 seni,
1107 1951 1301 2025 retegit
1329 1949 1415 2005 cui
1449 1949 1598 2004 larva
1622 1949 1862 2021 piaclum

502 2050 778 2120 Ejululans
809 2055 863 2101 et
893 2046 1035 2101 furta
1061 2045 1261 2111 fatens,
1289 2044 1602 2114 Memphyte
1633 2051 1905 2110 vocatum,

499 2144 557 2197 Vi
582 2144 829 2208 ductum,
862 2146 1133 2193 tormenta
1164 2137 1295 2208 pati,
1325 2136 1504 2191 crucis
1536 2136 1754 2208 ignibus
1785 2136 1888 2190 uri.

499 2232 679 2307 Cogis,
706 2230 806 2297 ait,
840 2246 928 2283 me
952 2228 1099 2281 exire
1129 2232 1277 2281 tenet
1309 2241 1473 2296 quem
1498 2225 1667 2278 limen
1698 2226 1974 2280 adactum.

500 2325 692 2397 Magna
720 2320 1111 2390 (senex)virlus
1139 2334 1302 2389 quem
1334 2316 1537 2370 lamina
1568 2315 1692 2369 licia
1725 2316 1986 2371 nectunt!

502 2413 605 2467 Cur
635 2429 744 2466 non
779 2412 928 2465 hunc
954 2407 1139 2479 potius
1170 2407 1265 2477 qui
1295 2412 1345 2459 te
1379 2404 1691 2459 immitebat
1720 2406 1867 2458 inisti
1900 2406 1927 2458 ?

500 2502 725 2573 thuid,
755 2500 851 2565 ait,
886 2498 1099 2571 collega
1131 2512 1309 2562 meus,
1333 2511 1496 2566 quem
1530 2495 1744 2548 da'men
1777 2496 1981 2550 ameris

500 2594 849 2663 lllaquearat,
874 2605 977 2663 ego
1002 2589 1325 2657 itnpeterem
1363 2585 1390 2637 ?
1420 2585 1527 2641 Sed
1549 2586 1702 2659 virgo
1736 2586 1978 2659 sigillum

499 2682 575 2734 Ne
601 2678 992 2748 tercretrapui.
1015 2675 1210 2729 Fecisti
1236 2675 1459 2740 invitus,
1485 2682 1536 2727 at
1568 2676 1653 2727 exi

502 2771 760 2833 Perdere,
791 2784 902 2823 non
935 2782 1155 2820 servare
1184 2766 1391 2831 solens,
1424 2764 1689 2835 pellitque
1722 2764 1962 2819 ferocem

499 2859 608 2912 Nec
631 2858 895 2925 juvenem
926 2860 1227 2925 exspectat,
1263 2852 1470 2906 fraudis
1501 2853 1738 2926 vestigia
1770 2853 1974 2922 vitans;

496 2946 747 3016 Increpat
766 2949 1013 3013 ereptam
1039 2957 1148 2995 non
1172 2956 1231 2994 se
1255 2940 1461 2993 cavisse
1486 2940 1749 3010 puellam.

568 3038 685 3090 Non
717 3035 882 3089 modo
910 3033 1120 3089 vicinas
1150 3032 1316 3085 urbes
1350 3031 1439 3102 pia
1480 3030 1624 3085 fama
1647 3033 1901 3103 replerat.

495 3126 635 3192 Quin
665 3123 955 3197 longinqui
978 3125 1140 3177 etiam
1164 3130 1358 3197 gentes
1394 3123 1670 3177 exciverat
1700 3124 1869 3179 orbis.

498 3219 563 3274 Ut
594 3217 815 3279 nostris,
841 3215 1034 3285 procul
1068 3231 1096 3269 e
1123 3216 1280 3269 terris
1313 3216 1547 3269 Orientis
1578 3216 1632 3269 in
1657 3233 1833 3282 axem,

496 3310 749 3374 Quzerere
776 3306 1077 3361 salvificum
1107 3306 1375 3381 delegerit
1396 3306 1486 3360 ille
1516 3306 1829 3361 medentem

497 3402 828 3456 Francorum
861 3398 1089 3453 illustris
1117 3414 1278 3469 quem
1307 3399 1554 3467 jussibus
1587 3398 1946 3468 induperator

498 3491 861 3561 Prosequitur
890 3490 1114 3556 chartis,
1147 3490 1405 3544 comitatu
1463 3497 1517 3545 et
1545 3491 1851 3545 honoribus
1878 3497 2096 3546 auctum

444 3612 453 3617 α
496 3586 597 3651 Qui
620 3584 775 3639 furvo
806 3600 836 3638 a
876 3598 1047 3653 puere
1080 3598 1371 3652 possessus
1405 3582 1680 3648 daemone,
1712 3591 1879 3637 noctu

499 3674 767 3728 Dentibus
792 3671 1110 3736 infremcre,
1133 3677 1187 3723 et
1212 3685 1457 3742 gemere,
1483 3678 1647 3741 atque
1672 3670 1883 3725 ululare
1905 3679 2117 3738 suetus,

498 3770 734 3841 Diraque
766 3767 933 3839 ﬂagra
955 3765 1160 3829 ferens,
1189 3764 1437 3834 requiem
1470 3764 1525 3817 in
1546 3771 1817 3818 tormenta
1847 3765 2114 3820 trahebat.

502 3858 663 3926 Cujus
686 3857 741 3911 in
767 3855 1097 3926 obsequium
1138 3854 1322 3924 plures
1352 3852 1421 3907 ob
1456 3854 1593 3922 patri
1626 3870 1870 3908 amorem

500 3949 831 4012 Procedunt,
865 3948 1016 4001 videt
1046 3954 1105 4001 ut
1137 3946 1351 3999 turbam
1384 3946 1684 4013 benedieit,
1718 3946 1873 4001 abire

501 4040 831 4111 Pnecipiens
870 4037 1468 4107 scnier,juvenemque
1493 4054 1733 4109 suosque
1765 4056 2011 4105 manere,

503 4133 633 4186 Nam
666 4147 887 4187 causam
911 4130 1179 4184 adventus
1205 4144 1271 4182 ex
1301 4128 1696 4205 ipseintelligit
1718 4146 1834 4184 ore.

502 4222 622 4278 Mox
647 4222 911 4293 regitatus
943 4222 1127 4276 homo.
1161 4220 1374 4290 rapitur
1404 4221 1490 4276 vix
1524 4229 1751 4295 tangere
1784 4230 1982 4277 terram

504 4314 569 4368 Ut
596 4313 833 4383 pedibus
863 4312 1060 4377 valeat,
1095 4312 1341 4382 loquitur
1379 4326 1633 4365 sermone
1675 4312 1934 4381 Syrorum

500 4407 651 4461 Tunc
682 4406 916 4475 primum
946 4404 1157 4469 audite,
1198 4420 1426 4458 servans
1467 4404 1727 4459 idiemata
1760 4404 1983 4479 linguae,

504 4498 614 4552 Nec
634 4497 816 4550 minus
845 4497 1097 4551 etGrzece
1125 4496 1325 4551 citatus
1350 4496 1613 4567 [scitatus]
1634 4496 1837 4550 famine
1863 4498 2050 4566 pellet.

502 4588 831 4643 Przeteriens
859 4588 1037 4644 varias
1069 4588 1275 4660 quibus
1306 4588 1395 4642 hic
1424 4588 1495 4642 sit
1519 4588 1784 4658 prmditus
1814 4596 1981 4654 artes,

502 4680 737 4736 Nomine
764 4687 818 4735 et
854 4681 1086 4750 imperio
1114 4679 1315 4734 Christi
1345 4687 1585 4739 curatus,
1621 4689 1678 4734 ut
1710 4688 1827 4734 atra

503 4770 663 4825 Peste
692 4769 840 4843 viget
866 4770 1027 4835 liber,
1062 4769 1324 4823 librarum
1355 4769 1599 4838 pondera
1641 4769 1844 4838 profert

503 4860 867 4931 Simplicitate
893 4868 1093 4932 putans
1115 4859 1231 4913 auri
1261 4859 1464 4913 debere
1489 4859 1693 4914 talenta
1718 4877 1732 4924 ;

506 4951 720 5005 lIerdca
750 4949 819 5004 ab
852 4950 957 5003 hoc
987 4950 1082 5003 sed
1113 4964 1253 5020 pane
1276 4949 1442 5019 capit,
1475 4948 1639 5003 simul
1668 4949 1894 5020 insuper
1925 4954 2079 5008 audit
2110 4972 2121 5006 :

502 5041 707 5095 Aurum
735 5040 885 5110 quod
916 5055 1128 5094 caenum
1163 5045 1419 5110 reputent
1441 5038 1535 5110 qui
1568 5038 1697 5093 talia
1726 5051 1964 5096 sumant.

573 5133 693 5187 Non
726 5131 977 5187 homines
1005 5132 1169 5188 mode
1194 5131 1482 5198 reddebat,
1516 5132 1652 5203 quin
1677 5132 1840 5187 bruta
1865 5134 2046 5189 saluti.

504 5228 571 5283 Ut
605 5228 797 5282 Bactra
820 5229 1100 5299 quondam
1133 5227 1357 5282 ductnm
1392 5228 1616 5298 regione
1648 5227 1941 5295 camelum,

502 5318 675 5383 Quem
704 5318 931 5373 terdena
968 5319 1276 5379 virumsibi
1307 5324 1531 5389 pectora
1551 5319 1775 5373 funibus
1797 5328 1977 5374 actum

500 5410 832 5466 Praesentem
862 5410 1127 5464 dederant
1159 5430 1171 5465 :
1202 5410 1452 5465 rabidum
1481 5410 2007 5482 quilinquerejussi,

501 5502 802 5575 Diffugiunt
839 5519 1054 5571 omnes,
1081 5505 1363 5576 sociisque
1386 5520 1609 5558 manere
1642 5520 1743 5558 nec
1769 5507 1914 5561 ausis

503 5588 705 5646 Obvius
734 5593 825 5647 ille
859 5601 1001 5647 meat
1028 5612 1040 5647 :
1073 5595 1188 5649 Non
1220 5594 1387 5658 mole,
1416 5593 1659 5663 diabole,
1684 5601 1835 5649 vasta

576 5683 719 5750 (161)
746 5684 881 5736 ldeli
909 5687 1259 5742 Gazennium.

2147 3139 2196 3203 Ο

2210 471 2581 539 Preclamans,
2612 488 2959 547 pergensque
2995 471 3110 543 [pro
3131 473 3439 546 porrigens]
3476 491 3732 540 manum,
3757 480 3838 531 cui

3374 566 3619 637 [turbida
3648 570 3777 624 dire

2216 662 2389 732 Atque
2422 661 2659 715 immane
2691 661 2933 717 fremens
2962 662 3091 718 dum
3119 663 3367 733 proxima
3409 664 3599 721 bellua
3642 666 3839 723 fertur.

2218 750 2460 817 Labitur,
2493 758 2656 821 atque
2684 758 2847 822 caput
2882 752 3081 822 premit
3107 753 3447 823 exzequabile
3479 754 3660 809 terris.

2220 844 2485 898 Mirantur
2514 846 2718 913 cuncti,
2748 852 2897 900 tanto
2930 853 3135 901 terrere
3174 846 3445 901 furentem

2217 935 2347 989 Tam
2369 935 2571 1002 subito,
2610 936 2698 991 tali
2725 936 2921 991 factam
2952 936 3215 992 lenimine
3244 938 3458 996 mitem.

2288 1030 2395 1084 Nec
2417 1031 2559 1101 petis
2590 1038 2673 1085 est
2696 1046 2935 1086 numero
2965 1031 3146 1086 claudi
3179 1032 3532 1105 pedibusque
3556 1035 3719 1108 ligari

2219 1117 2374 1171 Omni
2418 1117 2559 1174 facta
2587 1119 2675 1173 die
2710 1136 2807 1190 per
2835 1136 2960 1174 eum
2990 1121 3253 1175 miracula
3278 1121 3424 1177 vita}.

2220 1212 2370 1264 llaud
2402 1212 2582 1266 minus
2612 1228 2709 1267 ore
2741 1220 2935 1283 petens
2958 1213 3144 1268 turbas
3171 1214 3428 1285 explebat
3453 1224 3652 1272 euntes

2221 1302 2514 1369 lrradians,
2549 1303 2614 1357 ad
2640 1304 2784 1358 celsa
2813 1320 3037 1371 vocans,
3061 1312 3115 1360 et
3144 1305 3198 1359 in
3221 1306 3393 1361 ardua
3420 1307 3662 1363 ductans
3688 1326 3704 1361 ι

2218 1394 2404 1448 Visere
2436 1403 2679 1450 semetes
2712 1411 2819 1450 non
2848 1412 3145 1466 spernens,
3188 1399 3400 1453 semina
3428 1399 3596 1455 Verbi

2218 1482 2397 1536 laetus
2462 1499 2632 1554 agens
2665 1485 2876 1539 Domini
2920 1495 2974 1539 et
2999 1494 3243 1559 segetem
3285 1502 3491 1557 supero
3538 1489 3719 1544 imbre
3754 1508 3839 1546 ve-

3468 1580 3724 1651 [uustans
3755 1602 3770 1649 ;

2145 1666 2190 1732 ις
2217 1665 2684 1738 Amplificansque
2712 1668 2805 1739 pie
2834 1669 3109 1740 proscissa
3135 1669 3355 1724 novalia
3396 1679 3599 1737 rastro,

2217 1757 2392 1832 Auget
2423 1758 2567 1813 culta
2596 1760 2690 1814 Dei
2721 1761 2893 1816 veteri
2923 1777 3065 1816 nova
3096 1762 3309 1816 semina
3341 1763 3521 1837 glebze

2219 1846 2525 1902 lnculcans.
2550 1852 2924 1923 Agarenerum
2957 1866 3058 1905 ceu
3089 1851 3281 1920 pandit
3312 1852 3499 1919 Elusa,

2220 1937 2386 2001 Quam
2420 1940 2709 1995 inveniens
2735 1940 2865 1996 olim
2909 1940 3182 1996 Cilhereia
3215 1942 3351 1998 festa
3384 1944 3661 2014 litantem,

2221 2027 2336 2081 Non
2366 2027 2517 2098 prius
2544 2030 2759 2084 absistit
2786 2029 3042 2100 lacrymis
3071 2038 3125 2085 et
3146 2030 3351 2086 famine
3383 2034 3530 2099 divo,

2222 2114 2480 2169 Ecclesize
2508 2134 2671 2188 quam
2703 2119 3007 2173 condendae
3040 2120 3363 2175 fundamina
3392 2130 3630 2186 metatis,

2224 2206 2542 2262 l’entiticem
2566 2210 2736 2264 sacris
2759 2217 2818 2264 ut
2844 2219 2960 2265 erat
2990 2211 3213 2266 vittatus
3238 2212 3450 2269 Adonis

2225 2304 2506 2372 (Dzemene
2536 2321 2661 2359 nam
2695 2306 2855 2375 pulse
2889 2306 3074 2375 plures
3105 2316 3392 2363 curaverat
3424 2311 3642 2366 horum.

2225 2392 2463 2447 Adnetet
2493 2394 2695 2466 insigni
2728 2394 3041 2449 redimitum
3059 2403 3349 2452 stemmate
3374 2398 3595 2454 Christi.

2224 2484 2491 2554 Alapiena
2531 2486 2644 2540 fere
2669 2502 2906 2541 vacuans
2934 2486 3213 2542 afflamine
3242 2490 3415 2544 menti

2224 2580 2357 2633 Dum
2392 2581 2665 2647 redhibet,
2703 2582 2913 2637 Christe
2946 2582 3188 2650 lucrans,
3215 2583 3484 2639 affinibus
3513 2586 3693 2641 auctis

2223 2675 2470 2728 Nominis
2499 2676 2689 2729 aéterni
2725 2677 3045 2731 Bethlebem
3074 2677 3344 2733 attollitur
3368 2689 3567 2734 auctor
3591 2698 3606 2743 ;

2221 2768 2420 2837 Sicque
2461 2769 2815 2822 monasteriis
2841 2769 2995 2823 vicus
3024 2769 3272 2840 repletur
3302 2778 3352 2825 et
3382 2771 3544 2825 aulis.

2221 2862 2613 2933 Sellicitusquc
2645 2869 2703 2917 ut
2734 2873 2867 2930 erat,
2902 2864 3127 2919 fratrum
3157 2881 3435 2936 praenosse
3468 2868 3683 2923 solebat

2223 2950 2404 3017 Multa,
2438 2952 2620 3006 futura
2650 2968 2869 3017 cavens,
2898 2952 3069 3007 vitare
3102 2955 3359 3009 nocentia
3379 2955 3613 3010 callens.

2226 3037 2333 3092 Ceu
2367 3040 2644 3110 quondam
2678 3042 2845 3094 sociis
2868 3042 3035 3096 vetuli
3065 3042 3363 3097 discrimen
3381 3045 3533 3099 avari

2223 3128 2579 3195 Praemenuit,
2611 3128 2936 3200 turbamque
2965 3129 3132 3185 feram
3152 3138 3485 3204 turpemque
3505 3136 3776 3204 repulsam

2224 3220 2351 3283 Qua:
2385 3221 2531 3291 passi
2563 3240 2579 3283 ;
2615 3222 2913 3292 hospitium
2946 3228 3157 3293 patrem
3192 3223 3425 3277 lustrare
3450 3232 3679 3280 tenaces

2226 3313 2359 3365 Dum
2386 3320 2612 3384 cogunt,
2649 3313 2807 3381 cujus
2837 3314 3293 3387 multavertigine
3323 3315 3513 3371 funda:

2224 3401 2392 3455 Vinea
2433 3399 2746 3471 prarvallata
2777 3402 2963 3456 minus
2991 3402 3154 3457 solito
3179 3403 3377 3472 edidit,
3411 3413 3586 3477 atque

2225 3496 2282 3548 Id
2300 3511 2520 3566 quoque
2543 3496 2598 3548 in
2628 3496 2966 3550 horrendum
2994 3497 3203 3552 mensis
3241 3498 3477 3554 descivit
3499 3510 3737 3556 acetum.

2222 3585 2454 3654 Dapsilis
2485 3591 2538 3639 at
2569 3583 2764 3639 fratres
2791 3585 2951 3640 hilari
2981 3586 3075 3658 qui
3105 3586 3236 3642 dote
3264 3587 3462 3643 refovit

2224 3676 2412 3742 Vinea,
2444 3692 2565 3746 quae
2601 3684 2819 3731 centum
2852 3677 3030 3732 fuerat
3049 3678 3258 3734 factura
3285 3679 3514 3753 lagenas

2222 3766 2458 3820 Millibus
2484 3775 2543 3821 ut
2570 3767 2745 3822 tribus
2764 3775 2845 3823 est
2868 3769 3049 3840 plebis
3076 3770 3325 3841 depasta,
3360 3779 3644 3827 trecentas

2221 3855 2477 3911 Reddidit
2504 3857 2558 3911 in
2586 3858 2826 3928 spatium
2860 3860 3053 3930 viginti
3082 3860 3223 3915 lecta
3252 3861 3496 3927 dierum,

2221 3951 2350 4004 Nam
2372 3950 2530 4005 Pater
2559 3951 2799 4007 llilarien
2834 3953 3116 4009 laetehanc
3139 3954 3501 4012 benedixerat
3531 3974 3650 4013 ore.

2221 4038 2349 4092 Cum
2372 4039 2611 4109 propriis
2632 4039 2841 4095 sineret
2865 4042 3130 4116 gregibus
3149 4043 3356 4098 servire
3373 4044 3659 4111 fovendis,

2223 4134 2377 4187 Celsa
2409 4134 2562 4204 prius
2594 4134 2771 4189 doctis
2801 4136 3063 4190 alimenta
3096 4139 3380 4209 requirere
3408 4141 3639 4207 mentis,

2228 4228 2415 4283 l‘laecce
2465 4228 2687 4300 quidem
2733 4231 3033 4301 quterenda
3075 4232 3231 4304 juge,
3288 4236 3406 4289 haec
3435 4238 3702 4292 sectanda
3735 4254 3844 4290 ma-

3574 4328 3771 4398 [uebah

2155 4413 2208 4481 D
2229 4416 2348 4470 Non
2379 4431 2444 4469 ea
2474 4431 2597 4486 quae
2627 4415 2848 4470 assidue
2881 4418 3089 4472 munde
3117 4418 3340 4473 labente
3372 4419 3637 4476 fatiscunt
3669 4440 3682 4475 :

2228 4508 2465 4571 Quorum
2489 4523 2652 4578 quem
2686 4524 2872 4561 curam
2905 4510 3231 4564 monachum
3276 4512 3515 4567 retinere
3545 4514 3770 4577 sciebat,

2229 4600 2394 4670 Hujus
2426 4600 2666 4654 avaritia:
2695 4601 2841 4654 haud
2874 4601 3279 4657 nerattolerare
3298 4603 3566 4660 furerem.

2228 4693 2401 4757 Quare
2432 4710 2463 4747 a
2489 4702 2790 4766 conspectu
2814 4696 3117 4751 venerandi
3151 4699 3571 4754 ameveratovis

2229 4785 2532 4840 Sollicitum
2565 4787 2884 4857 quemdam,
2917 4789 3200 4843 custodem
3236 4790 3499 4859 patiperis
3526 4791 3682 4856 horti,

2226 4882 2399 4953 Atque
2432 4882 2615 4936 anime
2651 4898 2907 4937 nummos
2934 4883 3157 4938 solitum
3188 4900 3406 4939 servare
3423 4886 3622 4955 pusillo
3652 4903 3666 4939 :

2227 4970 2326 5033 Qui
2360 4977 2577 5024 tentans
2620 4970 2794 5025 lenire
2824 4987 3035 5039 senem,
3067 4988 3189 5026 cum
3225 4972 3374 5027 fasce
3402 4973 3635 5027 virentis

2222 5062 2455 5117 Advenit
2485 5062 2700 5129 ciceris,
2732 5077 3030 5134 coramque
3063 5080 3166 5119 nec
3195 5081 3366 5119 ausus
3389 5065 3558 5128 adire,

2224 5151 2368 5205 Clam
2393 5152 2544 5207 dedit
2578 5153 2848 5224 Hesychie
2880 5155 3199 5224 ponendum
3232 5156 3297 5210 ad
3329 5156 3535 5211 fercula
3559 5171 3719 5223 ;sero

2222 5242 2469 5298 Fetorem
2504 5245 2749 5315 appliciti
2782 5246 2969 5302 senior
3002 5247 3218 5301 haurire
3248 5264 3530 5315 recusans,

2223 5333 2429 5389 Clamat
2450 5335 2730 5390 avaritiam
2760 5337 2953 5393 ciceris
2981 5345 3174 5408 putere
3206 5338 3406 5395 virore.

2219 5425 2443 5480 llerrida
2470 5427 2513 5481 si
2544 5428 2729 5481 minus
2760 5428 2893 5482 lucc.
2929 5427 3128 5498 inquit;
3159 5429 3461 5499 spiramina
3486 5432 3683 5497 sentis,

2219 5516 2420 5571 Saltem
2441 5516 2645 5571 adhibe
2674 5517 2872 5581 bobus,
2903 5517 3090 5591 fugere
3119 5518 3239 5575 haec
3268 5520 3502 5575 etbruta
3533 5522 3771 5577 videbis.

2222 5607 2462 5675 Factum,
2496 5608 2763 5679 disruptis
2797 5608 3014 5681 fugiunt
3043 5611 3305 5665 animalia
3330 5612 3548 5670 vinclis.
