3970 6200
255 284 361 337 á½…37

262 408 505 464 Pellebat
533 405 807 476 siquidem
835 412 1101 475 praestans
1134 404 1233 458 hac
1262 403 1520 457 culminis
1541 419 1664 458 arce

264 499 516 568 Corporis
547 496 739 570 attigui
762 511 1011 550 sensteve
1043 494 1322 549 afflamine
1350 495 1538 561 vestis,

262 589 530 657 Tangeret
560 593 653 639 aut
682 599 844 656 quam
868 584 1124 654 quisque,
1143 583 1256 656 regi
1283 599 1391 655 quo
1425 593 1610 638 nosset
1636 584 1806 639 odore

268 677 359 730 Cui
392 677 572 740 larvas,
607 674 865 728 addictus
891 673 1023 728 vitio
1050 672 1135 726 vel
1167 672 1339 727 oleret
1369 673 1610 728 adustus.

337 767 526 821 Flebat
557 775 610 820 at
640 766 902 820 obsessus
930 764 1238 818 numerosis
1260 763 1504 836 undique
1527 765 1701 818 turbis

267 861 327 913 Et
357 875 525 932 grege
556 857 789 928 stipatus
822 856 1046 910 fratrum
1078 871 1316 927 curaque
1349 855 1567 910 fovendi

263 953 505 1007 Affectus
535 952 702 1022 pacis,
730 951 1005 1004 desiderio
1031 958 1193 1021 atque
1217 951 1418 1021 quietis

265 1045 470 1100 Arcturi
500 1043 784 1114 obsequiis
805 1043 1122 1097 venientum
1146 1050 1198 1096 et
1217 1043 1426 1096 honore
1449 1041 1707 1096 dolebat:

267 1133 516 1187 Carceris
545 1132 660 1185 haec
691 1131 886 1185 tabens
911 1131 1146 1184 evadere
1167 1136 1321 1200 septa
1349 1129 1581 1194 calebat,

267 1223 601 1292 Oblatasque
631 1221 818 1274 animo
837 1236 1065 1290 pompas
1093 1235 1156 1272 ac
1185 1225 1474 1273 stemmata
1503 1218 1740 1282 calcans,

266 1313 457 1366 Solum
482 1309 778 1379 exoptabat
806 1323 1083 1373 eremum;
1117 1324 1280 1378 quam
1315 1324 1520 1378 pronus
1552 1307 1691 1360 inire

264 1405 405 1457 Dum
439 1402 662 1470 jamjam
707 1407 859 1470 parte
893 1415 1196 1469 preperans
1225 1407 1455 1453 conatur
1474 1399 1670 1464 asello,

264 1493 434 1548 Multa
476 1492 712 1545 subinde
745 1497 908 1543 ruunt
937 1490 1223 1560 lacrymosi
1249 1490 1421 1543 millia
1451 1491 1621 1564 vulgi,

267 1583 549 1638 Excidium
585 1583 774 1653 patriae
800 1581 948 1636 velut
973 1581 1271 1635 intentetur
1297 1589 1349 1634 et
1374 1579 1534 1653 ignis,

267 1675 540 1731 Claudere
571 1673 744 1728 moliti
779 1673 1149 1744 precibusque
1180 1673 1484 1743 astringere
1514 1672 1638 1725 nisi.

266 1772 337 1824 At
371 1776 553 1822 manet
583 1768 819 1822 invictus
848 1774 1083 1821 tractans
1114 1768 1230 1820 haec
1255 1766 1456 1820 famina
1487 1781 1711 1820 secum:

266 1862 542 1916 Fallacem
569 1860 711 1914 haud
733 1859 873 1914 facio
900 1860 1214 1926 Dominam,
1240 1875 1341 1913 nec
1360 1859 1528 1930 quibo
1560 1858 1749 1912 videre

269 1959 544 2010 Proruere
583 1954 864 2019 ecclesias,
895 1954 1071 2008 fusum
1106 1954 1360 2024 squalere
1394 1969 1677 2018 cruorem;

273 2045 431 2100 L'nde
468 2045 701 2115 probare
729 2044 914 2097 (latum
949 2042 1138 2113 patriae
1171 2043 1420 2113 praescita
1455 2042 1677 2112 pericla.

268 2138 486 2190 Vadcrc
507 2136 602 2189 sed
624 2135 941 2206 prohibent,
966 2140 1196 2188 testatur
1211 2142 1264 2187 at
1286 2134 1402 2203 ipse
1430 2134 1678 2188 ciborum

267 2230 506 2282 Sumere
534 2227 610 2280 nil
642 2233 894 2297 potusve,
928 2226 1031 2279 nisi
1063 2226 1307 2279 mittatur
1326 2225 1497 2279 abire.

267 2326 365 2378 Sic
395 2332 604 2394 septem
628 2329 915 2394 postquam
945 2322 1157 2390 jejunia
1184 2329 1350 2376 tracta
1379 2322 1578 2376 diebus

265 2415 552 2481 Producit,
583 2414 806 2478 missus,
832 2413 982 2468 socio
1006 2414 1177 2468 multo
1201 2413 1420 2486 agmine
1451 2413 1650 2486 pergit,

265 2509 513 2573 Quorum
547 2505 919 2578 quamplures.
953 2506 1048 2560 ubi
1081 2521 1177 2575 per
1210 2522 1307 2559 sua
1328 2522 1472 2570 rura,
1506 2505 1751 2569 remittit,

265 2599 646 2672 Quadraginta
678 2598 869 2669 legens
904 2613 1113 2662 secum,
1143 2597 1356 2665 jejunia
1387 2597 1554 2651 fortes

273 2689 382 2754 Qui
405 2688 640 2742 tolerare
663 2693 888 2758 queant.
921 2686 1135 2740 Pelusia
1170 2685 1343 2739 tendit
1375 2686 1428 2738 in
1453 2700 1597 2738 arva.

266 2785 348 2837 Ac
373 2781 586 2836 Domini
612 2782 788 2853 patrio
817 2797 1006 2860 servos
1037 2781 1223 2835 invisit
1253 2795 1457 2835 amore.

268 2874 410 2929 lnde
451 2882 645 2946 petens
673 2890 941 2936 eremum,
965 2873 1131 2928 coluit
1156 2889 1318 2944 quam
1353 2871 1620 2926 Antonius
1650 2870 1788 2924 alter

268 2964 508 3034 (Nempe
536 2961 835 3017 revelatum
868 2961 975 3015 sibi
1002 2963 1146 3033 quod
1168 2960 1291 3015 cceli
1331 2960 1439 3014 alta
1467 2959 1748 3030 subisset),

270 3051 447 3106 Selari
477 3050 693 3116 fratres,
731 3050 962 3103 lustrare
994 3048 1303 3103 habitacula
1335 3054 1525 3108 certat,

273 3143 514 3198 Delectis
544 3140 647 3198 sibi
687 3139 1023 3210 subparibns
1054 3138 1236 3192 vicina
1256 3137 1491 3205 duobus,

274 3235 438 3289 Vasta
469 3232 637 3288 eremi
670 3238 940 3304 penetrat,
972 3237 1297 3300 tantumque
1328 3228 1628 3283 abstemius
1652 3227 1761 3282 illic

273 3324 519 3392 Tampue
542 3322 712 3375 silens
731 3320 858 3393 agit.
888 3326 946 3374 ut
968 3318 1204 3389 primum
1225 3317 1458 3388 ccepisse
1473 3318 1756 3387 professus

275 3414 428 3466 Tunc
458 3411 620 3465 fuerit
647 3409 855 3464 servire
882 3409 993 3463 Deo
1020 3407 1142 3461 vitae
1182 3406 1379 3461 ordine
1410 3406 1644 3472 thristo,

277 3507 377 3562 Cui
410 3513 487 3561 tot
527 3507 721 3560 devoto
754 3509 990 3557 saerarat
1021 3507 1272 3571 tempora
1302 3516 1483 3553 cursu.

278 3605 506 3657 Arentes
537 3601 707 3655 nimio
739 3599 1068 3671 squalebant
1091 3597 1314 3668 pulvere
1341 3595 1537 3668 glebae,

283 3692 670 3762 liffervensque
693 3690 815 3744 sitis
844 3689 1174 3744 moribunda
1207 3688 1509 3741 obduxerat
1536 3702 1690 3752 arva,

285 3787 348 3840 Et
374 3790 628 3840 vacuarat
657 3783 815 3854 aquis
836 3783 1080 3837 clausum
1109 3780 1226 3834 sola
1249 3779 1456 3833 torrida
1481 3778 1680 3833 cuzlum

276 3877 398 3929 Jam
427 3874 596 3928 tribus
623 3881 682 3927 ut
713 3872 872 3943 liquit
901 3880 1073 3927 terras
1106 3869 1373 3925 Antonius
1401 3869 1580 3936 annis,

283 3971 576 4024 Deccssum
607 3968 967 4038 cujuslugere
999 3967 1275 4020 elementa
1307 3963 1573 4018 ferebant.

283 4061 486 4116 Adfore
516 4060 660 4114 fama
688 4059 881 4114 volans
911 4058 1006 4112 ubi
1030 4056 1274 4128 prodidit
1300 4056 1650 4122 llilarioncm,

287 4154 442 4207 llunc
477 4151 719 4207 certatim
753 4150 977 4214 adeunt,
1028 4146 1174 4201 ducti
1205 4145 1406 4216 passim
1437 4145 1696 4199 omnibus
1739 4143 1904 4216 agris,

286 4246 487 4301 Lurida
525 4245 651 4300 tabe
683 4244 842 4299 famis
874 4251 1184 4299 sternentes
1216 4258 1342 4296 ora:
1370 4241 1580 4295 colonis

288 4341 626 4411 Compatitur
655 4339 859 4410 pressis
893 4339 1083 4393 senior
1111 4337 1314 4408 pietate
1356 4335 1691 4398 redundans,

291 4432 466 4502 thue
499 4433 624 4501 polo
655 4448 844 4502 passas
875 4430 1100 4505 gemino
1132 4445 1254 4484 eum
1286 4427 1493 4481 lumine
1524 4426 1733 4496 palmas

290 4526 492 4590 Exerit,
527 4542 588 4580 os
611 4541 885 4590 reserans,
911 4525 1092 4596 largos
1116 4539 1240 4578 mox
1271 4521 1496 4577 exhibet
1518 4521 1735 4574 imbres.

287 4619 380 4671 Ast
405 4617 496 4670 ubi
520 4617 800 4672 concessis
831 4616 1058 4670 satiatur
1088 4615 1271 4687 glarea
1300 4613 1522 4680 nimbis,

287 4711 364 4763 En
400 4709 580 4763 subito
612 4708 818 4764 exortis
841 4707 1124 4776 replentur
1149 4723 1270 4760 rura
1297 4705 1588 4775 chelydris.

291 4799 410 4852 Non
445 4814 571 4851 arva
602 4797 874 4871 agricolis,
900 4796 1085 4866 pecori
1112 4812 1220 4849 non
1246 4811 1447 4866 pascua
1481 4801 1626 4857 tuta;

295 4891 574 4958 Nusquam
615 4887 762 4961 agris
789 4887 1032 4956 requies,
1068 4893 1121 4939 ct
1164 4893 1310 4939 certa
1343 4883 1587 4955 pericula
1618 4895 1914 4952 quaquam.

293 4977 440 5044 Quid
470 4975 786 5031 medicinali
820 4974 1117 5028 exhibeant
1156 4974 1222 5028 ad
1256 4972 1448 5026 funera
1476 4971 1589 5025 fotu

293 5072 595 5133 Incertum,
627 5066 732 5120 nisi
754 5075 1042 5136 patronum
1074 5066 1143 5118 ad
1170 5063 1426 5134 suffragia
1445 5070 1632 5116 notum

300 5161 461 5216 Certa
498 5164 710 5227 petantâ€˜,
742 5172 851 5227 quo
884 5163 1076 5210 moesta
1107 5155 1310 5218 levent,
1345 5168 1454 5224 quo
1495 5149 1654 5204 noxia
1689 5149 1912 5218 pellant.

300 5254 442 5325 Ergo
474 5251 566 5303 Dei
602 5249 789 5303 famuli
821 5255 1011 5303 contra
1042 5248 1158 5301 haec
1185 5245 1490 5300 munimina
1517 5248 1774 5313 poscunt,

299 5345 337 5395 A
372 5355 482 5410 quo
501 5347 782 5392 sumentes
811 5336 1176 5390 medicamina
1207 5335 1315 5389 fida
1344 5333 1556 5399 salutis,

300 5430 423 5484 Mox
459 5427 749 5481 henedicto
772 5426 895 5480 oleo
926 5426 1216 5480 maledicta
1247 5439 1461 5478 venena
1485 5423 1773 5492 repellunt.

371 5516 620 5570 Afticitur
650 5514 796 5568 cultu
824 5513 1030 5578 senior,
1066 5507 1328 5583 pertaesus
1359 5514 1590 5578 honore,

373 5626 526 5694 (16â€˜2)
564 5624 766 5680 Juliani
797 5622 1008 5678 scilicet
1037 5624 1308 5693 Apostatze

768 277 850 331 DE
888 275 1247 330 TRIUMPHIS
1287 274 1546 329 CHRISTI
1588 274 1665 328 ET
1704 274 1797 329 SS.
1841 273 2237 328 PAL/ESTIN/E
2277 272 2451 328 LIBRI
2492 269 2673 324 TRES.
2707 301 2776 310 â€”
2816 271 2940 324 LIB.
2985 269 3074 324 lll.

1903 409 1953 475 Î‘
1980 405 2039 458 Et
2069 419 2325 474 pompam
2349 402 2564 475 fugiens
2592 405 2951 454 venerantum
2981 396 3372 458 ruricolonum,

1978 497 2255 551 Accelerat
2288 502 2498 548 mutare
2536 494 2738 557 locum,
2773 507 2882 545 non
2912 497 3038 544 nota
3079 487 3363 558 requirens

1981 586 2203 640 Climata
2233 583 2490 657 profugii.
2531 584 2587 636 ln
2630 581 2862 636 Bruchio
2894 586 3042 633 tanto
3070 577 3288 646 hOSpile
3315 574 3450 628 laetis

1980 673 2259 728 Fratribus
2287 679 2566 741 exceptus,
2612 669 2944 739 jamjamque
2996 664 3327 719 instantibus
3357 660 3587 726 umbris,

1982 766 2270 821 Decretam
2300 770 2452 834 parat
2484 761 2561 816 ire
2595 762 2766 826 viam;
2788 759 3079 813 turbantur
3110 754 3271 810 amici

1978 861 2050 914 Ac
2077 859 2314 914 retinere
2340 863 2563 928 parant;
2597 851 2956 908 nihilominus
2981 851 3072 905 ille
3102 855 3376 920 perurget.

1983 952 2228 1024 C(Pptum
2260 951 2380 1017 iter,
2411 955 2676 1003 attestans
2709 964 2777 1000 ne
2805 946 2874 1000 sit
2909 959 3060 999 mora
3092 942 3229 997 forte
3260 939 3486 994 molesta

1988 1045 2056 1098 Se
2084 1049 2413 1113 preperante
2455 1039 2610 1111 fuga;
2640 1040 2784 1102 Post,
2810 1037 3010 1107 inquit,
3042 1050 3203 1088 causa
3235 1029 3440 1101 patebit

1990 1133 2069 1186 Me
2092 1131 2270 1185 subito
2292 1147 2322 1184 a
2339 1129 2494 1184 vobis
2521 1128 2795 1197 celerique
2814 1126 3075 1199 migrasse
3105 1138 3342 1176 recessu.

1989 1221 2096 1275 Nec
2124 1236 2277 1275 mora
2308 1225 2431 1290 post
2461 1227 2674 1271 noctem
2709 1216 2929 1269 lictores
2961 1211 3174 1281 hospita
3204 1210 3422 1279 pulsant

1989 1314 2216 1378 Limina,
2261 1318 2541 1383 portantes
2571 1307 2813 1380 perversi
2845 1306 3022 1360 edicta
3054 1301 3266 1374 tyranni
3294 1301 3470 1369 (162),

1991 1404 2140 1458 llunc
2171 1402 2286 1473 qui,
2323 1402 2623 1466 destructo,
2662 1414 2770 1468 quo
2813 1403 3026 1450 rexerat
3057 1392 3296 1466 agmina,
3343 1389 3597 1453 claustro,

1990 1491 2330 1546 Funebribus
2356 1489 2525 1558 jussis
2551 1487 2834 1541 mandarat
2862 1484 3068 1553 ubique
3098 1479 3324 1550 requiri.

1992 1584 2248 1641 Frustrati
2283 1583 2440 1642 votis,
2470 1581 2657 1654 Magus
2686 1586 2788 1646 est,
2822 1584 2880 1632 ut
2910 1575 3128 1639 dicitur,
3164 1571 3238 1625 illi
3266 1589 3278 1634 ;

1991 1676 2128 1729 Yera
2162 1673 2409 1728 feruntur
2435 1687 2559 1724 eum
2581 1669 2809 1742 magicis
2840 1665 3038 1721 callere
3072 1662 3267 1714 futura.

1917 1775 1969 1842 Î’
1994 1763 2087 1818 llle
2118 1762 2287 1818 eremi
2316 1767 2528 1816 secreta
2550 1759 2758 1832 legens,
2790 1762 3034 1808 semotus
3065 1752 3118 1804 in
3148 1764 3352 1803 annum

1995 1859 2184 1912 Ferme
2216 1856 2420 1920 madet,
2448 1853 2643 1916 donec,
2687 1850 2828 1903 fama
2866 1849 3143 1921 vulgante,
3179 1840 3423 1902 nitescit;

1992 1947 2224 2017 Jamque
2257 1959 2449 1998 carens
2480 1941 2706 2004 latebra,
2731 1938 2890 1993 terris
2918 1937 3063 1989 bene
3096 1941 3260 1987 notus
3291 1929 3433 1983 Eois.

1995 2037 2214 2108 Appetit
2235 2035 2506 2106 aequoreis
2546 2033 2762 2087 tandem
2795 2046 2854 2084 se
2886 2028 3143 2083 claudere
3168 2022 3370 2077 arenis.

1993 2129 2301 2200 Discipulus
2318 2135 2444 2182 tunc
2464 2125 2763 2181 adveniens
2783 2122 3054 2176 Adrianus
3086 2119 3154 2172 ab
3179 2116 3289 2171 oris

1997 2222 2152 2275 Forte
2185 2219 2509 2286 Palaestinis,
2542 2217 2732 2288 pandit
2764 2214 2992 2286 periisse
3025 2209 3322 2264 nefandum

2001 2313 2170 2386 Regni
2213 2312 2631 2385 sceptrigerum,
2665 2308 2854 2361 Christi
2888 2318 3116 2376 regnare
3143 2301 3397 2356 clientem
3438 2295 3606 2365 (163),

2002 2405 2359 2475 llortaturque
2377 2401 2695 2456 monasterii
2728 2399 2963 2454 recidiva
2991 2394 3224 2466 reposci.

1997 2494 2328 2565 Abnuitï¬ste
2359 2494 2529 2546 decus
2559 2489 2793 2564 fugiens,
2837 2503 2945 2542 non
2978 2484 3123 2538 bella
3153 2485 3447 2543 rcnutans;

2003 2586 2108 2640 Nec
2143 2584 2496 2640 reverebatur
2527 2582 2779 2652 pavidus,
2814 2579 2904 2650 qui
2936 2593 3098 2651 regna
3122 2587 3354 2644 perosus

2001 2680 2275 2749 Deviaque
2317 2677 2618 2748 ingressus,
2651 2673 2924 2728 conducto
2959 2669 3171 2722 interna
3199 2663 3431 2727 camelo,

2004 2777 2101 2830 Per
2142 2776 2259 2836 loca
2281 2781 2428 2829 vasta
2455 2769 2841 2826 Farhetonium
2884 2763 3200 2837 perducitur
3229 2760 3440 2814 urbem.

1996 2871 2088 2919 Ast
2118 2864 2384 2918 Adrianus
2404 2863 2615 2916 honore
2643 2859 2830 2913 calens
2853 2865 2907 2911 et
2937 2851 3192 2909 culminis
3222 2866 3354 2904 aura

1997 2953 2280 3018 Perflatns,
2307 2950 2461 3006 vellit
2492 2949 2648 3003 furiis
2679 2955 2733 3001 et
2756 2945 2942 3000 fraude
2971 2941 3314 3016 magistrum,

1997 3047 2058 3100 Et
2087 3045 2228 3098 male
2260 3043 2506 3115 protritis
2526 3057 2646 3112 qua:
2670 3039 2746 3093 iili
2781 3037 3014 3111 leganda
3054 3035 3262 3088 dicarat

1920 3151 1967 3216 Ï
2001 3134 2170 3207 Larga
2199 3147 2417 3195 manus,
2446 3139 2632 3199 Spreto
2665 3125 2850 3180 infelix
2879 3124 3029 3178 senis
3057 3138 3154 3177 ore
3178 3118 3439 3182 recessit;

2001 3226 2204 3300 Regius
2234 3223 2379 3278 haud
2409 3223 2631 3294 longum
2660 3217 2821 3273 morti
2853 3231 3014 3286 quem
3047 3212 3272 3267 morbus
3303 3208 3507 3281 adegit.

2068 3299 2285 3368 Zonano
2325 3309 2720 3376 seniorjuncto
2751 3304 2901 3357 subit
2930 3301 3077 3356 edita
3109 3299 3306 3353 classis

1997 3403 2236 3458 Siciliam
2279 3399 2576 3462 tendentis,
2608 3413 2673 3450 ea
2701 3395 2868 3448 scissa
2901 3391 3063 3446 Adria
3094 3389 3265 3460 puppi

2000 3497 2134 3549 Dum
2163 3493 2384 3564 legitur,
2413 3490 2596 3544 subito
2629 3486 2870 3540 naucleri
2906 3484 3049 3537 tilius
3072 3488 3188 3535 atro

2001 3587 2246 3644 Flamine
2260 3593 2569 3655 correptus,
2591 3583 2944 3651 clamansque
2963 3578 3036 3632 ita
3057 3576 3285 3647 prodere
3310 3573 3512 3628 fervet:

2005 3678 2244 3732 llilarion
2278 3692 2395 3740 cur,
2427 3688 2587 3727 serve
2618 3669 2735 3730 Dei,
2767 3684 2871 3722 nec
2902 3668 2954 3720 in
2976 3665 3214 3736 aequoris
3244 3663 3408 3717 undis

2004 3771 2132 3825 Esse
2161 3769 2289 3823 licet
2319 3773 2487 3830 tutus,
2513 3763 2749 3835 spatium
2783 3761 2852 3814 da
2882 3767 3105 3829 tangere
3133 3765 3303 3810 terras

2006 3865 2102 3919 llic
2131 3864 2267 3917 imas
2299 3877 2364 3916 ne
2399 3859 2712 3932 principitcr
2733 3855 2997 3926 depulsus
3015 3852 3266 3922 abyssos.

2005 3952 2102 4007 llle
2136 3951 2330 4006 dolens
2349 3949 2549 4022 relegi:
2588 3948 2846 4008 Remane,
2879 3943 3018 3997 Deus
3049 3957 3115 3994 en
3149 3955 3326 4003 meus,
3353 3937 3548 4008 inquit.

2006 4040 2060 4094 Si
2093 4040 2245 4106 sinit,
2275 4039 2366 4093 hic
2391 4039 2608 4102 socius;
2643 4035 2918 4106 prohibet,
2951 4032 3034 4113 sin
3065 4029 3153 4083 ille
3179 4028 3376 4082 morari

2008 4129 2219 4184 Invidia
2246 4128 2392 4200 quod
2415 4127 2532 4200 agis
2555 4133 2900 4194 peccatorem
2933 4130 3096 4192 atque
3119 4126 3400 4171 vacantem
3422 4114 3448 4167 ?

2006 4219 2111 4273 Sed
2139 4224 2291 4287 patre
2315 4217 2477 4270 dante
2519 4213 2682 4267 fidem
2713 4212 2941 4283 reliquis
2972 4226 3082 4264 non
3113 4207 3337 4262 credere
3371 4201 3553 4268 terris,

2010 4315 2282 4387 Expurgat
2303 4310 2433 4366 vitio
2464 4323 2720 4380 puerum,
2747 4307 3141 4378 ingressusque
3172 4297 3622 4362 Iâ€™achimnm(Pa-

3275 4393 3556 4466 [chynum)

2013 4498 2166 4563 Quod
2183 4498 2360 4552 solum
2385 4499 2659 4564 superest,
2679 4490 2845 4544 rebus
2867 4487 3014 4560 quod
3033 4492 3195 4541 restat
3215 4500 3411 4559 egeno.

1935 4571 1986 4636 D
2017 4593 2140 4648 Fert
2167 4610 2263 4664 pro
2289 4593 2478 4658 naulo,
2506 4586 2856 4661 Evangelium
2886 4583 3032 4656 quod
3067 4581 3364 4651 scripserat
3391 4577 3521 4632 olim

2020 4686 2140 4755 lpse
2160 4703 2327 4740 manu
2359 4683 2603 4756 propria,
2637 4680 2798 4734 nituit
2828 4680 2957 4733 dum
2985 4677 3158 4747 prima
3185 4674 3431 4741 juventa.

2019 4780 2225 4852 Navigii
2248 4782 2425 4834 renuit
2451 4779 2726 4845 dominus,
2759 4776 2887 4842 nisi,
2921 4773 3133 4838 codice,
3165 4776 3335 4824 veste.

2019 4872 2092 4925 Re
2124 4887 2355 4925 cernens
2385 4871 2598 4942 inapes.
2636 4870 2866 4925 laetatus
2896 4881 3058 4940 cgere
3089 4864 3307 4925 beatus;

2021 4965 2084 5016 At
2113 4978 2182 5015 ne
2211 4969 2490 5031 promatur
2518 4962 2824 5017 meditullia
2855 4958 3046 5014 transit
3077 4957 3128 5009 in
3159 4970 3307 5019 arva,

2023 5051 2301 5120 Lignaque
2331 5048 2597 5103 decidens
2624 5053 2886 5105 humeros
2917 5046 3182 5102 onerabat
3210 5039 3452 5103 alumni;

2021 5145 2134 5207 Quo
2163 5143 2433 5196 redeunte
2455 5141 2541 5194 die
2571 5143 2745 5211 pretio
2777 5157 2874 5211 pro
2907 5139 3150 5212 pondere
3177 5140 3392 5204 sumpto

2021 5236 2180 5292 Panis
2201 5251 2360 5305 Opem
2401 5234 2490 5288 tali
2520 5234 2738 5290 sibimet
2758 5236 2958 5290 sudore
2986 5232 3271 5305 parabant.

2021 5331 2231 5384 Interea
2255 5326 2400 5381 Petri
2432 5325 2653 5396 quidam
2685 5326 2825 5378 intra
2855 5325 3046 5378 limina
3073 5325 3257 5378 Romae

2021 5422 2336 5478 Dremonico
2378 5421 2574 5474 clamat
2601 5417 2872 5472 scutarius
2900 5417 3102 5487 impete
3129 5424 3332 5487 raptus,

2095 5625 2236 5696 (163)
2275 5625 2642 5682 Jovinianum.
