3970 6200
437 171 543 224 539

1197 189 1565 252 FLODOARDI
1607 198 1909 262 CANONlCl
1951 209 2280 274 REMENSIS
2323 220 2662 279 OPUSCULA
2701 227 3014 291 METRICA.

435 297 673 356 Siciliam
705 312 831 361 ante
861 308 980 363 dies
1010 329 1215 382 paucos
1241 334 1363 374 esse
1398 323 1727 385 llilarionem

3686 259 3792 312 550

2072 351 2122 416 Α
2161 347 2509 424 Ιηῐθηάιῐῳιρ
2540 372 2738 414 manus
2767 372 2980 432 contra,
3004 368 3259 427 mirabile
3280 374 3462 432 dictul

433 384 780 459 lngressum;
815 411 975 465 quem
1019 417 1180 458 nemo
1210 408 1373 477 sapit,
1407 420 1560 481 putat
1593 417 1708 486 ipse
1738 421 1905 479 latere

429 479 718 551 Secretus;
753 490 849 542 sed
878 493 1043 550 abibo
1077 505 1137 552 et
1164 515 1288 557 eum
1319 479 1418 575 per
1450 479 1690 581 compita
1718 519 1947 586 prodam

431 572 660 648 Moxque
710 590 906 650 petens
973 599 1188 659 portum
1242 572 1473 670 appellit
1527 572 1754 664 sinuosa
1807 600 2050 673 Pachimi

1670 697 1976 775 [Pachyni],

1670 753 1685 768 ι.
1738 753 1755 754 η
1774 753 1785 754 ί
1804 753 1858 773 ηιμ
1876 753 1976 775 “'J'

425 753 496 806 Ac
522 753 665 812 duce
692 775 1018 830 possessore
1051 769 1193 845 (164)
1219 791 1400 833 casam
1427 785 1576 838 senis
1601 795 1726 843 ante
1751 793 2040 851 recumbit.

424 840 533 896 Nec
571 861 742 915 mora,
769 850 906 907 liber
937 856 1073 923 ablt,
1107 863 1421 938 medicique
1451 874 1731 931 notamina
1763 882 1970 955 pangit.

424 934 584 955 “um
665 939 674 955 ,
1080 951 1092 955 ,

1332 934 1346 938 -
1763 934 1778 949 .
1873 934 1949 955 σκ-

421 934 590 996 Quem
624 939 810 1008 plures
855 951 1132 1020 extemplo
1171 956 1396 1026 adeunt,
1432 965 1753 1039 morbisque
1794 971 2046 1032 levantur

1385 1020 1393 1026 ν
1663 1020 1749 1039 1---
1794 1020 1825 1025 ,,

420 1020 672 1093 Corporis
698 1047 761 1085 ac
786 1037 1007 1092 mentis.
1041 1040 1172 1096 Tum
1208 1045 1278 1099 de
1309 1049 1644 1118 primoribus
1664 1074 1825 1128 unus,

417 1111 510 1164 tlui
551 1117 830 1187 gravidam
865 1123 1143 1196 lymphata
1174 1111 1354 1188 cutem
1387 1138 1731 1201 distenderat
1762 1111 1930 1219 unda,

414 1203 528 1265 Quo
561 1207 708 1262 venit
729 1212 831 1264 sub
857 1216 994 1283 sole,
1031 1221 1171 1276 redit
1201 1241 1324 1280 mox
1356 1231 1602 1298 pondere
1631 1236 1786 1295 liber.

412 1289 508 1353 Qui
545 1297 860 1356 medicatori
904 1313 1216 1374 praestantia
1249 1320 1471 1384 praemia
1503 1340 1788 1397 promens,

413 1378 492 1397 IL
972 1395 978 1397 Α

412 1378 533 1434 Ηωο
556 1399 818 1455 responsa
860 1395 1044 1461 capit:
1073 1378 1400 1460 Gratis-data
1427 1378 1611 1466 dedite
1635 1378 1824 1486 gratis.

479 1473 624 1527 lnter
640 1493 760 1547 quae
781 1480 1102 1554 Hesychius,
1123 1508 1375 1562 quaerens
1397 1505 1507 1554 toto
1527 1503 1661 1559 urbe
1682 1509 2022 1583 magistrum,

407 1560 607 1616 Littora
636 1567 947 1641 perlustrat,
979 1560 1231 1647 penetrat
1261 1587 1500 1658 deserta,
1527 1594 1771 1653 levamen

404 1649 574 1707 Corde
605 1655 794 1715 fovens
817 1662 982 1733 istud,
1014 1676 1222 1728 tantum
1248 1693 1357 1732 non
1383 1697 1544 1750 posse
1568 1687 1737 1743 latere

402 1745 551 1802 llunc
574 1751 890 1827 ubicunque
910 1761 1030 1819 diu.
1064 1766 1232 1831 Quam
1258 1789 1411 1842 spem
1439 1784 1548 1832 tres
1565 1781 1714 1839 ducit
1740 1785 1792 1840 in
1821 1803 2017 1848 annos.

399 1833 530 1889 lnde
560 1854 590 1891 a
627 1841 818 1900 Judteo
857 1852 1118 1909 vendenti
1148 1833 1331 1915 scruta
1364 1864 1595 1924 Metonm

397 1927 557 1982 Audit
587 1931 790 1990 Siciliae
821 1942 974 1997 mirae
1017 1947 1230 2006 virtutis
1258 1953 1310 2007 in
1343 1958 1455 2011 oris

396 2011 733 2076 Christicolis
762 2035 940 2084 vatem
975 2039 1194 2106 populis
1225 2043 1456 2101 nituisse
1487 2053 1783 2124 novellum,

391 2106 486 2161 'l'ot
515 2111 690 2184 signis
718 2117 946 2189 clarum,
983 2130 1146 2185 tantis
1178 2133 1476 2194 virtutibus
1507 2142 1697 2208 altum,

391 2195 712 2258 Sanctorum
736 2215 792 2262 ut
812 2219 1055 2269 veterum
1077 2220 1300 2288 quidam
1331 2242 1452 2282 esse
1481 2233 1745 2302 prepheta
1765 2247 2009 2308 putetur.

400 2288 416 2308 Δ
440 2288 513 2308 -Ιη’
802 2301 811 2308 ·
844 2303 851 2308 ‘
993 2307 999 2308 '

389 2288 618 2348 Adriaco
648 2312 770 2353 mox
801 2301 890 2358 hic
921 2307 1116 2382 pelago
1141 2313 1418 2374 Trinacria
1449 2288 1620 2379 fertur

391 2377 448 2432 ln
479 2382 613 2446 sola,
642 2389 1093 2464 remigiojustum
1115 2401 1351 2461 ducente
1371 2414 1617 2469 secundo

386 2469 638 2530 Scitatus.
676 2479 871 2538 famam
905 2490 1056 2544 senis
1088 2509 1198 2550 uno
1227 2505 1286 2551 ut
1315 2500 1383 2554 ab
1415 2519 1511 2559 ore
1537 2511 1797 2578 capessit,

386 2557 485 2578 μη

1493 2557 1504 2559 ἡ
1545 2557 1709 2578 Mr",

383 2557 634 2618 Consona
655 2577 976 2630 cunctorum
1007 2581 1154 2636 rutili
1188 2590 1463 2654 praeconia
1495 2593 1664 2650 lichni
1696 2616 1709 2651 :

385 2650 499 2713 Qua
528 2654 716 2726 niteat,
743 2663 873 2733 quid
906 2677 1049 2740 agat,
1073 2650 1232 2743 quam
1259 2679 1412 2751 signa
1443 2690 1717 2757 stupenda
1739 2693 2000 2766 celebret,

385 2741 613 2766 (λῃ-ειη
681 2751 692 2766 .
721 2752 731 2762 .
890 2758 903 2766 .

382 2741 650 2802 Omnibus
679 2751 810 2810 hinc
837 2758 977 2816 adeo
1007 2775 1247 2823 mentem
1279 2773 1609 2834 mirantibus
1635 2782 1786 2853 almi,

382 2831 532 2853 lluA-l
568 2851 593 2853 μ
615 2852 622 2853 κ

381 2831 534 2893 Quod
567 2851 668 2892 nec
687 2855 851 2911 Opem
873 2863 901 2899 a
941 2866 1217 2922 quoquam
1247 2860 1426 2928 capiat
1454 2874 1578 2934 post
1604 2869 1730 2925 talia
1751 2831 1926 2943 panis.

384 2919 640 2943 ,κυεην
729 2939 735 2943 _
840 2933 851 2943 .
980 2938 991 2943 -

381 2919 694 2993 Discipulus
726 2933 944 2990 tandem
979 2919 1233 3012 lacrymis
1260 2919 1358 3018 per
1379 2919 1579 3023 gaudia

383 3009 575 3085 Irrigat
602 3014 808 3075 inventi
841 3023 945 3081 hoc
974 3009 1192 3098 plantas
1231 3009 1432 3094 sudante
1459 3046 1735 3120 magistri;

383 3096 579 3120 ιη’-,μ
619 3119 630 3120 7
740 3113 749 3120 Δ
1059 3118 1106 3120 _,

378 3096 586 3170 Vixque
608 3113 824 3164 erectus
857 3128 944 3180 eo,
975 3096 1031 3171 et
1056 3118 1224 3179 biduo
1247 3126 1499 3186 triduove
1523 3096 1730 3193 refotus

376 3193 598 3254 Famine
631 3203 916 3276 mellifluo,
945 3213 1087 3270 velle
1125 3218 1269 3275 huuc
1293 3225 1524 3282 evadere
1558 3238 1727 3289 terras

371 3377 485 3439 Qua
515 3383 762 3440 residere
790 3401 979 3461 qneat,
1002 3395 1347 3476 Dominoque
1380 3424 1574 3467 vacare
1608 3415 1847 3486 quietus.

437 3471 662 3531 Ducitur
691 3495 820 3553 ergo
853 3485 1204 3556 Epidauraeos
1235 3471 1527 3572 proreptus
1560 3471 1824 3581 in.agros,

365 3559 478 3622 Qua
510 3578 690 3636 neque
708 3571 916 3629 celatus
947 3577 1111 3655 longo
1141 3559 1246 3638 sub
1281 3559 1527 3660 tempore
1546 3559 1697 3669 degi:

367 3646 502 3669 n--_-
542 3652 553 3669 ι
597 3660 608 3669 .
857 3663 890 3669 --
1027 3668 1032 3669 ί

364 3646 507 3704 lture
541 3652 716 3711 latens
746 3663 980 3722 modico.
1013 3646 1294 3742 Siquidem
1329 3646 1492 3736 draco
1522 3646 1752 3759 magnus
1792 3691 1978 3749 Achivi

364 3742 530 3810 Quos,
553 3751 680 3803 trito
709 3767 987 3825 sermone,
1030 3761 1162 3817 boas
1187 3767 1425 3824 vocitare
1455 3776 1620 3842 sueti,

361 3825 489 3885 Late
516 3843 670 3892 actus
692 3845 960 3902 vacuabat
991 3866 1170 3921 agros,
1203 3867 1450 3915 armenta
1488 3879 1797 3940 gregesque

357 3926 721 4007 Pastoresque
775 3956 994 4014 vorans,
1051 3947 1237 4005 lethali
1288 3926 1520 4014 flamine
1557 3926 1794 4023 tractans
1854 3971 1973 4042 (pro

1657 4057 1869 4114 rahens.

1635 4057 1869 4115 trahens.

357 4104 452 4161 (lui
482 4119 685 4170 vastam
711 4117 871 4186 jubet
900 4121 992 4178 ille
1024 4143 1213 4197 pyram
1243 4132 1518 4210 funusque
1544 4054 1745 4212 pa[rari,
1879 4063 1898 4133 )

353 4196 712 4276 Excitumque
732 4207 857 4265 data
871 4213 1222 4292 seriem(166)
1249 4240 1411 4295 prece
1425 4196 1701 4292 scandere
1723 4196 1962 4299 mandat.

349 4291 674 4369 Obsequitur
713 4321 912 4378 supera
943 4327 1173 4382 serpens
1203 4319 1402 4377 virtute
1434 4336 1675 4384 coactus.

349 4390 646 4463 Supposito
666 4399 758 4456 ille
780 4419 1032 4464 cremans
1056 4411 1359 4472 immanem
1393 4419 1583 4478 fomite
1607 4434 1817 4496 pestem

345 4483 679 4547 Admiranda
709 4495 860 4552 dedit
889 4503 1088 4570 pavido
1120 4513 1434 4578 spectacula
1461 4483 1643 4591 vulgo.

343 4575 690 4650 Tempestate
716 4588 818 4642 sub
852 4591 974 4662 hac,
1016 4605 1174 4654 motae
1191 4607 1484 4661 concussio
1515 4614 1669 4665 terrae

340 4668 575 4742 {Equora
613 4665 880 4739 limitibus
909 4689 1184 4762 metisque
1217 4694 1414 4750 elludit
1439 4698 1665 4769 abactis,

338 4758 608 4819 Diluvium
643 4776 701 4823 ut
730 4785 944 4829 rursum
979 4758 1208 4835 instaret
1237 4785 1590 4856 mortalibus;
1623 4805 1816 4850 omnes

337 4851 632 4924 Antiquum
667 4860 895 4920 timuere
926 4868 1094 4924 chaos
1117 4871 1186 4926 de
1211 4877 1495 4933 montibus
1524 4851 1672 4938 actas

338 4945 578 5005 Excelsis
607 4955 850 5023 pendere
883 4968 1046 5028 rates,
1077 4964 1388 5040 fluctusque
1420 4969 1722 5032 frementes

338 5034 620 5105 Gurgitum
642 5041 1006 5105 inundantum
1040 5051 1167 5108 ferri
1191 5072 1291 5127 per
1315 5057 1495 5116 iittora
1523 5073 1737 5122 montes

331 5121 630 5184 Cernentes
650 5131 979 5207 Epidaurzei,
1009 5141 1138 5198 dum
1167 5121 1442 5219 stragibus
1465 5151 1623 5209 urbis

329 5215 628 5278 Praeteritis
661 5228 960 5302 trepidant,
993 5235 1166 5292 Patris
1186 5215 1446 5317 suffragia
1474 5257 1746 5317 quierunt,

327 5311 497 5375 Quem
530 5331 627 5386 spe
661 5333 996 5396 praesumpta
1027 5330 1306 5399 rapientes
1346 5311 1528 5392 littore
1554 5340 1772 5396 sistunt.

325 5397 445 5455 Mox
475 5403 578 5456 tria
601 5405 759 5477 signa
789 5415 968 5468 crucis
1011 5397 1204 5474 sabulo
1245 5421 1374 5476 dum
1418 5425 1596 5500 pingit
1623 5438 1795 5497 arato,

395 5511 538 5582 (164)
580 5514 639 5582 Id
666 5527 747 5572 est
778 5507 1049 5582 decumbe.

396 5581 544 5646 (165)
587 5581 645 5632 ld
672 5597 754 5642 est
782 5597 997 5650 struem.

2163 438 2405 498 Creverit
2436 455 2495 500 ut
2521 463 2756 524 surgens
2780 457 3105 530 steteritque
3139 463 3190 518 in
3225 467 3466 526 molibus
3494 488 3716 546 arquor,

2159 527 2566 606 lndignansque
2596 537 2950 615 fremensque
2973 548 3089 620 diu,
3112 553 3262 608 velut
3278 555 3441 614 obice
3457 577 3712 633 versum,

2158 616 2215 669 ln
2247 629 2422 675 semet
2449 625 2654 680 sensim
2685 627 2962 703 lapsisque
2993 637 3272 697 refluxerit
3299 646 3484 704 undis.

2150 796 2306 855 Parte
2339 801 2516 860 fluunt
2543 807 2670 873 alia,
2702 810 2830 868 hinc
2860 830 2962 870 ceu
2993 823 3310 890 marmorei,
3344 826 3476 882 inde
3505 830 3776 903 liquores,

2150 884 2178 903 ρ,
2324 889 2355 903 ,Α
2459 892 2468 901 .
2495 893 2507 903 .
2548 901 2554 903 .
2795 900 2804 903 -

2146 884 2430 962 Spargitur
2457 892 2510 946 id
2543 901 2651 950 tota
2691 900 2941 972 regione,
2971 921 3071 974 per
3109 923 3257 977 arva,
3283 884 3381 982 per
3411 884 3597 986 urbes,

2144 971 2410 1032 Mirantur
2435 982 2616 1037 cuncti
2648 971 2834 1042 eximii
2867 993 3141 1065 magnalia
3179 997 3343 1072 signi,

2145 1065 2242 1120 llle
2272 1069 2466 1124 dolens
2494 1075 2674 1142 prodi.
2707 1076 2898 1134 lembo
2926 1082 3065 1138 clam
3098 1065 3260 1143 nocte
3293 1094 3562 1151 recedens

2140 1158 2356 1235 Effugit,
2388 1170 2442 1217 et
2466 1166 2640 1223 classe
2663 1186 2910 1242 ascensa,
2935 1177 3094 1234 Malta
3109 1181 3316 1256 [Malea]
3335 1194 3502 1259 atque
3534 1191 3765 1263 Cythera

2133 1247 2448 1310 Occurrunt.
2475 1256 2726 1330 Dumque
2756 1263 2863 1318 alia
2892 1266 3024 1341 legit
3043 1270 3274 1340 piratica
3303 1293 3565 1350 grassans

2131 1339 2526 1402 Ferturadesse
2541 1366 2756 1420 manus,
2783 1358 3060 1427 trepidant
3076 1364 3210 1419 socii
3227 1382 3490 1441 armaque
3503 1387 3762 1445 poscunt,

2129 1431 2395 1491 Exercent
2424 1445 2836 1515 cunctos(l66),
2873 1450 3206 1510 creberrima
3238 1431 3430 1516 nuntia
3459 1431 3693 1524 currunt

2128 1523 2186 1577 ld
2219 1528 2452 1585 recitare
2475 1534 2616 1588 seni.
2653 1535 2860 1594 Ridens
2890 1545 3082 1612 procul
3114 1547 3205 1603 ille
3237 1553 3456 1609 carinas

2127 1616 2355 1674 Utvidet
2387 1621 2642 1680 hostiles:
2675 1643 2698 1681 α
2732 1630 2892 1698 Quid,
2923 1635 3020 1702 ait,
3057 1640 3361 1710 trepidatis,
3386 1647 3653 1705 alumni?

2048 1716 2094 1782 Β
2126 1709 2162 1762 0
2197 1713 2424 1768 modicae
2456 1715 2614 1772 fidei!
2650 1719 2948 1781 Pharaonis
2971 1744 3038 1783 an
3061 1733 3279 1804 agmina
3308 1737 3469 1806 plura

2128 1799 2362 1858 Cernitis
2393 1809 2728 1880 agminibus,
2751 1815 2892 1870 divis
2919 1836 3041 1890 quae
3070 1839 3250 1879 mersa
3287 1829 3630 1901 triumphis?
3663 1860 3688 1885 ο

2123 1892 2403 1951 Ξειθγοιιιιῐη
2437 1898 2650 1958 interea
2681 1911 2993 1976 spumantia
3024 1920 3196 1969 rostra
3220 1920 3634 1993 prOpinquant;

2124 1982 2364 2040 Emissus
2396 2003 2662 2060 quantum
2696 2000 2856 2067 spatii
2893 2000 3032 2071 lapis
3059 2015 3292 2076 occupat
3321 2010 3553 2082 absunt,

2120 2072 2216 2127 llle
2257 2092 2422 2133 manu
2465 2092 2656 2138 contra
2688 2096 2890 2155 erecta,
2923 2092 3276 2152 venientibus
3302 2115 3399 2155 ora

2117 2161 2191 2216 De
2226 2165 2346 2219 navi
2381 2166 2653 2239 loquitur:
2683 2196 2707 2223 ει
2742 2176 2884 2232 Satis
2914 2189 2998 2234 est
3026 2182 3133 2238 huc
3164 2201 3338 2258 usque
3373 2206 3618 2251 mcasse.
3657 2221 3674 2249 ι

2115 2249 2244 2305 Mira
2274 2252 2442 2309 fides!
2471 2259 2684 2316 resilire
2711 2271 2870 2332 rates,
2897 2249 3436 2346 puppimque-petita

2110 2343 2344 2413 Agmine
2368 2348 2637 2406 nitentum
2659 2363 2847 2411 contra
2879 2369 3004 2429 post
3035 2343 3186 2437 terga
3206 2343 3388 2426 redire

2109 2432 2338 2504 Invitos,
2371 2443 2624 2511 stupidos
2655 2447 2848 2503 citiore
2879 2452 2946 2505 ad
2978 2432 3158 2510 littora
3191 2474 3358 2517 cursu

2109 2521 2279 2585 Quam
2314 2534 2534 2582 ventum
2567 2530 2761 2595 fuerat.
2797 2553 2950 2594 casso
2982 2544 3267 2602 molimine
3300 2549 3456 2617 ferri,

2172 2614 2260 2669 Sic
2283 2628 2632 2689 grassantum
2656 2627 2855 2684 athleta
2886 2631 2979 2686 Dei
3006 2634 3127 2689 sine
3162 2642 3436 2713 sanguine
3460 2646 3662 2713 victor,

2103 2699 2243 2757 Lzeta
2275 2712 2485 2777 trOptea
2513 2709 2716 2782 ferens,
2749 2717 2879 2792 legit
2909 2736 3131 2793 azquora
3165 2699 3430 2798 Cycladas
3454 2733 3622 2802 inter,

2101 2791 2401 2852 Littoribus
2432 2801 2598 2857 variis
2615 2791 2938 2881 crebrisque
2962 2812 3203 2872 furentia
3234 2821 3419 2890 terris,

2100 2878 2267 2935 Tutus
2296 2885 2372 2938 uti
2401 2889 2574 2944 sulcet
2597 2892 2800 2962 placidi
2831 2878 2967 2954 vada
2989 2903 3144 2958 mitia
3175 2910 3376 2980 stagni.

2107 2969 2344 3030 Urbibus
2368 2993 2431 3032 ac
2454 2979 2589 3036 vicis
2617 2986 2821 3053 passim
2851 3005 3181 3051 concurrcre
3208 2999 3408 3073 vulgus

2100 3059 2356 3118 Dazmonc
2385 3073 2738 3135 possessuum
2766 3091 2829 3129 ac
2858 3094 3022 3134 voces
3054 3081 3312 3142 incedere
3344 3089 3400 3145 in
3434 3109 3619 3149 aures.

2024 3134 2072 3202 C
2094 3150 2293 3224 Sicque
2320 3134 2564 3228 Paphum
2587 3165 2872 3234 appulsus,
2895 3173 3193 3242 requiescit
3210 3178 3279 3231 ab
3301 3181 3442 3237 urbe
3460 3197 3721 3243 remotus.

2099 3339 2194 3394 Vix
2223 3343 2453 3400 volvens
2481 3351 2740 3419 spatium,
2777 3359 2990 3414 cunctis
3029 3378 3267 3436 namque
3300 3368 3481 3426 insula
3531 3375 3723 3430 clamat

2100 3428 2333 3486 Urbibus
2363 3448 2458 3488 ore
2490 3437 2820 3510 agitatorum
2843 3444 3040 3502 famam
3075 3428 3392 3524 Hilarionis,

2087 3524 2388 3583 Advenisse
2413 3529 2507 3585 Dei
2528 3548 2764 3600 servum,
2799 3539 2943 3596 hunc
2974 3543 3078 3599 sibi
3109 3546 3213 3602 rite
3241 3553 3574 3620 petendum.

2085 3616 2390 3674 Occurrunt
2433 3621 2694 3694 Lapithas.
2739 3629 3035 3701 Salamina,
3076 3616 3313 3711 aliaeque
3344 3646 3644 3703 resultant:

2081 3704 2504 3779 Appproperant
2545 3716 2761 3771 cunctis
2787 3723 3034 3778 certatim
3063 3742 3128 3780 ex
3158 3704 3392 3787 urbibus
3423 3736 3554 3802 acti,

2081 3794 2253 3865 Atque
2285 3813 2395 3854 nno
2425 3812 2625 3860 coeunt
2649 3809 2825 3863 vexati
2854 3821 3039 3868 mente
3070 3814 3315 3888 ducenti,

2075 3886 2216 3942 Sexu
2248 3888 2491 3948 discreti.
2519 3896 2671 3956 Dolet
2689 3903 2890 3958 auferri
2919 3905 3012 3962 ille
3039 3886 3307 3982 quietem,

2074 3976 2725 4060 Preesidiumquepetens
2756 4006 2968 4064 notum,
2993 3976 3171 4070 precis
3190 4004 3314 4076 igne
3345 4007 3558 4082 fatigat,

2073 4071 2484 4148 Colluctatores,
2521 4083 2658 4140 alios
2688 4103 2812 4143 mox
2842 4090 3069 4160 decutit,
3102 4071 3269 4170 atque

2071 4161 2196 4217 Post
2217 4163 2444 4222 biduum
2474 4172 2785 4233 triduumve
2802 4180 2964 4248 alius,
2991 4161 3287 4260 nullusque
3318 4192 3549 4258 resistit,

2070 4248 2425 4310 llebdomada
2448 4260 2728 4330 explicita,
2755 4267 2850 4337 qui
2867 4285 2976 4324 non
2996 4248 3212 4331 lmtatus
3229 4278 3400 4335 abire.

2138 4346 2354 4404 Exactis
2373 4354 2611 4422 geminis
2635 4368 2924 4431 postquam
2950 4365 3250 4426 devenerat
3270 4376 3454 4444 annis,

1980 4411 2040 4479 Ῑ)
2066 4435 2276 4512 Cogitat
2313 4411 2527 4518 iE-gypti
2563 4411 2828 4526 profugus
2858 4454 2978 4512 loca
3009 4458 3238 4518 barbara
3271 4420 3460 4536 adire’;

2067 4527 2272 4586 Suadet
2301 4543 2354 4588 at
2383 4537 2684 4608 Hesychius
2717 4543 2873 4616 Cypri
2908 4557 3200 4618 penetrare
3231 4572 3506 4628 recessus,

2062 4617 2406 4694 Abducitque
2437 4627 2596 4696 mari,
2620 4643 2836 4688 montes
2867 4638 3056 4706 procul
3082 4639 3229 4696 inter
3255 4659 3480 4715 Opacos,

2063 4708 2350 4780 Reptando
2381 4719 2628 4792 genibus,
2649 4725 3019 4800 manibusque
3049 4708 3492 4805 abrupta-subici

2060 4799 2188 4863 Quae
2217 4802 2306 4856 vix
2339 4807 2702 4874 praevaleant:
2737 4799 2983 4883 pomaria
3014 4823 3225 4878 consita
3256 4842 3534 4886 ammnum

2059 4891 2408 4963 Reddebant,
2441 4898 2703 4974 ductique
2736 4906 2914 4962 locum
2949 4911 3016 4966 de
3048 4916 3250 4972 vertice
3281 4920 3402 4978 rivi.

2055 4978 2167 5036 Nec
2193 4982 2468 5041 detractus
2494 4989 2673 5046 honos
2695 4993 2762 5047 ab
2787 5011 2854 5051 eo
2884 5014 2983 5068 per
3011 5009 3254 5074 tempora
3283 5010 3529 5082 quinque

2047 5072 2326 5130 Annorum
2350 5077 2643 5138 arboribus
2667 5085 2872 5156 quibus
2895 5090 2980 5145 hic
3002 5097 3271 5153 mansisse
3301 5103 3590 5171 probatur;

2045 5159 2204 5218 Nullo
2229 5165 2421 5221 horum
2440 5173 2743 5241 sumpsisse
2772 5176 2954 5233 cihum
2987 5181 3055 5236 (le
3085 5188 3336 5255 germine
3367 5191 3552 5249 fertur.

2044 5253 2262 5326 Antiqui
2289 5257 2442 5324 juxta
2475 5260 2582 5316 fani
2605 5265 2843 5337 collapsa
2867 5253 3147 5341 patebant.

2043 5339 2262 5409 Maenia,
2295 5361 2403 5416 qua
2442 5349 2587 5403 sunti
2619 5351 2851 5410 inumeri
2869 5339 2986 5412 sub
3019 5371 3178 5418 nocte
3207 5367 3408 5441 dieque

2040 5431 2338 5493 Daemonici
2371 5456 2630 5500 resonare
2655 5445 2830 5520 globi,
2851 5451 3001 5508 velut
3032 5457 3250 5528 agmina
3271 5431 3406 5517 belli

2112 5623 2252 5695 (166)
2291 5627 2448 5686 Forte
2476 5631 2583 5706 leg.
2613 5644 2809 5694 contos.
