  <div class='ocr_page' id='page_1' title='image "/cluster/home/n/w/nwhite01/storage/ocr_20150623/134-135/uva.x000829784/854.png"; bbox 0 0 3970 6200; ppageno 0'>
   <div class='ocr_carea' id='block_1_1' title="bbox 218 255 332 308">
    <p class='ocr_par' dir='ltr' id='par_1_1' title="bbox 218 255 332 308">
     <span class='ocr_line' id='line_1_1' title="bbox 218 255 332 308; baseline -0.009 0"><span class='ocrx_word' id='word_1_1' title='bbox 218 255 332 308; x_wconf 70' lang='grc' dir='ltr'>ὅΗ</span> 
     </span>
    </p>
   </div>
   <div class='ocr_carea' id='block_1_2' title="bbox 737 251 3570 310">
    <p class='ocr_par' dir='ltr' id='par_1_2' title="bbox 737 251 3570 310">
     <span class='ocr_line' id='line_1_2' title="bbox 737 251 3570 310; baseline 0.001 -4"><span class='ocrx_word' id='word_1_2' title='bbox 737 251 818 306; x_wconf 85' lang='lat' dir='ltr'>DE</span> <span class='ocrx_word' id='word_1_3' title='bbox 859 251 1221 307; x_wconf 80' lang='lat' dir='ltr'>TRIUMPHIS</span> <span class='ocrx_word' id='word_1_4' title='bbox 1262 251 1521 308; x_wconf 79' lang='lat' dir='ltr'>CHRISTI</span> <span class='ocrx_word' id='word_1_5' title='bbox 1565 253 1644 308; x_wconf 85' lang='lat' dir='ltr'>ET</span> <span class='ocrx_word' id='word_1_6' title='bbox 1683 254 1774 309; x_wconf 89' lang='lat' dir='ltr'>SS.</span> <span class='ocrx_word' id='word_1_7' title='bbox 1821 253 2221 309; x_wconf 64' lang='lat' dir='ltr'>PAL/ESTINAZ</span> <span class='ocrx_word' id='word_1_8' title='bbox 2259 253 2435 308; x_wconf 73' lang='lat' dir='ltr'><strong>LIBRI</strong></span> <span class='ocrx_word' id='word_1_9' title='bbox 2477 254 2663 310; x_wconf 77' lang='lat' dir='ltr'>TRES.</span> <span class='ocrx_word' id='word_1_10' title='bbox 2703 284 2772 295; x_wconf 92' lang='lat'><strong>—</strong></span> <span class='ocrx_word' id='word_1_11' title='bbox 2813 255 2936 309; x_wconf 88' lang='lat' dir='ltr'><strong>LIB.</strong></span> <span class='ocrx_word' id='word_1_12' title='bbox 2982 255 3072 310; x_wconf 89' lang='lat' dir='ltr'>Ill.</span> <span class='ocrx_word' id='word_1_13' title='bbox 3463 256 3570 310; x_wconf 63' lang='grc'>542</span> 
     </span>
    </p>
   </div>
   <div class='ocr_carea' id='block_1_3' title="bbox 221 375 3497 454">
    <p class='ocr_par' dir='ltr' id='par_1_3' title="bbox 221 375 3497 454">
     <span class='ocr_line' id='line_1_3' title="bbox 221 375 3497 454; baseline 0 -22"><span class='ocrx_word' id='word_1_14' title='bbox 221 377 442 432; x_wconf 83' lang='lat' dir='ltr'>Gaudet</span> <span class='ocrx_word' id='word_1_15' title='bbox 471 377 526 432; x_wconf 91' lang='lat' dir='ltr'>in</span> <span class='ocrx_word' id='word_1_16' title='bbox 559 377 643 431; x_wconf 85' lang='lat' dir='ltr'>his</span> <span class='ocrx_word' id='word_1_17' title='bbox 671 375 860 431; x_wconf 93' lang='lat' dir='ltr'>senior</span> <span class='ocrx_word' id='word_1_18' title='bbox 909 376 1112 430; x_wconf 88' lang='lat' dir='ltr'>habeat</span> <span class='ocrx_word' id='word_1_19' title='bbox 1155 377 1302 446; x_wconf 92' lang='lat' dir='ltr'>quod</span> <span class='ocrx_word' id='word_1_20' title='bbox 1330 377 1584 431; x_wconf 84' lang='lat' dir='ltr'>acumina</span> <span class='ocrx_word' id='word_1_21' title='bbox 1627 384 1845 453; x_wconf 77' lang='lat' dir='ltr'>pugnte‘</span> <span class='ocrx_word' id='word_1_22' title='bbox 1875 386 1924 453; x_wconf 77' lang='grc' dir='ltr'><strong>Α</strong></span> <span class='ocrx_word' id='word_1_23' title='bbox 1958 379 2189 450; x_wconf 65' lang='lat' dir='ltr'>Haecque</span> <span class='ocrx_word' id='word_1_24' title='bbox 2213 378 2591 448; x_wconf 77' lang='lat' dir='ltr'>Evangelinm,</span> <span class='ocrx_word' id='word_1_25' title='bbox 2623 379 2820 434; x_wconf 76' lang='lat' dir='ltr'>tunica:</span> <span class='ocrx_word' id='word_1_26' title='bbox 2849 396 2971 434; x_wconf 93' lang='lat' dir='ltr'>eum</span> <span class='ocrx_word' id='word_1_27' title='bbox 3025 378 3289 454; x_wconf 88' lang='lat' dir='ltr'>tegmine,</span> <span class='ocrx_word' id='word_1_28' title='bbox 3331 380 3497 447; x_wconf 85' lang='lat' dir='ltr'>sacci,</span> 
     </span>
    </p>
   </div>
   <div class='ocr_carea' id='block_1_4' title="bbox 222 471 1846 544">
    <p class='ocr_par' dir='ltr' id='par_1_4' title="bbox 222 471 1846 544">
     <span class='ocr_line' id='line_1_4' title="bbox 222 471 1846 544; baseline -0.001 -16"><span class='ocrx_word' id='word_1_29' title='bbox 222 473 500 544; x_wconf 82' lang='lat' dir='ltr'>Quodque</span> <span class='ocrx_word' id='word_1_30' title='bbox 528 473 595 526; x_wconf 90' lang='lat' dir='ltr'>ad</span> <span class='ocrx_word' id='word_1_31' title='bbox 628 489 753 526; x_wconf 89' lang='lat' dir='ltr'>eum</span> <span class='ocrx_word' id='word_1_32' title='bbox 786 472 1016 526; x_wconf 89' lang='lat' dir='ltr'>auderet</span> <span class='ocrx_word' id='word_1_33' title='bbox 1047 471 1230 526; x_wconf 90' lang='lat' dir='ltr'>nullus</span> <span class='ocrx_word' id='word_1_34' title='bbox 1258 473 1342 526; x_wconf 86' lang='lat' dir='ltr'>vel</span> <span class='ocrx_word' id='word_1_35' title='bbox 1375 474 1641 528; x_wconf 85' lang='lat' dir='ltr'>scandere</span> <span class='ocrx_word' id='word_1_36' title='bbox 1673 491 1846 529; x_wconf 89' lang='lat' dir='ltr'>rarus.</span> 
     </span>
    </p>
   </div>
   <div class='ocr_carea' id='block_1_5' title="bbox 223 561 1849 634">
    <p class='ocr_par' dir='ltr' id='par_1_5' title="bbox 223 561 1849 634">
     <span class='ocr_line' id='line_1_5' title="bbox 223 561 1849 634; baseline 0.001 -18"><span class='ocrx_word' id='word_1_37' title='bbox 223 563 434 634; x_wconf 86' lang='lat' dir='ltr'>Sicque</span> <span class='ocrx_word' id='word_1_38' title='bbox 466 561 658 616; x_wconf 88' lang='lat' dir='ltr'>fovens</span> <span class='ocrx_word' id='word_1_39' title='bbox 687 561 928 626; x_wconf 89' lang='lat' dir='ltr'>charam,</span> <span class='ocrx_word' id='word_1_40' title='bbox 964 561 1192 615; x_wconf 86' lang='lat' dir='ltr'>Domino</span> <span class='ocrx_word' id='word_1_41' title='bbox 1213 562 1849 634; x_wconf 89' lang='lat' dir='ltr'>inspectante,quietem,</span> 
     </span>
    </p>
   </div>
   <div class='ocr_carea' id='block_1_6' title="bbox 224 649 1587 721">
    <p class='ocr_par' dir='ltr' id='par_1_6' title="bbox 224 649 1587 721">
     <span class='ocr_line' id='line_1_6' title="bbox 224 649 1587 721; baseline -0.002 -13"><span class='ocrx_word' id='word_1_42' title='bbox 224 653 475 718; x_wconf 90' lang='lat' dir='ltr'>Quadam</span> <span class='ocrx_word' id='word_1_43' title='bbox 506 651 644 706; x_wconf 84' lang='lat' dir='ltr'>forte</span> <span class='ocrx_word' id='word_1_44' title='bbox 677 651 766 704; x_wconf 90' lang='lat' dir='ltr'>die</span> <span class='ocrx_word' id='word_1_45' title='bbox 801 649 1104 721; x_wconf 79' lang='lat' dir='ltr'>paralytiea</span> <span class='ocrx_word' id='word_1_46' title='bbox 1134 651 1379 705; x_wconf 90' lang='lat' dir='ltr'>membra</span> <span class='ocrx_word' id='word_1_47' title='bbox 1401 651 1587 719; x_wconf 85' lang='lat' dir='ltr'>jacere</span> 
     </span>
    </p>
   </div>
   <div class='ocr_carea' id='block_1_7' title="bbox 227 738 1855 813">
    <p class='ocr_par' dir='ltr' id='par_1_7' title="bbox 227 738 1855 813">
     <span class='ocr_line' id='line_1_7' title="bbox 227 738 1855 813; baseline 0 -17"><span class='ocrx_word' id='word_1_48' title='bbox 227 740 477 812; x_wconf 72' lang='lat' dir='ltr'>Respicit</span> <span class='ocrx_word' id='word_1_49' title='bbox 515 748 644 794; x_wconf 89' lang='lat' dir='ltr'>ante</span> <span class='ocrx_word' id='word_1_50' title='bbox 685 739 832 794; x_wconf 89' lang='lat' dir='ltr'>fores</span> <span class='ocrx_word' id='word_1_51' title='bbox 866 757 879 805; x_wconf 92' lang='lat'><strong>;</strong></span> <span class='ocrx_word' id='word_1_52' title='bbox 924 738 1126 810; x_wconf 90' lang='lat' dir='ltr'>quissit</span> <span class='ocrx_word' id='word_1_53' title='bbox 1155 749 1329 813; x_wconf 88' lang='lat' dir='ltr'>rogat,</span> <span class='ocrx_word' id='word_1_54' title='bbox 1354 749 1410 794; x_wconf 93' lang='lat' dir='ltr'>ut</span> <span class='ocrx_word' id='word_1_55' title='bbox 1435 741 1564 811; x_wconf 89' lang='lat' dir='ltr'>quid</span> <span class='ocrx_word' id='word_1_56' title='bbox 1598 740 1855 796; x_wconf 79' lang='lat' dir='ltr'>adactus?</span> 
     </span>
    </p>
   </div>
   <div class='ocr_carea' id='block_1_8' title="bbox 227 831 1498 902">
    <p class='ocr_par' dir='ltr' id='par_1_8' title="bbox 227 831 1498 902">
     <span class='ocr_line' id='line_1_8' title="bbox 227 831 1498 902; baseline -0.003 -13"><span class='ocrx_word' id='word_1_57' title='bbox 227 835 672 897; x_wconf 88' lang='lat' dir='ltr'>Procuratorem,</span> <span class='ocrx_word' id='word_1_58' title='bbox 709 831 976 902; x_wconf 78' lang='lat' dir='ltr'>llesychio</span> <span class='ocrx_word' id='word_1_59' title='bbox 1009 838 1287 898; x_wconf 84' lang='lat' dir='ltr'>narrante,</span> <span class='ocrx_word' id='word_1_60' title='bbox 1317 831 1498 887; x_wconf 86' lang='lat' dir='ltr'>locelli</span> 
     </span>
    </p>
   </div>
   <div class='ocr_carea' id='block_1_9' title="bbox 226 924 1603 998">
    <p class='ocr_par' dir='ltr' id='par_1_9' title="bbox 226 924 1603 998">
     <span class='ocr_line' id='line_1_9' title="bbox 226 924 1603 998; baseline -0.001 -15"><span class='ocrx_word' id='word_1_61' title='bbox 226 927 465 998; x_wconf 78' lang='lat' dir='ltr'>Accipit,</span> <span class='ocrx_word' id='word_1_62' title='bbox 497 942 559 981; x_wconf 90' lang='lat' dir='ltr'>ac</span> <span class='ocrx_word' id='word_1_63' title='bbox 579 925 718 980; x_wconf 66' lang='lat' dir='ltr'>villas</span> <span class='ocrx_word' id='word_1_64' title='bbox 757 925 844 980; x_wconf 92' lang='lat' dir='ltr'>cui</span> <span class='ocrx_word' id='word_1_65' title='bbox 871 924 1129 979; x_wconf 85' lang='lat' dir='ltr'>subditur</span> <span class='ocrx_word' id='word_1_66' title='bbox 1169 925 1422 980; x_wconf 89' lang='lat' dir='ltr'>hortulus</span> <span class='ocrx_word' id='word_1_67' title='bbox 1461 925 1603 995; x_wconf 91' lang='lat' dir='ltr'>ipso.</span> 
     </span>
    </p>
   </div>
   <div class='ocr_carea' id='block_1_10' title="bbox 229 1013 1640 1086">
    <p class='ocr_par' dir='ltr' id='par_1_10' title="bbox 229 1013 1640 1086">
     <span class='ocr_line' id='line_1_10' title="bbox 229 1013 1640 1086; baseline -0.001 -16"><span class='ocrx_word' id='word_1_68' title='bbox 229 1017 389 1070; x_wconf 90' lang='lat' dir='ltr'>Ilicet</span> <span class='ocrx_word' id='word_1_69' title='bbox 419 1015 785 1086; x_wconf 85' lang='lat' dir='ltr'>illacrymans,</span> <span class='ocrx_word' id='word_1_70' title='bbox 822 1014 1158 1084; x_wconf 90' lang='lat' dir='ltr'>in0pemque</span> <span class='ocrx_word' id='word_1_71' title='bbox 1189 1013 1384 1068; x_wconf 91' lang='lat' dir='ltr'>salutis</span> <span class='ocrx_word' id='word_1_72' title='bbox 1413 1013 1640 1069; x_wconf 90' lang='lat' dir='ltr'>adortus</span> 
     </span>
    </p>
   </div>
   <div class='ocr_carea' id='block_1_11' title="bbox 229 1101 1566 1172">
    <p class='ocr_par' dir='ltr' id='par_1_11' title="bbox 229 1101 1566 1172">
     <span class='ocr_line' id='line_1_11' title="bbox 229 1101 1566 1172; baseline -0.001 -12"><span class='ocrx_word' id='word_1_73' title='bbox 229 1108 325 1161; x_wconf 88' lang='lat' dir='ltr'>Sic</span> <span class='ocrx_word' id='word_1_74' title='bbox 354 1107 545 1160; x_wconf 88' lang='lat' dir='ltr'>dextra</span> <span class='ocrx_word' id='word_1_75' title='bbox 569 1103 729 1172; x_wconf 89' lang='lat' dir='ltr'>jubet</span> <span class='ocrx_word' id='word_1_76' title='bbox 753 1103 969 1157; x_wconf 91' lang='lat' dir='ltr'>intensa</span> <span class='ocrx_word' id='word_1_77' title='bbox 996 1101 1312 1156; x_wconf 85' lang='lat' dir='ltr'>recubantis</span> <span class='ocrx_word' id='word_1_78' title='bbox 1344 1103 1398 1156; x_wconf 94' lang='lat' dir='ltr'>in</span> <span class='ocrx_word' id='word_1_79' title='bbox 1427 1119 1523 1158; x_wconf 89' lang='lat' dir='ltr'>ora</span> <span class='ocrx_word' id='word_1_80' title='bbox 1551 1120 1566 1158; x_wconf 86' lang='lat'><strong>:</strong></span> 
     </span>
    </p>
   </div>
   <div class='ocr_carea' id='block_1_12' title="bbox 230 1192 1586 1270">
    <p class='ocr_par' dir='ltr' id='par_1_12' title="bbox 230 1192 1586 1270">
     <span class='ocr_line' id='line_1_12' title="bbox 230 1192 1586 1270; baseline -0.003 -19"><span class='ocrx_word' id='word_1_81' title='bbox 230 1198 412 1270; x_wconf 80' lang='lat' dir='ltr'>Surge</span> <span class='ocrx_word' id='word_1_82' title='bbox 443 1194 541 1251; x_wconf 90' lang='lat' dir='ltr'>tibi</span> <span class='ocrx_word' id='word_1_83' title='bbox 573 1194 719 1259; x_wconf 90' lang='lat' dir='ltr'>dico;</span> <span class='ocrx_word' id='word_1_84' title='bbox 746 1193 1023 1264; x_wconf 84' lang='lat' dir='ltr'>Chistique</span> <span class='ocrx_word' id='word_1_85' title='bbox 1044 1192 1098 1246; x_wconf 91' lang='lat' dir='ltr'>in</span> <span class='ocrx_word' id='word_1_86' title='bbox 1139 1193 1360 1247; x_wconf 90' lang='lat' dir='ltr'>nomine</span> <span class='ocrx_word' id='word_1_87' title='bbox 1397 1209 1586 1266; x_wconf 89' lang='lat' dir='ltr'>perge.</span> 
     </span>
    </p>
   </div>
   <div class='ocr_carea' id='block_1_13' title="bbox 230 1281 1468 1340">
    <p class='ocr_par' dir='ltr' id='par_1_13' title="bbox 230 1281 1468 1340">
     <span class='ocr_line' id='line_1_13' title="bbox 230 1281 1468 1340; baseline -0.002 -1"><span class='ocrx_word' id='word_1_88' title='bbox 230 1286 370 1340; x_wconf 80' lang='lat' dir='ltr'>Mira</span> <span class='ocrx_word' id='word_1_89' title='bbox 389 1281 640 1338; x_wconf 82' lang='lat' dir='ltr'>medela!</span> <span class='ocrx_word' id='word_1_90' title='bbox 677 1281 999 1336; x_wconf 88' lang='lat' dir='ltr'>rotabantur</span> <span class='ocrx_word' id='word_1_91' title='bbox 1016 1281 1248 1337; x_wconf 90' lang='lat' dir='ltr'>dicentis</span> <span class='ocrx_word' id='word_1_92' title='bbox 1288 1281 1340 1335; x_wconf 93' lang='lat' dir='ltr'>in</span> <span class='ocrx_word' id='word_1_93' title='bbox 1373 1297 1468 1336; x_wconf 91' lang='lat' dir='ltr'>ore</span> 
     </span>
    </p>
   </div>
   <div class='ocr_carea' id='block_1_14' title="bbox 231 1373 1848 1444">
    <p class='ocr_par' dir='ltr' id='par_1_14' title="bbox 231 1373 1848 1444">
     <span class='ocr_line' id='line_1_14' title="bbox 231 1373 1848 1444; baseline -0.001 -14"><span class='ocrx_word' id='word_1_94' title='bbox 231 1377 432 1443; x_wconf 89' lang='lat' dir='ltr'>Verba,</span> <span class='ocrx_word' id='word_1_95' title='bbox 474 1390 578 1428; x_wconf 92' lang='lat' dir='ltr'>nec</span> <span class='ocrx_word' id='word_1_96' title='bbox 629 1373 878 1428; x_wconf 86' lang='lat' dir='ltr'>ediderat</span> <span class='ocrx_word' id='word_1_97' title='bbox 925 1373 1167 1444; x_wconf 81' lang='lat' dir='ltr'>perfecte</span> <span class='ocrx_word' id='word_1_98' title='bbox 1223 1374 1339 1427; x_wconf 79' lang='lat' dir='ltr'>haec</span> <span class='ocrx_word' id='word_1_99' title='bbox 1386 1373 1593 1439; x_wconf 91' lang='lat' dir='ltr'>omnia,</span> <span class='ocrx_word' id='word_1_100' title='bbox 1624 1373 1848 1444; x_wconf 87' lang='lat' dir='ltr'>jamque</span> 
     </span>
    </p>
   </div>
   <div class='ocr_carea' id='block_1_15' title="bbox 230 1465 1830 1536">
    <p class='ocr_par' dir='ltr' id='par_1_15' title="bbox 230 1465 1830 1536">
     <span class='ocr_line' id='line_1_15' title="bbox 230 1465 1830 1536; baseline 0 -14"><span class='ocrx_word' id='word_1_101' title='bbox 230 1468 476 1522; x_wconf 82' lang='lat' dir='ltr'>Membra</span> <span class='ocrx_word' id='word_1_102' title='bbox 503 1466 650 1520; x_wconf 90' lang='lat' dir='ltr'>salus</span> <span class='ocrx_word' id='word_1_103' title='bbox 681 1481 916 1536; x_wconf 87' lang='lat' dir='ltr'>propera</span> <span class='ocrx_word' id='word_1_104' title='bbox 957 1465 1024 1518; x_wconf 89' lang='lat' dir='ltr'>ad</span> <span class='ocrx_word' id='word_1_105' title='bbox 1055 1466 1309 1520; x_wconf 90' lang='lat' dir='ltr'>standum</span> <span class='ocrx_word' id='word_1_106' title='bbox 1343 1467 1576 1521; x_wconf 86' lang='lat' dir='ltr'>solidata</span> <span class='ocrx_word' id='word_1_107' title='bbox 1614 1466 1830 1522; x_wconf 77' lang='lat' dir='ltr'>levabat</span> 
     </span>
    </p>
   </div>
   <div class='ocr_carea' id='block_1_16' title="bbox 233 1555 1642 1626">
    <p class='ocr_par' dir='ltr' id='par_1_16' title="bbox 233 1555 1642 1626">
     <span class='ocr_line' id='line_1_16' title="bbox 233 1555 1642 1626; baseline -0.001 -14"><span class='ocrx_word' id='word_1_108' title='bbox 233 1559 361 1613; x_wconf 67' lang='lat' dir='ltr'>Ilaec</span> <span class='ocrx_word' id='word_1_109' title='bbox 391 1557 482 1610; x_wconf 89' lang='lat' dir='ltr'>ubi</span> <span class='ocrx_word' id='word_1_110' title='bbox 511 1565 865 1626; x_wconf 80' lang='lat' dir='ltr'>sparguntur,</span> <span class='ocrx_word' id='word_1_111' title='bbox 900 1555 1086 1609; x_wconf 90' lang='lat' dir='ltr'>multis</span> <span class='ocrx_word' id='word_1_112' title='bbox 1117 1555 1220 1609; x_wconf 88' lang='lat' dir='ltr'>iter</span> <span class='ocrx_word' id='word_1_113' title='bbox 1249 1557 1452 1610; x_wconf 86' lang='lat' dir='ltr'>invium</span> <span class='ocrx_word' id='word_1_114' title='bbox 1483 1557 1642 1623; x_wconf 87' lang='lat' dir='ltr'>inire,</span> 
     </span>
    </p>
   </div>
   <div class='ocr_carea' id='block_1_17' title="bbox 234 1651 1636 1722">
    <p class='ocr_par' dir='ltr' id='par_1_17' title="bbox 234 1651 1636 1722">
     <span class='ocr_line' id='line_1_17' title="bbox 234 1651 1636 1722; baseline -0.002 -15"><span class='ocrx_word' id='word_1_115' title='bbox 234 1653 528 1707; x_wconf 89' lang='lat' dir='ltr'>Difficilem</span> <span class='ocrx_word' id='word_1_116' title='bbox 559 1667 818 1722; x_wconf 91' lang='lat' dir='ltr'>superare</span> <span class='ocrx_word' id='word_1_117' title='bbox 839 1651 1068 1717; x_wconf 91' lang='lat' dir='ltr'>aditum,</span> <span class='ocrx_word' id='word_1_118' title='bbox 1097 1666 1222 1720; x_wconf 86' lang='lat' dir='ltr'>spes</span> <span class='ocrx_word' id='word_1_119' title='bbox 1253 1659 1403 1704; x_wconf 89' lang='lat' dir='ltr'>certa</span> <span class='ocrx_word' id='word_1_120' title='bbox 1422 1651 1636 1704; x_wconf 83' lang='lat' dir='ltr'>suadet.</span> 
     </span>
    </p>
   </div>
   <div class='ocr_carea' id='block_1_18' title="bbox 239 1739 1503 1812">
    <p class='ocr_par' dir='ltr' id='par_1_18' title="bbox 239 1739 1503 1812">
     <span class='ocr_line' id='line_1_18' title="bbox 239 1739 1503 1812; baseline -0.003 -16"><span class='ocrx_word' id='word_1_121' title='bbox 239 1744 297 1796; x_wconf 90' lang='lat' dir='ltr'><strong>Id</strong></span> <span class='ocrx_word' id='word_1_122' title='bbox 332 1758 431 1812; x_wconf 92' lang='lat' dir='ltr'>per</span> <span class='ocrx_word' id='word_1_123' title='bbox 449 1740 738 1795; x_wconf 88' lang='lat' dir='ltr'>circuitum</span> <span class='ocrx_word' id='word_1_124' title='bbox 773 1739 914 1794; x_wconf 82' lang='lat' dir='ltr'>villis</span> <span class='ocrx_word' id='word_1_125' title='bbox 940 1739 1288 1793; x_wconf 89' lang='lat' dir='ltr'>servantibus</span> <span class='ocrx_word' id='word_1_126' title='bbox 1311 1755 1503 1806; x_wconf 90' lang='lat' dir='ltr'>unum,</span> 
     </span>
    </p>
   </div>
   <div class='ocr_carea' id='block_1_19' title="bbox 236 1828 1463 1903">
    <p class='ocr_par' dir='ltr' id='par_1_19' title="bbox 236 1828 1463 1903">
     <span class='ocr_line' id='line_1_19' title="bbox 236 1828 1463 1903; baseline -0.004 -16"><span class='ocrx_word' id='word_1_127' title='bbox 236 1833 460 1886; x_wconf 88' lang='lat' dir='ltr'>Secreto</span> <span class='ocrx_word' id='word_1_128' title='bbox 485 1829 700 1903; x_wconf 80' lang='lat' dir='ltr'>fugiens</span> <span class='ocrx_word' id='word_1_129' title='bbox 722 1844 789 1883; x_wconf 91' lang='lat' dir='ltr'>ne</span> <span class='ocrx_word' id='word_1_130' title='bbox 807 1829 961 1899; x_wconf 92' lang='lat' dir='ltr'>lapsu</span> <span class='ocrx_word' id='word_1_131' title='bbox 979 1828 1166 1902; x_wconf 88' lang='lat' dir='ltr'>ignota</span> <span class='ocrx_word' id='word_1_132' title='bbox 1197 1835 1463 1898; x_wconf 87' lang='lat' dir='ltr'>capessat.</span> 
     </span>
    </p>
   </div>
   <div class='ocr_carea' id='block_1_20' title="bbox 234 1919 1858 1994">
    <p class='ocr_par' dir='ltr' id='par_1_20' title="bbox 234 1919 1858 1994">
     <span class='ocr_line' id='line_1_20' title="bbox 234 1919 1858 1994; baseline -0.001 -17"><span class='ocrx_word' id='word_1_133' title='bbox 234 1923 355 1979; x_wconf 89' lang='lat' dir='ltr'>Non</span> <span class='ocrx_word' id='word_1_134' title='bbox 381 1921 637 1994; x_wconf 89' lang='lat' dir='ltr'>equidem</span> <span class='ocrx_word' id='word_1_135' title='bbox 669 1921 817 1975; x_wconf 91' lang='lat' dir='ltr'>velut</span> <span class='ocrx_word' id='word_1_136' title='bbox 850 1920 1124 1975; x_wconf 88' lang='lat' dir='ltr'>instabilis</span> <span class='ocrx_word' id='word_1_137' title='bbox 1154 1919 1376 1974; x_wconf 84' lang='lat' dir='ltr'>levitate</span> <span class='ocrx_word' id='word_1_138' title='bbox 1407 1920 1704 1975; x_wconf 89' lang='lat' dir='ltr'>modernos</span> <span class='ocrx_word' id='word_1_139' title='bbox 1735 1921 1858 1991; x_wconf 84' lang='lat' dir='ltr'>(pro</span> 
     </span>
    </p>
   </div>
   <div class='ocr_carea' id='block_1_21' title="bbox 1600 2017 1787 2082">
    <p class='ocr_par' dir='ltr' id='par_1_21' title="bbox 1600 2017 1787 2082">
     <span class='ocr_line' id='line_1_21' title="bbox 1600 2017 1787 2082; baseline 0 -16"><span class='ocrx_word' id='word_1_140' title='bbox 1600 2017 1787 2082; x_wconf 88' lang='lat' dir='ltr'>novos)</span> 
     </span>
    </p>
   </div>
   <div class='ocr_carea' id='block_1_22' title="bbox 235 2102 1782 2175">
    <p class='ocr_par' dir='ltr' id='par_1_22' title="bbox 235 2102 1782 2175">
     <span class='ocr_line' id='line_1_22' title="bbox 235 2102 1782 2175; baseline -0.001 -15"><span class='ocrx_word' id='word_1_141' title='bbox 235 2104 524 2172; x_wconf 62' lang='lat' dir='ltr'>Quaerebat</span> <span class='ocrx_word' id='word_1_142' title='bbox 552 2103 760 2160; x_wconf 90' lang='lat' dir='ltr'>loculos</span> <span class='ocrx_word' id='word_1_143' title='bbox 793 2121 806 2169; x_wconf 88' lang='lat'><strong>;</strong></span> <span class='ocrx_word' id='word_1_144' title='bbox 863 2104 992 2175; x_wconf 89' lang='lat' dir='ltr'>quia</span> <span class='ocrx_word' id='word_1_145' title='bbox 1055 2102 1255 2175; x_wconf 88' lang='lat' dir='ltr'>defuga</span> <span class='ocrx_word' id='word_1_146' title='bbox 1285 2119 1505 2174; x_wconf 80' lang='lat' dir='ltr'>semper</span> <span class='ocrx_word' id='word_1_147' title='bbox 1536 2105 1782 2169; x_wconf 90' lang='lat' dir='ltr'>honoris,</span> 
     </span>
    </p>
   </div>
   <div class='ocr_carea' id='block_1_23' title="bbox 236 2191 1858 2268">
    <p class='ocr_par' dir='ltr' id='par_1_23' title="bbox 236 2191 1858 2268">
     <span class='ocr_line' id='line_1_23' title="bbox 236 2191 1858 2268; baseline 0 -20"><span class='ocrx_word' id='word_1_148' title='bbox 236 2197 465 2268; x_wconf 89' lang='lat' dir='ltr'>Ignotus</span> <span class='ocrx_word' id='word_1_149' title='bbox 499 2193 559 2264; x_wconf 72' lang='grc' dir='ltr'>[Γ.</span> <span class='ocrx_word' id='word_1_150' title='bbox 592 2193 938 2264; x_wconf 88' lang='lat' dir='ltr'>ignotusque]</span> <span class='ocrx_word' id='word_1_151' title='bbox 994 2191 1256 2246; x_wconf 90' lang='lat' dir='ltr'>humilem</span> <span class='ocrx_word' id='word_1_152' title='bbox 1291 2194 1526 2264; x_wconf 86' lang='lat' dir='ltr'>gestibat</span> <span class='ocrx_word' id='word_1_153' title='bbox 1555 2193 1758 2248; x_wconf 90' lang='lat' dir='ltr'>dueere</span> <span class='ocrx_word' id='word_1_154' title='bbox 1776 2194 1858 2248; x_wconf 92' lang='lat' dir='ltr'>vi-</span> 
     </span>
    </p>
   </div>
   <div class='ocr_carea' id='block_1_24' title="bbox 1634 2287 1781 2355">
    <p class='ocr_par' dir='ltr' id='par_1_24' title="bbox 1634 2287 1781 2355">
     <span class='ocr_line' id='line_1_24' title="bbox 1634 2287 1781 2355; baseline 0.02 -19"><span class='ocrx_word' id='word_1_155' title='bbox 1634 2287 1781 2355; x_wconf 73' lang='lat' dir='ltr'>[tan].</span> 
     </span>
    </p>
   </div>
   <div class='ocr_carea' id='block_1_25' title="bbox 309 2373 1713 2447">
    <p class='ocr_par' dir='ltr' id='par_1_25' title="bbox 309 2373 1713 2447">
     <span class='ocr_line' id='line_1_25' title="bbox 309 2373 1713 2447; baseline 0.001 -18"><span class='ocrx_word' id='word_1_156' title='bbox 309 2377 575 2445; x_wconf 89' lang='lat' dir='ltr'>Tempore</span> <span class='ocrx_word' id='word_1_157' title='bbox 594 2373 725 2428; x_wconf 90' lang='lat' dir='ltr'>dum</span> <span class='ocrx_word' id='word_1_158' title='bbox 747 2373 887 2428; x_wconf 92' lang='lat' dir='ltr'>senii</span> <span class='ocrx_word' id='word_1_159' title='bbox 917 2374 1083 2428; x_wconf 89' lang='lat' dir='ltr'>sentit</span> <span class='ocrx_word' id='word_1_160' title='bbox 1113 2390 1172 2428; x_wconf 92' lang='lat' dir='ltr'>se</span> <span class='ocrx_word' id='word_1_161' title='bbox 1201 2374 1267 2428; x_wconf 90' lang='lat' dir='ltr'>ad</span> <span class='ocrx_word' id='word_1_162' title='bbox 1303 2375 1528 2444; x_wconf 65' lang='lat' dir='ltr'>praemia</span> <span class='ocrx_word' id='word_1_163' title='bbox 1563 2375 1713 2447; x_wconf 84' lang='lat' dir='ltr'>ferri,</span> 
     </span>
    </p>
   </div>
   <div class='ocr_carea' id='block_1_26' title="bbox 240 2463 1542 2536">
    <p class='ocr_par' dir='ltr' id='par_1_26' title="bbox 240 2463 1542 2536">
     <span class='ocr_line' id='line_1_26' title="bbox 240 2463 1542 2536; baseline 0 -16"><span class='ocrx_word' id='word_1_164' title='bbox 240 2464 535 2536; x_wconf 81' lang='lat' dir='ltr'>l-Iesychio,</span> <span class='ocrx_word' id='word_1_165' title='bbox 563 2463 656 2535; x_wconf 89' lang='lat' dir='ltr'>qui</span> <span class='ocrx_word' id='word_1_166' title='bbox 678 2480 896 2534; x_wconf 88' lang='lat' dir='ltr'>semper</span> <span class='ocrx_word' id='word_1_167' title='bbox 926 2480 1048 2518; x_wconf 91' lang='lat' dir='ltr'>eum</span> <span class='ocrx_word' id='word_1_168' title='bbox 1080 2464 1288 2534; x_wconf 81' lang='lat' dir='ltr'>pietate</span> <span class='ocrx_word' id='word_1_169' title='bbox 1304 2465 1542 2532; x_wconf 91' lang='lat' dir='ltr'>colebat,</span> 
     </span>
    </p>
   </div>
   <div class='ocr_carea' id='block_1_27' title="bbox 240 2555 1483 2628">
    <p class='ocr_par' dir='ltr' id='par_1_27' title="bbox 240 2555 1483 2628">
     <span class='ocr_line' id='line_1_27' title="bbox 240 2555 1483 2628; baseline -0.001 -16"><span class='ocrx_word' id='word_1_170' title='bbox 240 2560 300 2612; x_wconf 91' lang='lat' dir='ltr'><strong>In</strong></span> <span class='ocrx_word' id='word_1_171' title='bbox 333 2556 642 2613; x_wconf 82' lang='lat' dir='ltr'>testamenti</span> <span class='ocrx_word' id='word_1_172' title='bbox 675 2556 793 2610; x_wconf 90' lang='lat' dir='ltr'>vice</span> <span class='ocrx_word' id='word_1_173' title='bbox 837 2555 1007 2610; x_wconf 79' lang='lat' dir='ltr'>fertur</span> <span class='ocrx_word' id='word_1_174' title='bbox 1045 2556 1283 2626; x_wconf 90' lang='lat' dir='ltr'>epistola</span> <span class='ocrx_word' id='word_1_175' title='bbox 1318 2574 1483 2628; x_wconf 92' lang='lat' dir='ltr'>parva</span> 
     </span>
    </p>
   </div>
   <div class='ocr_carea' id='block_1_28' title="bbox 237 2645 1609 2717">
    <p class='ocr_par' dir='ltr' id='par_1_28' title="bbox 237 2645 1609 2717">
     <span class='ocr_line' id='line_1_28' title="bbox 237 2645 1609 2717; baseline -0.001 -14"><span class='ocrx_word' id='word_1_176' title='bbox 237 2649 367 2716; x_wconf 86' lang='lat' dir='ltr'>Ejus</span> <span class='ocrx_word' id='word_1_177' title='bbox 395 2647 598 2717; x_wconf 87' lang='lat' dir='ltr'>scripta</span> <span class='ocrx_word' id='word_1_178' title='bbox 630 2663 799 2700; x_wconf 84' lang='lat' dir='ltr'>manu</span> <span class='ocrx_word' id='word_1_179' title='bbox 831 2645 960 2700; x_wconf 90' lang='lat' dir='ltr'>ditis</span> <span class='ocrx_word' id='word_1_180' title='bbox 993 2661 1101 2716; x_wconf 90' lang='lat' dir='ltr'>qua</span> <span class='ocrx_word' id='word_1_181' title='bbox 1133 2654 1329 2700; x_wconf 83' lang='lat' dir='ltr'>cuncta</span> <span class='ocrx_word' id='word_1_182' title='bbox 1357 2648 1609 2716; x_wconf 83' lang='lat' dir='ltr'>supellex</span> 
     </span>
    </p>
   </div>
   <div class='ocr_carea' id='block_1_29' title="bbox 236 2736 1576 2810">
    <p class='ocr_par' dir='ltr' id='par_1_29' title="bbox 236 2736 1576 2810">
     <span class='ocr_line' id='line_1_29' title="bbox 236 2736 1576 2810; baseline -0.002 -16"><span class='ocrx_word' id='word_1_183' title='bbox 236 2738 561 2810; x_wconf 67' lang='lat' dir='ltr'>Divitiaeque</span> <span class='ocrx_word' id='word_1_184' title='bbox 592 2736 775 2808; x_wconf 88' lang='lat' dir='ltr'>inopis</span> <span class='ocrx_word' id='word_1_185' title='bbox 788 2736 1019 2792; x_wconf 90' lang='lat' dir='ltr'>memori</span> <span class='ocrx_word' id='word_1_186' title='bbox 1035 2736 1326 2791; x_wconf 89' lang='lat' dir='ltr'>traduntur</span> <span class='ocrx_word' id='word_1_187' title='bbox 1347 2737 1576 2794; x_wconf 88' lang='lat' dir='ltr'>honore.</span> 
     </span>
    </p>
   </div>
   <div class='ocr_carea' id='block_1_30' title="bbox 1956 467 3390 540">
    <p class='ocr_par' dir='ltr' id='par_1_30' title="bbox 1956 467 3390 540">
     <span class='ocr_line' id='line_1_30' title="bbox 1956 467 3390 540; baseline 0.001 -19"><span class='ocrx_word' id='word_1_188' title='bbox 1956 467 2282 540; x_wconf 90' lang='lat' dir='ltr'>Palliolique</span> <span class='ocrx_word' id='word_1_189' title='bbox 2309 469 2496 532; x_wconf 84' lang='lat' dir='ltr'>decus,</span> <span class='ocrx_word' id='word_1_190' title='bbox 2539 469 2699 522; x_wconf 88' lang='lat' dir='ltr'>simul</span> <span class='ocrx_word' id='word_1_191' title='bbox 2725 484 2787 523; x_wconf 91' lang='lat' dir='ltr'>ac</span> <span class='ocrx_word' id='word_1_192' title='bbox 2813 469 3129 523; x_wconf 70' lang='lat' dir='ltr'>veneranda</span> <span class='ocrx_word' id='word_1_193' title='bbox 3155 468 3390 534; x_wconf 90' lang='lat' dir='ltr'>cuculla,</span> 
     </span>
    </p>
   </div>
   <div class='ocr_carea' id='block_1_31' title="bbox 1951 557 3570 627">
    <p class='ocr_par' dir='ltr' id='par_1_31' title="bbox 1951 557 3570 627">
     <span class='ocr_line' id='line_1_31' title="bbox 1951 557 3570 627; baseline 0.001 -17"><span class='ocrx_word' id='word_1_194' title='bbox 1951 557 2068 610; x_wconf 87' lang='lat' dir='ltr'>Jam</span> <span class='ocrx_word' id='word_1_195' title='bbox 2102 558 2318 612; x_wconf 92' lang='lat' dir='ltr'>modico</span> <span class='ocrx_word' id='word_1_196' title='bbox 2371 557 2497 627; x_wconf 91' lang='lat' dir='ltr'>igne</span> <span class='ocrx_word' id='word_1_197' title='bbox 2534 564 2728 627; x_wconf 90' lang='lat' dir='ltr'>tepens</span> <span class='ocrx_word' id='word_1_198' title='bbox 2784 557 2839 610; x_wconf 93' lang='lat' dir='ltr'>in</span> <span class='ocrx_word' id='word_1_199' title='bbox 2874 565 3092 627; x_wconf 90' lang='lat' dir='ltr'>pectore</span> <span class='ocrx_word' id='word_1_200' title='bbox 3126 558 3343 612; x_wconf 84' lang='lat' dir='ltr'>flamma</span> <span class='ocrx_word' id='word_1_201' title='bbox 3371 558 3570 614; x_wconf 89' lang='lat' dir='ltr'>caloris</span> 
     </span>
    </p>
   </div>
   <div class='ocr_carea' id='block_1_32' title="bbox 1958 644 3306 713">
    <p class='ocr_par' dir='ltr' id='par_1_32' title="bbox 1958 644 3306 713">
     <span class='ocr_line' id='line_1_32' title="bbox 1958 644 3306 713; baseline 0.001 -15"><span class='ocrx_word' id='word_1_202' title='bbox 1958 645 2391 713; x_wconf 81' lang='lat' dir='ltr'>Restitcrat,jam</span> <span class='ocrx_word' id='word_1_203' title='bbox 2415 645 2491 698; x_wconf 90' lang='lat' dir='ltr'>nil</span> <span class='ocrx_word' id='word_1_204' title='bbox 2522 645 2780 711; x_wconf 89' lang='lat' dir='ltr'>hominis,</span> <span class='ocrx_word' id='word_1_205' title='bbox 2813 661 3010 710; x_wconf 80' lang='lat' dir='ltr'>sensus</span> <span class='ocrx_word' id='word_1_206' title='bbox 3040 645 3163 707; x_wconf 89' lang='lat' dir='ltr'>nisi,</span> <span class='ocrx_word' id='word_1_207' title='bbox 3201 644 3306 699; x_wconf 88' lang='lat' dir='ltr'>vivi</span> 
     </span>
    </p>
   </div>
   <div class='ocr_carea' id='block_1_33' title="bbox 1956 739 3332 816">
    <p class='ocr_par' dir='ltr' id='par_1_33' title="bbox 1956 739 3332 816">
     <span class='ocr_line' id='line_1_33' title="bbox 1956 739 3332 816; baseline 0.001 -22"><span class='ocrx_word' id='word_1_208' title='bbox 1956 740 2149 814; x_wconf 87' lang='lat' dir='ltr'>Magno</span> <span class='ocrx_word' id='word_1_209' title='bbox 2177 742 2344 796; x_wconf 88' lang='lat' dir='ltr'>corde</span> <span class='ocrx_word' id='word_1_210' title='bbox 2374 741 2539 816; x_wconf 89' lang='lat' dir='ltr'>viget,</span> <span class='ocrx_word' id='word_1_211' title='bbox 2569 740 2796 810; x_wconf 89' lang='lat' dir='ltr'>visuque</span> <span class='ocrx_word' id='word_1_212' title='bbox 2826 739 3070 811; x_wconf 83' lang='lat' dir='ltr'>profatur</span> <span class='ocrx_word' id='word_1_213' title='bbox 3101 747 3290 810; x_wconf 90' lang='lat' dir='ltr'>aperto</span> <span class='ocrx_word' id='word_1_214' title='bbox 3319 756 3332 796; x_wconf 92' lang='lat'><strong>:</strong></span> 
     </span>
    </p>
   </div>
   <div class='ocr_carea' id='block_1_34' title="bbox 1958 832 3574 908">
    <p class='ocr_par' dir='ltr' id='par_1_34' title="bbox 1958 832 3574 908">
     <span class='ocr_line' id='line_1_34' title="bbox 1958 832 3574 908; baseline -0.001 -21"><span class='ocrx_word' id='word_1_215' title='bbox 1958 833 2230 908; x_wconf 84' lang='lat' dir='ltr'>Egredere</span> <span class='ocrx_word' id='word_1_216' title='bbox 2260 833 2408 888; x_wconf 91' lang='lat' dir='ltr'>unde</span> <span class='ocrx_word' id='word_1_217' title='bbox 2438 833 2599 888; x_wconf 90' lang='lat' dir='ltr'>times</span> <span class='ocrx_word' id='word_1_218' title='bbox 2637 833 2664 886; x_wconf 70' lang='grc' dir='ltr'><strong><em>τ</em></strong></span> <span class='ocrx_word' id='word_1_219' title='bbox 2703 832 2885 886; x_wconf 88' lang='lat' dir='ltr'>anima</span> <span class='ocrx_word' id='word_1_220' title='bbox 2925 832 3192 906; x_wconf 84' lang='lat' dir='ltr'>egredere</span> <span class='ocrx_word' id='word_1_221' title='bbox 3226 832 3373 887; x_wconf 90' lang='lat' dir='ltr'>unde</span> <span class='ocrx_word' id='word_1_222' title='bbox 3406 832 3574 886; x_wconf 88' lang='lat' dir='ltr'>vacil-</span> 
     </span>
    </p>
   </div>
   <div class='ocr_carea' id='block_1_35' title="bbox 3343 922 3504 993">
    <p class='ocr_par' dir='ltr' id='par_1_35' title="bbox 3343 922 3504 993">
     <span class='ocr_line' id='line_1_35' title="bbox 3343 922 3504 993; baseline 0.006 -20"><span class='ocrx_word' id='word_1_223' title='bbox 3343 922 3439 993; x_wconf 85' lang='lat' dir='ltr'>[las</span> <span class='ocrx_word' id='word_1_224' title='bbox 3477 924 3504 974; x_wconf 68' lang='grc' dir='ltr'><strong>Υ</strong></span> 
     </span>
    </p>
   </div>
   <div class='ocr_carea' id='block_1_36' title="bbox 1953 1009 3393 1082">
    <p class='ocr_par' dir='ltr' id='par_1_36' title="bbox 1953 1009 3393 1082">
     <span class='ocr_line' id='line_1_36' title="bbox 1953 1009 3393 1082; baseline -0.001 -18"><span class='ocrx_word' id='word_1_225' title='bbox 1953 1010 2071 1064; x_wconf 87' lang='lat' dir='ltr'>Jam</span> <span class='ocrx_word' id='word_1_226' title='bbox 2105 1011 2289 1066; x_wconf 90' lang='lat' dir='ltr'>decies</span> <span class='ocrx_word' id='word_1_227' title='bbox 2315 1018 2525 1082; x_wconf 90' lang='lat' dir='ltr'>septem</span> <span class='ocrx_word' id='word_1_228' title='bbox 2557 1009 2770 1064; x_wconf 75' lang='lat' dir='ltr'>Christo</span> <span class='ocrx_word' id='word_1_229' title='bbox 2800 1009 3080 1064; x_wconf 88' lang='lat' dir='ltr'>famularis</span> <span class='ocrx_word' id='word_1_230' title='bbox 3113 1010 3163 1064; x_wconf 87' lang='lat' dir='ltr'>in</span> <span class='ocrx_word' id='word_1_231' title='bbox 3197 1026 3393 1075; x_wconf 91' lang='lat' dir='ltr'>annos,</span> 
     </span>
    </p>
   </div>
   <div class='ocr_carea' id='block_1_37' title="bbox 1956 1097 3573 1170">
    <p class='ocr_par' dir='ltr' id='par_1_37' title="bbox 1956 1097 3573 1170">
     <span class='ocr_line' id='line_1_37' title="bbox 1956 1097 3573 1170; baseline 0.001 -20"><span class='ocrx_word' id='word_1_232' title='bbox 1956 1098 2017 1151; x_wconf 89' lang='lat' dir='ltr'>Et</span> <span class='ocrx_word' id='word_1_233' title='bbox 2037 1098 2244 1152; x_wconf 90' lang='lat' dir='ltr'>lethum</span> <span class='ocrx_word' id='word_1_234' title='bbox 2274 1114 2420 1170; x_wconf 64' lang='lat' dir='ltr'>aagra</span> <span class='ocrx_word' id='word_1_235' title='bbox 2451 1097 2612 1152; x_wconf 90' lang='lat' dir='ltr'>times</span> <span class='ocrx_word' id='word_1_236' title='bbox 2645 1097 2657 1150; x_wconf 87' lang='lat' dir='ltr'>l</span> <span class='ocrx_word' id='word_1_237' title='bbox 2696 1100 2846 1163; x_wconf 67' lang='lat' dir='ltr'>llzec;</span> <span class='ocrx_word' id='word_1_238' title='bbox 2877 1109 2931 1153; x_wconf 93' lang='lat' dir='ltr'>et</span> <span class='ocrx_word' id='word_1_239' title='bbox 2961 1098 3095 1168; x_wconf 90' lang='lat' dir='ltr'>petit</span> <span class='ocrx_word' id='word_1_240' title='bbox 3118 1098 3318 1152; x_wconf 88' lang='lat' dir='ltr'>halitus</span> <span class='ocrx_word' id='word_1_241' title='bbox 3345 1099 3573 1152; x_wconf 78' lang='lat' dir='ltr'>a-thram</span> 
     </span>
    </p>
   </div>
   <div class='ocr_carea' id='block_1_38' title="bbox 1954 1190 3331 1262">
    <p class='ocr_par' dir='ltr' id='par_1_38' title="bbox 1954 1190 3331 1262">
     <span class='ocr_line' id='line_1_38' title="bbox 1954 1190 3331 1262; baseline -0.001 -18"><span class='ocrx_word' id='word_1_242' title='bbox 1954 1190 2172 1246; x_wconf 83' lang='lat' dir='ltr'>Robore</span> <span class='ocrx_word' id='word_1_243' title='bbox 2213 1191 2550 1262; x_wconf 89' lang='lat' dir='ltr'>pervalidus,</span> <span class='ocrx_word' id='word_1_244' title='bbox 2585 1190 2674 1260; x_wconf 89' lang='lat' dir='ltr'>pia</span> <span class='ocrx_word' id='word_1_245' title='bbox 2706 1207 2802 1260; x_wconf 90' lang='lat' dir='ltr'>per</span> <span class='ocrx_word' id='word_1_246' title='bbox 2833 1190 3097 1243; x_wconf 90' lang='lat' dir='ltr'>miracula</span> <span class='ocrx_word' id='word_1_247' title='bbox 3131 1190 3331 1256; x_wconf 92' lang='lat' dir='ltr'>clarus,</span> 
     </span>
    </p>
   </div>
   <div class='ocr_carea' id='block_1_39' title="bbox 1952 1282 3323 1357">
    <p class='ocr_par' dir='ltr' id='par_1_39' title="bbox 1952 1282 3323 1357">
     <span class='ocr_line' id='line_1_39' title="bbox 1952 1282 3323 1357; baseline -0.001 -19"><span class='ocrx_word' id='word_1_248' title='bbox 1952 1284 2128 1357; x_wconf 91' lang='lat' dir='ltr'>thue</span> <span class='ocrx_word' id='word_1_249' title='bbox 2153 1285 2332 1339; x_wconf 90' lang='lat' dir='ltr'>virum</span> <span class='ocrx_word' id='word_1_250' title='bbox 2365 1284 2574 1339; x_wconf 67' lang='lat' dir='ltr'>meritis</span> <span class='ocrx_word' id='word_1_251' title='bbox 2614 1285 2699 1338; x_wconf 85' lang='lat' dir='ltr'>vix</span> <span class='ocrx_word' id='word_1_252' title='bbox 2731 1291 2862 1338; x_wconf 92' lang='lat' dir='ltr'>tunc</span> <span class='ocrx_word' id='word_1_253' title='bbox 2883 1282 3173 1354; x_wconf 66' lang='lat' dir='ltr'>aequabilis</span> <span class='ocrx_word' id='word_1_254' title='bbox 3205 1282 3323 1337; x_wconf 89' lang='lat' dir='ltr'>ulli.</span> 
     </span>
    </p>
   </div>
   <div class='ocr_carea' id='block_1_40' title="bbox 1947 1378 3405 1449">
    <p class='ocr_par' dir='ltr' id='par_1_40' title="bbox 1947 1378 3405 1449">
     <span class='ocr_line' id='line_1_40' title="bbox 1947 1378 3405 1449; baseline -0.003 -16"><span class='ocrx_word' id='word_1_255' title='bbox 1947 1379 2109 1434; x_wconf 89' lang='lat' dir='ltr'>Terra</span> <span class='ocrx_word' id='word_1_256' title='bbox 2137 1378 2256 1434; x_wconf 90' lang='lat' dir='ltr'>solo</span> <span class='ocrx_word' id='word_1_257' title='bbox 2285 1378 2540 1446; x_wconf 87' lang='lat' dir='ltr'>adjicitur</span> <span class='ocrx_word' id='word_1_258' title='bbox 2569 1393 2713 1443; x_wconf 91' lang='lat' dir='ltr'>mox,</span> <span class='ocrx_word' id='word_1_259' title='bbox 2738 1392 2836 1431; x_wconf 90' lang='lat' dir='ltr'>ceu</span> <span class='ocrx_word' id='word_1_260' title='bbox 2870 1385 3212 1446; x_wconf 47' lang='lat' dir='ltr'>praicepcrat</span> <span class='ocrx_word' id='word_1_261' title='bbox 3237 1391 3405 1449; x_wconf 67' lang='lat' dir='ltr'>thCI‘,</span> 
     </span>
    </p>
   </div>
   <div class='ocr_carea' id='block_1_41' title="bbox 1955 1469 3289 1542">
    <p class='ocr_par' dir='ltr' id='par_1_41' title="bbox 1955 1469 3289 1542">
     <span class='ocr_line' id='line_1_41' title="bbox 1955 1469 3289 1542; baseline -0.003 -16"><span class='ocrx_word' id='word_1_262' title='bbox 1955 1471 2077 1526; x_wconf 88' lang='lat' dir='ltr'>Post</span> <span class='ocrx_word' id='word_1_263' title='bbox 2104 1470 2315 1525; x_wconf 88' lang='lat' dir='ltr'>obitum</span> <span class='ocrx_word' id='word_1_264' title='bbox 2338 1487 2559 1542; x_wconf 90' lang='lat' dir='ltr'>parvam</span> <span class='ocrx_word' id='word_1_265' title='bbox 2584 1486 2652 1524; x_wconf 90' lang='lat' dir='ltr'>ne</span> <span class='ocrx_word' id='word_1_266' title='bbox 2681 1469 2994 1524; x_wconf 88' lang='lat' dir='ltr'>detineatur</span> <span class='ocrx_word' id='word_1_267' title='bbox 3027 1469 3080 1522; x_wconf 92' lang='lat' dir='ltr'>in</span> <span class='ocrx_word' id='word_1_268' title='bbox 3099 1469 3289 1522; x_wconf 91' lang='lat' dir='ltr'>horam</span> 
     </span>
    </p>
   </div>
   <div class='ocr_carea' id='block_1_42' title="bbox 1953 1557 3294 1629">
    <p class='ocr_par' dir='ltr' id='par_1_42' title="bbox 1953 1557 3294 1629">
     <span class='ocr_line' id='line_1_42' title="bbox 1953 1557 3294 1629; baseline -0.001 -18"><span class='ocrx_word' id='word_1_269' title='bbox 1953 1559 2114 1612; x_wconf 81' lang='lat' dir='ltr'>Audit</span> <span class='ocrx_word' id='word_1_270' title='bbox 2142 1567 2199 1614; x_wconf 94' lang='lat' dir='ltr'>ut</span> <span class='ocrx_word' id='word_1_271' title='bbox 2238 1558 2557 1629; x_wconf 71' lang='lat' dir='ltr'>Hesychius.</span> <span class='ocrx_word' id='word_1_272' title='bbox 2584 1558 2742 1628; x_wconf 77' lang='lat' dir='ltr'>Cypri</span> <span class='ocrx_word' id='word_1_273' title='bbox 2773 1557 2909 1628; x_wconf 89' lang='lat' dir='ltr'>petit</span> <span class='ocrx_word' id='word_1_274' title='bbox 2940 1558 3084 1612; x_wconf 87' lang='lat' dir='ltr'>illico</span> <span class='ocrx_word' id='word_1_275' title='bbox 3108 1557 3294 1611; x_wconf 88' lang='lat' dir='ltr'>littus:</span> 
     </span>
    </p>
   </div>
   <div class='ocr_carea' id='block_1_43' title="bbox 1962 1646 3357 1720">
    <p class='ocr_par' dir='ltr' id='par_1_43' title="bbox 1962 1646 3357 1720">
     <span class='ocr_line' id='line_1_43' title="bbox 1962 1646 3357 1720; baseline -0.001 -20"><span class='ocrx_word' id='word_1_276' title='bbox 1962 1648 2058 1702; x_wconf 90' lang='lat' dir='ltr'>Hic</span> <span class='ocrx_word' id='word_1_277' title='bbox 2085 1664 2145 1701; x_wconf 93' lang='lat' dir='ltr'>se</span> <span class='ocrx_word' id='word_1_278' title='bbox 2172 1647 2500 1702; x_wconf 89' lang='lat' dir='ltr'>versandum</span> <span class='ocrx_word' id='word_1_279' title='bbox 2531 1647 2765 1720; x_wconf 77' lang='lat' dir='ltr'>pingens</span> <span class='ocrx_word' id='word_1_280' title='bbox 2797 1646 3120 1700; x_wconf 92' lang='lat' dir='ltr'>discrimine</span> <span class='ocrx_word' id='word_1_281' title='bbox 3163 1646 3357 1712; x_wconf 90' lang='lat' dir='ltr'>multo,</span> 
     </span>
    </p>
   </div>
   <div class='ocr_carea' id='block_1_44' title="bbox 1889 1709 3294 1814">
    <p class='ocr_par' dir='ltr' id='par_1_44' title="bbox 1889 1709 3294 1814">
     <span class='ocr_line' id='line_1_44' title="bbox 1889 1709 3294 1814; baseline 0 -19"><span class='ocrx_word' id='word_1_282' title='bbox 1889 1709 1936 1775; x_wconf 72' lang='grc' dir='ltr'>Β</span> <span class='ocrx_word' id='word_1_283' title='bbox 1961 1741 2166 1814; x_wconf 89' lang='lat' dir='ltr'>Pignus</span> <span class='ocrx_word' id='word_1_284' title='bbox 2187 1742 2425 1813; x_wconf 83' lang='lat' dir='ltr'>sublegit</span> <span class='ocrx_word' id='word_1_285' title='bbox 2457 1709 2669 1796; x_wconf 53' lang='lat' dir='ltr'>decim;</span> <span class='ocrx_word' id='word_1_286' title='bbox 2705 1748 2827 1812; x_wconf 91' lang='lat' dir='ltr'>post</span> <span class='ocrx_word' id='word_1_287' title='bbox 2857 1741 3051 1794; x_wconf 89' lang='lat' dir='ltr'>funera</span> <span class='ocrx_word' id='word_1_288' title='bbox 3085 1757 3294 1806; x_wconf 86' lang='lat' dir='ltr'>mense,</span> 
     </span>
    </p>
   </div>
   <div class='ocr_carea' id='block_1_45' title="bbox 1959 1831 3330 1903">
    <p class='ocr_par' dir='ltr' id='par_1_45' title="bbox 1959 1831 3330 1903">
     <span class='ocr_line' id='line_1_45' title="bbox 1959 1831 3330 1903; baseline 0.001 -18"><span class='ocrx_word' id='word_1_289' title='bbox 1959 1831 2130 1900; x_wconf 80' lang='lat' dir='ltr'>Majas</span> <span class='ocrx_word' id='word_1_290' title='bbox 2162 1848 2400 1903; x_wconf 87' lang='lat' dir='ltr'>namque</span> <span class='ocrx_word' id='word_1_291' title='bbox 2430 1832 2716 1886; x_wconf 68' lang='lat' dir='ltr'>Palestina:</span> <span class='ocrx_word' id='word_1_292' title='bbox 2748 1831 3140 1886; x_wconf 87' lang='lat' dir='ltr'>comitantibus</span> <span class='ocrx_word' id='word_1_293' title='bbox 3173 1831 3330 1886; x_wconf 80' lang='lat' dir='ltr'>affert</span> 
     </span>
    </p>
   </div>
   <div class='ocr_carea' id='block_1_46' title="bbox 1959 1919 3426 1991">
    <p class='ocr_par' dir='ltr' id='par_1_46' title="bbox 1959 1919 3426 1991">
     <span class='ocr_line' id='line_1_46' title="bbox 1959 1919 3426 1991; baseline -0.001 -17"><span class='ocrx_word' id='word_1_294' title='bbox 1959 1920 2242 1974; x_wconf 69' lang='lat' dir='ltr'>Lzetisonis</span> <span class='ocrx_word' id='word_1_295' title='bbox 2272 1921 2461 1991; x_wconf 90' lang='lat' dir='ltr'>populi</span> <span class='ocrx_word' id='word_1_296' title='bbox 2493 1921 2668 1975; x_wconf 90' lang='lat' dir='ltr'>turbis</span> <span class='ocrx_word' id='word_1_297' title='bbox 2699 1921 3146 1990; x_wconf 86' lang='lat' dir='ltr'>monachumun</span> <span class='ocrx_word' id='word_1_298' title='bbox 3172 1919 3426 1986; x_wconf 83' lang='lat' dir='ltr'>catervis,</span> 
     </span>
    </p>
   </div>
   <div class='ocr_carea' id='block_1_47' title="bbox 1959 2011 3126 2080">
    <p class='ocr_par' dir='ltr' id='par_1_47' title="bbox 1959 2011 3126 2080">
     <span class='ocr_line' id='line_1_47' title="bbox 1959 2011 3126 2080; baseline -0.002 -14"><span class='ocrx_word' id='word_1_299' title='bbox 1959 2012 2108 2077; x_wconf 74' lang='lat' dir='ltr'>Quae,</span> <span class='ocrx_word' id='word_1_300' title='bbox 2141 2011 2494 2066; x_wconf 85' lang='lat' dir='ltr'>Constantino</span> <span class='ocrx_word' id='word_1_301' title='bbox 2528 2011 2710 2066; x_wconf 91' lang='lat' dir='ltr'>civilia</span> <span class='ocrx_word' id='word_1_302' title='bbox 2737 2012 2862 2080; x_wconf 89' lang='lat' dir='ltr'>jura</span> <span class='ocrx_word' id='word_1_303' title='bbox 2893 2011 3126 2076; x_wconf 88' lang='lat' dir='ltr'>ferente,</span> 
     </span>
    </p>
   </div>
   <div class='ocr_carea' id='block_1_48' title="bbox 1958 2101 3202 2175">
    <p class='ocr_par' dir='ltr' id='par_1_48' title="bbox 1958 2101 3202 2175">
     <span class='ocr_line' id='line_1_48' title="bbox 1958 2101 3202 2175; baseline -0.001 -19"><span class='ocrx_word' id='word_1_304' title='bbox 1958 2101 2036 2156; x_wconf 88' lang='lat' dir='ltr'>Ob</span> <span class='ocrx_word' id='word_1_305' title='bbox 2073 2103 2272 2157; x_wconf 90' lang='lat' dir='ltr'>densas</span> <span class='ocrx_word' id='word_1_306' title='bbox 2303 2102 2432 2156; x_wconf 84' lang='lat' dir='ltr'>fidei</span> <span class='ocrx_word' id='word_1_307' title='bbox 2454 2109 2674 2175; x_wconf 86' lang='lat' dir='ltr'>segetes</span> <span class='ocrx_word' id='word_1_308' title='bbox 2694 2101 3006 2158; x_wconf 88' lang='lat' dir='ltr'>Constantia</span> <span class='ocrx_word' id='word_1_309' title='bbox 3037 2102 3202 2168; x_wconf 91' lang='lat' dir='ltr'>dicta,</span> 
     </span>
    </p>
   </div>
   <div class='ocr_carea' id='block_1_49' title="bbox 1961 2195 3340 2264">
    <p class='ocr_par' dir='ltr' id='par_1_49' title="bbox 1961 2195 3340 2264">
     <span class='ocr_line' id='line_1_49' title="bbox 1961 2195 3340 2264; baseline 0.002 -17"><span class='ocrx_word' id='word_1_310' title='bbox 1961 2195 2135 2264; x_wconf 90' lang='lat' dir='ltr'>Inque</span> <span class='ocrx_word' id='word_1_311' title='bbox 2167 2195 2502 2250; x_wconf 90' lang='lat' dir='ltr'>monasterio</span> <span class='ocrx_word' id='word_1_312' title='bbox 2542 2195 2704 2264; x_wconf 84' lang='lat' dir='ltr'>prisci</span> <span class='ocrx_word' id='word_1_313' title='bbox 2746 2196 3141 2250; x_wconf 89' lang='lat' dir='ltr'>moderaminis</span> <span class='ocrx_word' id='word_1_314' title='bbox 3171 2196 3340 2250; x_wconf 89' lang='lat' dir='ltr'>abdit.</span> 
     </span>
    </p>
   </div>
   <div class='ocr_carea' id='block_1_50' title="bbox 1969 2283 3259 2356">
    <p class='ocr_par' dir='ltr' id='par_1_50' title="bbox 1969 2283 3259 2356">
     <span class='ocr_line' id='line_1_50' title="bbox 1969 2283 3259 2356; baseline 0.002 -20"><span class='ocrx_word' id='word_1_315' title='bbox 1969 2283 2147 2337; x_wconf 74' lang='lat' dir='ltr'>lllzesa</span> <span class='ocrx_word' id='word_1_316' title='bbox 2178 2285 2382 2346; x_wconf 90' lang='lat' dir='ltr'>tunica,</span> <span class='ocrx_word' id='word_1_317' title='bbox 2419 2301 2543 2338; x_wconf 93' lang='lat' dir='ltr'>eum</span> <span class='ocrx_word' id='word_1_318' title='bbox 2574 2285 2799 2354; x_wconf 87' lang='lat' dir='ltr'>palliolo</span> <span class='ocrx_word' id='word_1_319' title='bbox 2829 2292 2994 2356; x_wconf 88' lang='lat' dir='ltr'>atque</span> <span class='ocrx_word' id='word_1_320' title='bbox 3028 2285 3259 2341; x_wconf 90' lang='lat' dir='ltr'>cuculla.</span> 
     </span>
    </p>
   </div>
   <div class='ocr_carea' id='block_1_51' title="bbox 1957 2377 3421 2456">
    <p class='ocr_par' dir='ltr' id='par_1_51' title="bbox 1957 2377 3421 2456">
     <span class='ocr_line' id='line_1_51' title="bbox 1957 2377 3421 2456; baseline 0.003 -25"><span class='ocrx_word' id='word_1_321' title='bbox 1957 2377 2196 2449; x_wconf 90' lang='lat' dir='ltr'>Torpore</span> <span class='ocrx_word' id='word_1_322' title='bbox 2221 2387 2337 2434; x_wconf 90' lang='lat' dir='ltr'>erat</span> <span class='ocrx_word' id='word_1_323' title='bbox 2370 2387 2502 2446; x_wconf 90' lang='lat' dir='ltr'>toto,</span> <span class='ocrx_word' id='word_1_324' title='bbox 2537 2381 2691 2452; x_wconf 90' lang='lat' dir='ltr'>quasi</span> <span class='ocrx_word' id='word_1_325' title='bbox 2723 2381 2952 2447; x_wconf 87' lang='lat' dir='ltr'>viveret,</span> <span class='ocrx_word' id='word_1_326' title='bbox 2988 2381 3236 2456; x_wconf 89' lang='lat' dir='ltr'>integer;</span> <span class='ocrx_word' id='word_1_327' title='bbox 3272 2389 3421 2436; x_wconf 91' lang='lat' dir='ltr'>artus</span> 
     </span>
    </p>
   </div>
   <div class='ocr_carea' id='block_1_52' title="bbox 1965 2473 3296 2550">
    <p class='ocr_par' dir='ltr' id='par_1_52' title="bbox 1965 2473 3296 2550">
     <span class='ocr_line' id='line_1_52' title="bbox 1965 2473 3296 2550; baseline 0.003 -24"><span class='ocrx_word' id='word_1_328' title='bbox 1965 2473 2027 2527; x_wconf 86' lang='lat' dir='ltr'>Et</span> <span class='ocrx_word' id='word_1_329' title='bbox 2051 2474 2218 2528; x_wconf 90' lang='lat' dir='ltr'>multo</span> <span class='ocrx_word' id='word_1_330' title='bbox 2245 2480 2302 2528; x_wconf 90' lang='lat' dir='ltr'>ut</span> <span class='ocrx_word' id='word_1_331' title='bbox 2335 2473 2774 2530; x_wconf 87' lang='lat' dir='ltr'>fotusrefovehat</span> <span class='ocrx_word' id='word_1_332' title='bbox 2797 2483 3040 2530; x_wconf 88' lang='lat' dir='ltr'>aromate</span> <span class='ocrx_word' id='word_1_333' title='bbox 3074 2477 3296 2550; x_wconf 85' lang='lat' dir='ltr'>vulgus,</span> 
     </span>
    </p>
   </div>
   <div class='ocr_carea' id='block_1_53' title="bbox 1967 2563 3230 2633">
    <p class='ocr_par' dir='ltr' id='par_1_53' title="bbox 1967 2563 3230 2633">
     <span class='ocr_line' id='line_1_53' title="bbox 1967 2563 3230 2633; baseline 0.003 -18"><span class='ocrx_word' id='word_1_334' title='bbox 1967 2565 2250 2633; x_wconf 83' lang='lat' dir='ltr'>Quemque</span> <span class='ocrx_word' id='word_1_335' title='bbox 2273 2563 2360 2633; x_wconf 91' lang='lat' dir='ltr'>pia</span> <span class='ocrx_word' id='word_1_336' title='bbox 2389 2564 2496 2617; x_wconf 91' lang='lat' dir='ltr'>late</span> <span class='ocrx_word' id='word_1_337' title='bbox 2537 2565 2742 2619; x_wconf 90' lang='lat' dir='ltr'>mundo</span> <span class='ocrx_word' id='word_1_338' title='bbox 2774 2565 2972 2619; x_wconf 91' lang='lat' dir='ltr'>virtute</span> <span class='ocrx_word' id='word_1_339' title='bbox 3004 2564 3230 2631; x_wconf 88' lang='lat' dir='ltr'>refudit,</span> 
     </span>
    </p>
   </div>
   <div class='ocr_carea' id='block_1_54' title="bbox 1970 2652 3497 2730">
    <p class='ocr_par' dir='ltr' id='par_1_54' title="bbox 1970 2652 3497 2730">
     <span class='ocr_line' id='line_1_54' title="bbox 1970 2652 3497 2730; baseline 0.003 -24"><span class='ocrx_word' id='word_1_340' title='bbox 1970 2652 2250 2708; x_wconf 84' lang='lat' dir='ltr'>Carnalem</span> <span class='ocrx_word' id='word_1_341' title='bbox 2284 2654 2338 2708; x_wconf 92' lang='lat' dir='ltr'>in</span> <span class='ocrx_word' id='word_1_342' title='bbox 2367 2672 2589 2710; x_wconf 89' lang='lat' dir='ltr'>sensum</span> <span class='ocrx_word' id='word_1_343' title='bbox 2622 2673 2844 2728; x_wconf 90' lang='lat' dir='ltr'>quoque</span> <span class='ocrx_word' id='word_1_344' title='bbox 2873 2659 3231 2730; x_wconf 85' lang='lat' dir='ltr'>respergebat</span> <span class='ocrx_word' id='word_1_345' title='bbox 3270 2657 3497 2713; x_wconf 89' lang='lat' dir='ltr'>odorem</span> 
     </span>
    </p>
   </div>
   <div class='ocr_carea' id='block_1_55' title="bbox 1729 2841 2081 2901">
    <p class='ocr_par' dir='ltr' id='par_1_55' title="bbox 1729 2841 2081 2901">
     <span class='ocr_line' id='line_1_55' title="bbox 1729 2841 2081 2901; baseline 0.014 -6"><span class='ocrx_word' id='word_1_346' title='bbox 1729 2841 1947 2897; x_wconf 68' lang='lat' dir='ltr'>CAPUT</span> <span class='ocrx_word' id='word_1_347' title='bbox 1998 2845 2081 2901; x_wconf 87' lang='lat' dir='ltr'><strong>IV.</strong></span> 
     </span>
    </p>
   </div>
   <div class='ocr_carea' id='block_1_56' title="bbox 1356 2940 2489 3020">
    <p class='ocr_par' dir='ltr' id='par_1_56' title="bbox 1356 2940 2489 3020">
     <span class='ocr_line' id='line_1_56' title="bbox 1356 2940 2489 3020; baseline 0.007 -22"><span class='ocrx_word' id='word_1_348' title='bbox 1356 2940 1433 2999; x_wconf 89' lang='lat' dir='ltr'>De</span> <span class='ocrx_word' id='word_1_349' title='bbox 1476 2941 1676 3003; x_wconf 73' lang='lat' dir='ltr'>Maria</span> <span class='ocrx_word' id='word_1_350' title='bbox 1723 2944 2080 3020; x_wconf 69' lang='grc' dir='ltr'>ίΕθῃριία-εα</span> <span class='ocrx_word' id='word_1_351' title='bbox 2121 2954 2174 3004; x_wconf 82' lang='lat' dir='ltr'>et</span> <span class='ocrx_word' id='word_1_352' title='bbox 2218 2949 2489 3008; x_wconf 75' lang='lat' dir='ltr'>Zozima.</span> 
     </span>
    </p>
   </div>
   <div class='ocr_carea' id='block_1_57' title="bbox 242 3047 1340 3106">
    <p class='ocr_par' dir='ltr' id='par_1_57' title="bbox 242 3047 1340 3106">
     <span class='ocr_line' id='line_1_57' title="bbox 242 3047 1340 3106; baseline -0.004 0"><span class='ocrx_word' id='word_1_353' title='bbox 242 3050 532 3106; x_wconf 91' lang='lat' dir='ltr'>lncoluerc</span> <span class='ocrx_word' id='word_1_354' title='bbox 565 3047 906 3104; x_wconf 69' lang='lat' dir='ltr'>Palaestinam</span> <span class='ocrx_word' id='word_1_355' title='bbox 928 3047 1220 3103; x_wconf 89' lang='lat' dir='ltr'>virtutibus</span> <span class='ocrx_word' id='word_1_356' title='bbox 1248 3047 1340 3102; x_wconf 89' lang='lat' dir='ltr'>alti</span> 
     </span>
    </p>
   </div>
   <div class='ocr_carea' id='block_1_58' title="bbox 239 3136 1440 3212">
    <p class='ocr_par' dir='ltr' id='par_1_58' title="bbox 239 3136 1440 3212">
     <span class='ocr_line' id='line_1_58' title="bbox 239 3136 1440 3212; baseline -0.002 -18"><span class='ocrx_word' id='word_1_357' title='bbox 239 3139 572 3212; x_wconf 82' lang='lat' dir='ltr'>Egregiique</span> <span class='ocrx_word' id='word_1_358' title='bbox 593 3137 825 3208; x_wconf 90' lang='lat' dir='ltr'>viri,qui</span> <span class='ocrx_word' id='word_1_359' title='bbox 857 3136 1086 3191; x_wconf 90' lang='lat' dir='ltr'>tramitis</span> <span class='ocrx_word' id='word_1_360' title='bbox 1117 3143 1233 3190; x_wconf 88' lang='lat' dir='ltr'>arta</span> <span class='ocrx_word' id='word_1_361' title='bbox 1264 3137 1440 3192; x_wconf 89' lang='lat' dir='ltr'>secuti</span> 
     </span>
    </p>
   </div>
   <div class='ocr_carea' id='block_1_59' title="bbox 238 3228 1299 3301">
    <p class='ocr_par' dir='ltr' id='par_1_59' title="bbox 238 3228 1299 3301">
     <span class='ocr_line' id='line_1_59' title="bbox 238 3228 1299 3301; baseline -0.005 -15"><span class='ocrx_word' id='word_1_362' title='bbox 238 3230 456 3296; x_wconf 87' lang='lat' dir='ltr'>Eximii,</span> <span class='ocrx_word' id='word_1_363' title='bbox 486 3231 696 3301; x_wconf 85' lang='lat' dir='ltr'>petiere</span> <span class='ocrx_word' id='word_1_364' title='bbox 720 3229 833 3300; x_wconf 91' lang='lat' dir='ltr'>poli</span> <span class='ocrx_word' id='word_1_365' title='bbox 852 3228 1109 3284; x_wconf 89' lang='lat' dir='ltr'>sublimia</span> <span class='ocrx_word' id='word_1_366' title='bbox 1138 3228 1299 3284; x_wconf 90' lang='lat' dir='ltr'>celsl.</span> 
     </span>
    </p>
   </div>
   <div class='ocr_carea' id='block_1_60' title="bbox 241 3308 1520 3390">
    <p class='ocr_par' dir='ltr' id='par_1_60' title="bbox 241 3308 1520 3390">
     <span class='ocr_line' id='line_1_60' title="bbox 241 3308 1520 3390; baseline -0.002 -15"><span class='ocrx_word' id='word_1_367' title='bbox 241 3321 484 3384; x_wconf 90' lang='lat' dir='ltr'>Quorum</span> <span class='ocrx_word' id='word_1_368' title='bbox 507 3319 599 3374; x_wconf 85' lang='lat' dir='ltr'>alii</span> <span class='ocrx_word' id='word_1_369' title='bbox 632 3319 889 3390; x_wconf 88' lang='lat' dir='ltr'>placuere</span> <span class='ocrx_word' id='word_1_370' title='bbox 909 3308 1018 3373; x_wconf 88' lang='lat' dir='ltr'>Deo</span> <span class='ocrx_word' id='word_1_371' title='bbox 1045 3319 1267 3373; x_wconf 88' lang='lat' dir='ltr'>deserta</span> <span class='ocrx_word' id='word_1_372' title='bbox 1296 3319 1470 3374; x_wconf 90' lang='lat' dir='ltr'>secuti</span> <span class='ocrx_word' id='word_1_373' title='bbox 1505 3337 1520 3384; x_wconf 91' lang='lat'><strong>;</strong></span> 
     </span>
    </p>
   </div>
   <div class='ocr_carea' id='block_1_61' title="bbox 240 3409 1402 3484">
    <p class='ocr_par' dir='ltr' id='par_1_61' title="bbox 240 3409 1402 3484">
     <span class='ocr_line' id='line_1_61' title="bbox 240 3409 1402 3484; baseline -0.002 -18"><span class='ocrx_word' id='word_1_374' title='bbox 240 3414 338 3466; x_wconf 86' lang='lat' dir='ltr'>Ast</span> <span class='ocrx_word' id='word_1_375' title='bbox 364 3410 455 3464; x_wconf 89' lang='lat' dir='ltr'>alii</span> <span class='ocrx_word' id='word_1_376' title='bbox 487 3410 693 3480; x_wconf 89' lang='lat' dir='ltr'>pariter</span> <span class='ocrx_word' id='word_1_377' title='bbox 723 3409 965 3464; x_wconf 88' lang='lat' dir='ltr'>fraterna</span> <span class='ocrx_word' id='word_1_378' title='bbox 1006 3425 1140 3480; x_wconf 90' lang='lat' dir='ltr'>pace</span> <span class='ocrx_word' id='word_1_379' title='bbox 1171 3410 1402 3484; x_wconf 87' lang='lat' dir='ltr'>gregati,</span> 
     </span>
    </p>
   </div>
   <div class='ocr_carea' id='block_1_62' title="bbox 248 3505 1414 3579">
    <p class='ocr_par' dir='ltr' id='par_1_62' title="bbox 248 3505 1414 3579">
     <span class='ocr_line' id='line_1_62' title="bbox 248 3505 1414 3579; baseline -0.001 -18"><span class='ocrx_word' id='word_1_380' title='bbox 248 3509 424 3579; x_wconf 86' lang='lat' dir='ltr'>Inque</span> <span class='ocrx_word' id='word_1_381' title='bbox 443 3506 792 3561; x_wconf 84' lang='lat' dir='ltr'>monasteriis</span> <span class='ocrx_word' id='word_1_382' title='bbox 807 3505 1015 3560; x_wconf 70' lang='lat' dir='ltr'>emlesti</span> <span class='ocrx_word' id='word_1_383' title='bbox 1041 3506 1166 3574; x_wconf 91' lang='lat' dir='ltr'>jure</span> <span class='ocrx_word' id='word_1_384' title='bbox 1197 3506 1414 3560; x_wconf 90' lang='lat' dir='ltr'>morati.</span> 
     </span>
    </p>
   </div>
   <div class='ocr_carea' id='block_1_63' title="bbox 244 3599 1674 3671">
    <p class='ocr_par' dir='ltr' id='par_1_63' title="bbox 244 3599 1674 3671">
     <span class='ocr_line' id='line_1_63' title="bbox 244 3599 1674 3671; baseline -0.003 -15"><span class='ocrx_word' id='word_1_385' title='bbox 244 3604 489 3668; x_wconf 87' lang='lat' dir='ltr'>Quorum</span> <span class='ocrx_word' id='word_1_386' title='bbox 523 3601 654 3656; x_wconf 92' lang='lat' dir='ltr'>olim</span> <span class='ocrx_word' id='word_1_387' title='bbox 678 3600 957 3671; x_wconf 90' lang='lat' dir='ltr'>quoddam</span> <span class='ocrx_word' id='word_1_388' title='bbox 979 3599 1236 3654; x_wconf 76' lang='lat' dir='ltr'>Iordanis</span> <span class='ocrx_word' id='word_1_389' title='bbox 1276 3599 1396 3670; x_wconf 88' lang='lat' dir='ltr'>ripa</span> <span class='ocrx_word' id='word_1_390' title='bbox 1429 3599 1674 3654; x_wconf 88' lang='lat' dir='ltr'>tenebat.</span> 
     </span>
    </p>
   </div>
   <div class='ocr_carea' id='block_1_64' title="bbox 244 3691 1803 3767">
    <p class='ocr_par' dir='ltr' id='par_1_64' title="bbox 244 3691 1803 3767">
     <span class='ocr_line' id='line_1_64' title="bbox 244 3691 1803 3767; baseline -0.003 -19"><span class='ocrx_word' id='word_1_391' title='bbox 244 3697 363 3761; x_wconf 91' lang='lat' dir='ltr'>Quo</span> <span class='ocrx_word' id='word_1_392' title='bbox 393 3694 569 3766; x_wconf 82' lang='lat' dir='ltr'>legem</span> <span class='ocrx_word' id='word_1_393' title='bbox 596 3693 840 3767; x_wconf 86' lang='lat' dir='ltr'>viguisse</span> <span class='ocrx_word' id='word_1_394' title='bbox 871 3691 1072 3757; x_wconf 90' lang='lat' dir='ltr'>ferunt,</span> <span class='ocrx_word' id='word_1_395' title='bbox 1111 3707 1210 3762; x_wconf 90' lang='lat' dir='ltr'>pro</span> <span class='ocrx_word' id='word_1_396' title='bbox 1264 3699 1534 3761; x_wconf 91' lang='lat' dir='ltr'>tempore,</span> <span class='ocrx_word' id='word_1_397' title='bbox 1567 3698 1803 3761; x_wconf 91' lang='lat' dir='ltr'>utraque</span> 
     </span>
    </p>
   </div>
   <div class='ocr_carea' id='block_1_65' title="bbox 245 3781 1566 3854">
    <p class='ocr_par' dir='ltr' id='par_1_65' title="bbox 245 3781 1566 3854">
     <span class='ocr_line' id='line_1_65' title="bbox 245 3781 1566 3854; baseline -0.003 -15"><span class='ocrx_word' id='word_1_398' title='bbox 245 3785 381 3839; x_wconf 81' lang='lat' dir='ltr'>Nam</span> <span class='ocrx_word' id='word_1_399' title='bbox 408 3782 627 3838; x_wconf 89' lang='lat' dir='ltr'>socialis</span> <span class='ocrx_word' id='word_1_400' title='bbox 657 3797 799 3854; x_wconf 88' lang='lat' dir='ltr'>agon</span> <span class='ocrx_word' id='word_1_401' title='bbox 829 3781 942 3836; x_wconf 90' lang='lat' dir='ltr'>fere</span> <span class='ocrx_word' id='word_1_402' title='bbox 974 3781 1288 3836; x_wconf 89' lang='lat' dir='ltr'>certabatur</span> <span class='ocrx_word' id='word_1_403' title='bbox 1316 3781 1371 3834; x_wconf 90' lang='lat' dir='ltr'>in</span> <span class='ocrx_word' id='word_1_404' title='bbox 1395 3795 1566 3845; x_wconf 91' lang='lat' dir='ltr'>anno,</span> 
     </span>
    </p>
   </div>
   <div class='ocr_carea' id='block_1_66' title="bbox 245 3869 1488 3939">
    <p class='ocr_par' dir='ltr' id='par_1_66' title="bbox 245 3869 1488 3939">
     <span class='ocr_line' id='line_1_66' title="bbox 245 3869 1488 3939; baseline -0.005 -11"><span class='ocrx_word' id='word_1_405' title='bbox 245 3876 385 3928; x_wconf 90' lang='lat' dir='ltr'>Ante</span> <span class='ocrx_word' id='word_1_406' title='bbox 416 3872 583 3935; x_wconf 90' lang='lat' dir='ltr'>diem,</span> <span class='ocrx_word' id='word_1_407' title='bbox 614 3872 792 3926; x_wconf 91' lang='lat' dir='ltr'>donec</span> <span class='ocrx_word' id='word_1_408' title='bbox 823 3871 990 3926; x_wconf 90' lang='lat' dir='ltr'>solito</span> <span class='ocrx_word' id='word_1_409' title='bbox 1015 3871 1228 3939; x_wconf 89' lang='lat' dir='ltr'>jejunia</span> <span class='ocrx_word' id='word_1_410' title='bbox 1259 3869 1488 3923; x_wconf 63' lang='lat' dir='ltr'>Pascha:</span> 
     </span>
    </p>
   </div>
   <div class='ocr_carea' id='block_1_67' title="bbox 247 3961 1531 4035">
    <p class='ocr_par' dir='ltr' id='par_1_67' title="bbox 247 3961 1531 4035">
     <span class='ocr_line' id='line_1_67' title="bbox 247 3961 1531 4035; baseline -0.004 -15"><span class='ocrx_word' id='word_1_411' title='bbox 247 3964 530 4035; x_wconf 88' lang='lat' dir='ltr'>Incipiunt</span> <span class='ocrx_word' id='word_1_412' title='bbox 568 3979 634 4017; x_wconf 88' lang='lat' dir='ltr'>ex</span> <span class='ocrx_word' id='word_1_413' title='bbox 663 3977 815 4018; x_wconf 91' lang='lat' dir='ltr'>more</span> <span class='ocrx_word' id='word_1_414' title='bbox 854 3962 968 4034; x_wconf 89' lang='lat' dir='ltr'>geri</span> <span class='ocrx_word' id='word_1_415' title='bbox 999 3969 1111 4017; x_wconf 92' lang='lat' dir='ltr'>tum</span> <span class='ocrx_word' id='word_1_416' title='bbox 1137 3961 1352 4034; x_wconf 89' lang='lat' dir='ltr'>singula</span> <span class='ocrx_word' id='word_1_417' title='bbox 1390 3961 1531 4015; x_wconf 67' lang='lat' dir='ltr'>vitm.</span> 
     </span>
    </p>
   </div>
   <div class='ocr_carea' id='block_1_68' title="bbox 249 4049 1875 4124">
    <p class='ocr_par' dir='ltr' id='par_1_68' title="bbox 249 4049 1875 4124">
     <span class='ocr_line' id='line_1_68' title="bbox 249 4049 1875 4124; baseline -0.005 -15"><span class='ocrx_word' id='word_1_418' title='bbox 249 4054 466 4124; x_wconf 78' lang='lat' dir='ltr'>Quique</span> <span class='ocrx_word' id='word_1_419' title='bbox 495 4051 665 4108; x_wconf 92' lang='lat' dir='ltr'>eremi</span> <span class='ocrx_word' id='word_1_420' title='bbox 697 4052 826 4106; x_wconf 93' lang='lat' dir='ltr'>dum</span> <span class='ocrx_word' id='word_1_421' title='bbox 853 4058 1004 4107; x_wconf 89' lang='lat' dir='ltr'>vasta</span> <span class='ocrx_word' id='word_1_422' title='bbox 1032 4057 1250 4122; x_wconf 91' lang='lat' dir='ltr'>petunt,</span> <span class='ocrx_word' id='word_1_423' title='bbox 1274 4049 1574 4104; x_wconf 90' lang='lat' dir='ltr'>certamina</span> <span class='ocrx_word' id='word_1_424' title='bbox 1604 4054 1832 4103; x_wconf 90' lang='lat' dir='ltr'>sumunt</span> <span class='ocrx_word' id='word_1_425' title='bbox 1860 4063 1875 4114; x_wconf 88' lang='lat'><strong>;</strong></span> 
     </span>
    </p>
   </div>
   <div class='ocr_carea' id='block_1_69' title="bbox 249 4142 1719 4214">
    <p class='ocr_par' dir='ltr' id='par_1_69' title="bbox 249 4142 1719 4214">
     <span class='ocr_line' id='line_1_69' title="bbox 249 4142 1719 4214; baseline -0.003 -14"><span class='ocrx_word' id='word_1_426' title='bbox 249 4147 316 4200; x_wconf 81' lang='lat' dir='ltr'>At</span> <span class='ocrx_word' id='word_1_427' title='bbox 339 4163 462 4200; x_wconf 92' lang='lat' dir='ltr'>cum</span> <span class='ocrx_word' id='word_1_428' title='bbox 483 4145 598 4214; x_wconf 91' lang='lat' dir='ltr'>jam</span> <span class='ocrx_word' id='word_1_429' title='bbox 636 4144 870 4198; x_wconf 88' lang='lat' dir='ltr'>redeunt</span> <span class='ocrx_word' id='word_1_430' title='bbox 901 4142 1180 4214; x_wconf 89' lang='lat' dir='ltr'>paschalia</span> <span class='ocrx_word' id='word_1_431' title='bbox 1215 4142 1376 4208; x_wconf 91' lang='lat' dir='ltr'>festa,</span> <span class='ocrx_word' id='word_1_432' title='bbox 1409 4147 1719 4205; x_wconf 89' lang='lat' dir='ltr'>recurrunt,</span> 
     </span>
    </p>
   </div>
   <div class='ocr_carea' id='block_1_70' title="bbox 252 4232 1732 4306">
    <p class='ocr_par' dir='ltr' id='par_1_70' title="bbox 252 4232 1732 4306">
     <span class='ocr_line' id='line_1_70' title="bbox 252 4232 1732 4306; baseline -0.003 -15"><span class='ocrx_word' id='word_1_433' title='bbox 252 4237 318 4291; x_wconf 92' lang='lat' dir='ltr'>Ut</span> <span class='ocrx_word' id='word_1_434' title='bbox 348 4236 498 4306; x_wconf 90' lang='lat' dir='ltr'>pacis</span> <span class='ocrx_word' id='word_1_435' title='bbox 530 4233 820 4290; x_wconf 91' lang='lat' dir='ltr'>Dominum</span> <span class='ocrx_word' id='word_1_436' title='bbox 851 4234 1068 4289; x_wconf 89' lang='lat' dir='ltr'>valeant</span> <span class='ocrx_word' id='word_1_437' title='bbox 1094 4233 1428 4287; x_wconf 90' lang='lat' dir='ltr'>benedicere</span> <span class='ocrx_word' id='word_1_438' title='bbox 1460 4232 1513 4286; x_wconf 95' lang='lat' dir='ltr'>in</span> <span class='ocrx_word' id='word_1_439' title='bbox 1540 4249 1732 4287; x_wconf 91' lang='lat' dir='ltr'>unum.</span> 
     </span>
    </p>
   </div>
   <div class='ocr_carea' id='block_1_71' title="bbox 323 4322 1876 4398">
    <p class='ocr_par' dir='ltr' id='par_1_71' title="bbox 323 4322 1876 4398">
     <span class='ocr_line' id='line_1_71' title="bbox 323 4322 1876 4398; baseline -0.004 -17"><span class='ocrx_word' id='word_1_440' title='bbox 323 4327 433 4384; x_wconf 80' lang='lat' dir='ltr'>Hoc</span> <span class='ocrx_word' id='word_1_441' title='bbox 458 4326 702 4382; x_wconf 89' lang='lat' dir='ltr'>Zozimas</span> <span class='ocrx_word' id='word_1_442' title='bbox 752 4340 954 4397; x_wconf 89' lang='lat' dir='ltr'>supero</span> <span class='ocrx_word' id='word_1_443' title='bbox 1005 4323 1315 4398; x_wconf 88' lang='lat' dir='ltr'>ingreditur</span> <span class='ocrx_word' id='word_1_444' title='bbox 1371 4323 1750 4379; x_wconf 92' lang='lat' dir='ltr'>moderamine</span> <span class='ocrx_word' id='word_1_445' title='bbox 1775 4322 1876 4376; x_wconf 88' lang='lat' dir='ltr'>du-</span> 
     </span>
    </p>
   </div>
   <div class='ocr_carea' id='block_1_72' title="bbox 1645 4417 1804 4487">
    <p class='ocr_par' dir='ltr' id='par_1_72' title="bbox 1645 4417 1804 4487">
     <span class='ocr_line' id='line_1_72' title="bbox 1645 4417 1804 4487; baseline -0.006 -17"><span class='ocrx_word' id='word_1_446' title='bbox 1645 4417 1804 4487; x_wconf 72' lang='lat' dir='ltr'>(ctus,</span> 
     </span>
    </p>
   </div>
   <div class='ocr_carea' id='block_1_73' title="bbox 247 4506 1364 4580">
    <p class='ocr_par' dir='ltr' id='par_1_73' title="bbox 247 4506 1364 4580">
     <span class='ocr_line' id='line_1_73' title="bbox 247 4506 1364 4580; baseline -0.003 -16"><span class='ocrx_word' id='word_1_447' title='bbox 247 4508 441 4564; x_wconf 81' lang='lat' dir='ltr'>Militia</span> <span class='ocrx_word' id='word_1_448' title='bbox 471 4525 594 4564; x_wconf 89' lang='lat' dir='ltr'>sese</span> <span class='ocrx_word' id='word_1_449' title='bbox 623 4509 873 4580; x_wconf 90' lang='lat' dir='ltr'>reliquos</span> <span class='ocrx_word' id='word_1_450' title='bbox 905 4523 1196 4578; x_wconf 89' lang='lat' dir='ltr'>superasse</span> <span class='ocrx_word' id='word_1_451' title='bbox 1214 4506 1364 4562; x_wconf 78' lang='lat' dir='ltr'>fideli</span> 
     </span>
    </p>
   </div>
   <div class='ocr_carea' id='block_1_74' title="bbox 247 4600 1762 4672">
    <p class='ocr_par' dir='ltr' id='par_1_74' title="bbox 247 4600 1762 4672">
     <span class='ocr_line' id='line_1_74' title="bbox 247 4600 1762 4672; baseline -0.002 -17"><span class='ocrx_word' id='word_1_452' title='bbox 247 4603 387 4655; x_wconf 92' lang='lat' dir='ltr'>Dum</span> <span class='ocrx_word' id='word_1_453' title='bbox 417 4608 654 4672; x_wconf 90' lang='lat' dir='ltr'>reputat,</span> <span class='ocrx_word' id='word_1_454' title='bbox 697 4601 911 4656; x_wconf 90' lang='lat' dir='ltr'>Christo</span> <span class='ocrx_word' id='word_1_455' title='bbox 943 4617 1066 4656; x_wconf 89' lang='lat' dir='ltr'>cum</span> <span class='ocrx_word' id='word_1_456' title='bbox 1095 4600 1220 4672; x_wconf 90' lang='lat' dir='ltr'>quis</span> <span class='ocrx_word' id='word_1_457' title='bbox 1247 4606 1483 4655; x_wconf 90' lang='lat' dir='ltr'>certarat</span> <span class='ocrx_word' id='word_1_458' title='bbox 1504 4613 1762 4672; x_wconf 89' lang='lat' dir='ltr'>agonem.</span> 
     </span>
    </p>
   </div>
   <div class='ocr_carea' id='block_1_75' title="bbox 249 4694 1662 4770">
    <p class='ocr_par' dir='ltr' id='par_1_75' title="bbox 249 4694 1662 4770">
     <span class='ocr_line' id='line_1_75' title="bbox 249 4694 1662 4770; baseline -0.001 -20"><span class='ocrx_word' id='word_1_459' title='bbox 249 4697 366 4750; x_wconf 88' lang='lat' dir='ltr'>Huc</span> <span class='ocrx_word' id='word_1_460' title='bbox 399 4696 564 4770; x_wconf 88' lang='lat' dir='ltr'>igitur</span> <span class='ocrx_word' id='word_1_461' title='bbox 595 4696 844 4762; x_wconf 85' lang='lat' dir='ltr'>veniens,</span> <span class='ocrx_word' id='word_1_462' title='bbox 866 4696 1088 4750; x_wconf 90' lang='lat' dir='ltr'>tandem</span> <span class='ocrx_word' id='word_1_463' title='bbox 1119 4695 1440 4750; x_wconf 90' lang='lat' dir='ltr'>certaminis</span> <span class='ocrx_word' id='word_1_464' title='bbox 1473 4694 1662 4762; x_wconf 87' lang='lat' dir='ltr'>hujus,</span> 
     </span>
    </p>
   </div>
   <div class='ocr_carea' id='block_1_76' title="bbox 251 4788 1660 4859">
    <p class='ocr_par' dir='ltr' id='par_1_76' title="bbox 251 4788 1660 4859">
     <span class='ocr_line' id='line_1_76' title="bbox 251 4788 1660 4859; baseline 0.001 -17"><span class='ocrx_word' id='word_1_465' title='bbox 251 4789 564 4859; x_wconf 86' lang='lat' dir='ltr'>Discipnlus</span> <span class='ocrx_word' id='word_1_466' title='bbox 586 4788 778 4856; x_wconf 88' lang='lat' dir='ltr'>factus,</span> <span class='ocrx_word' id='word_1_467' title='bbox 807 4790 1106 4844; x_wconf 90' lang='lat' dir='ltr'>meditatur</span> <span class='ocrx_word' id='word_1_468' title='bbox 1141 4805 1361 4844; x_wconf 91' lang='lat' dir='ltr'>sumere</span> <span class='ocrx_word' id='word_1_469' title='bbox 1392 4804 1660 4844; x_wconf 91' lang='lat' dir='ltr'>normam.</span> 
     </span>
    </p>
   </div>
   <div class='ocr_carea' id='block_1_77' title="bbox 251 4878 1626 4952">
    <p class='ocr_par' dir='ltr' id='par_1_77' title="bbox 251 4878 1626 4952">
     <span class='ocr_line' id='line_1_77' title="bbox 251 4878 1626 4952; baseline 0.001 -20"><span class='ocrx_word' id='word_1_470' title='bbox 251 4878 354 4942; x_wconf 93' lang='lat' dir='ltr'>Qui</span> <span class='ocrx_word' id='word_1_471' title='bbox 385 4879 601 4933; x_wconf 90' lang='lat' dir='ltr'>deserta</span> <span class='ocrx_word' id='word_1_472' title='bbox 630 4879 734 4933; x_wconf 91' lang='lat' dir='ltr'>loci</span> <span class='ocrx_word' id='word_1_473' title='bbox 765 4887 1017 4952; x_wconf 88' lang='lat' dir='ltr'>peragrat</span> <span class='ocrx_word' id='word_1_474' title='bbox 1048 4879 1178 4932; x_wconf 91' lang='lat' dir='ltr'>dum</span> <span class='ocrx_word' id='word_1_475' title='bbox 1211 4885 1459 4948; x_wconf 90' lang='lat' dir='ltr'>tempore</span> <span class='ocrx_word' id='word_1_476' title='bbox 1478 4878 1626 4933; x_wconf 90' lang='lat' dir='ltr'>dicto</span> 
     </span>
    </p>
   </div>
   <div class='ocr_carea' id='block_1_78' title="bbox 253 4967 1591 5038">
    <p class='ocr_par' dir='ltr' id='par_1_78' title="bbox 253 4967 1591 5038">
     <span class='ocr_line' id='line_1_78' title="bbox 253 4967 1591 5038; baseline -0.003 -13"><span class='ocrx_word' id='word_1_477' title='bbox 253 4967 492 5025; x_wconf 89' lang='lat' dir='ltr'>Interius</span> <span class='ocrx_word' id='word_1_478' title='bbox 516 4974 807 5038; x_wconf 78' lang='lat' dir='ltr'>penetrare</span> <span class='ocrx_word' id='word_1_479' title='bbox 839 4968 1071 5022; x_wconf 91' lang='lat' dir='ltr'>studens</span> <span class='ocrx_word' id='word_1_480' title='bbox 1090 4967 1298 5022; x_wconf 92' lang='lat' dir='ltr'>inculta</span> <span class='ocrx_word' id='word_1_481' title='bbox 1322 4967 1591 5035; x_wconf 92' lang='lat' dir='ltr'>locorum,</span> 
     </span>
    </p>
   </div>
   <div class='ocr_carea' id='block_1_79' title="bbox 257 5059 1492 5131">
    <p class='ocr_par' dir='ltr' id='par_1_79' title="bbox 257 5059 1492 5131">
     <span class='ocr_line' id='line_1_79' title="bbox 257 5059 1492 5131; baseline -0.002 -16"><span class='ocrx_word' id='word_1_482' title='bbox 257 5061 508 5115; x_wconf 80' lang='lat' dir='ltr'>Rimatur</span> <span class='ocrx_word' id='word_1_483' title='bbox 536 5059 581 5114; x_wconf 89' lang='lat' dir='ltr'>si</span> <span class='ocrx_word' id='word_1_484' title='bbox 617 5059 754 5114; x_wconf 89' lang='lat' dir='ltr'>forte</span> <span class='ocrx_word' id='word_1_485' title='bbox 783 5060 963 5115; x_wconf 87' lang='lat' dir='ltr'>vivum</span> <span class='ocrx_word' id='word_1_486' title='bbox 995 5059 1239 5131; x_wconf 89' lang='lat' dir='ltr'>reperire</span> <span class='ocrx_word' id='word_1_487' title='bbox 1267 5059 1492 5114; x_wconf 88' lang='lat' dir='ltr'>daretur</span> 
     </span>
    </p>
   </div>
   <div class='ocr_carea' id='block_1_80' title="bbox 255 5151 1751 5225">
    <p class='ocr_par' dir='ltr' id='par_1_80' title="bbox 255 5151 1751 5225">
     <span class='ocr_line' id='line_1_80' title="bbox 255 5151 1751 5225; baseline -0.001 -19"><span class='ocrx_word' id='word_1_488' title='bbox 255 5153 368 5206; x_wconf 88' lang='lat' dir='ltr'>Hac</span> <span class='ocrx_word' id='word_1_489' title='bbox 405 5166 628 5223; x_wconf 91' lang='lat' dir='ltr'>quoque</span> <span class='ocrx_word' id='word_1_490' title='bbox 659 5151 760 5205; x_wconf 92' lang='lat' dir='ltr'>sub</span> <span class='ocrx_word' id='word_1_491' title='bbox 791 5152 983 5206; x_wconf 76' lang='lat' dir='ltr'>valida-3</span> <span class='ocrx_word' id='word_1_492' title='bbox 1013 5151 1198 5206; x_wconf 90' lang='lat' dir='ltr'>studio</span> <span class='ocrx_word' id='word_1_493' title='bbox 1227 5151 1444 5206; x_wconf 90' lang='lat' dir='ltr'>virtutis</span> <span class='ocrx_word' id='word_1_494' title='bbox 1470 5158 1751 5225; x_wconf 87' lang='lat' dir='ltr'>agentem,</span> 
     </span>
    </p>
   </div>
   <div class='ocr_carea' id='block_1_81' title="bbox 255 5246 1480 5318">
    <p class='ocr_par' dir='ltr' id='par_1_81' title="bbox 255 5246 1480 5318">
     <span class='ocr_line' id='line_1_81' title="bbox 255 5246 1480 5318; baseline -0.001 -17"><span class='ocrx_word' id='word_1_495' title='bbox 255 5248 428 5316; x_wconf 84' lang='lat' dir='ltr'>Hujus</span> <span class='ocrx_word' id='word_1_496' title='bbox 459 5246 668 5300; x_wconf 88' lang='lat' dir='ltr'>militiae</span> <span class='ocrx_word' id='word_1_497' title='bbox 690 5246 794 5301; x_wconf 91' lang='lat' dir='ltr'>sibi</span> <span class='ocrx_word' id='word_1_498' title='bbox 828 5246 922 5318; x_wconf 90' lang='lat' dir='ltr'>qui</span> <span class='ocrx_word' id='word_1_499' title='bbox 945 5246 1274 5318; x_wconf 89' lang='lat' dir='ltr'>dependerit</span> <span class='ocrx_word' id='word_1_500' title='bbox 1302 5263 1480 5302; x_wconf 91' lang='lat' dir='ltr'>usum.</span> 
     </span>
    </p>
   </div>
   <div class='ocr_carea' id='block_1_82' title="bbox 255 5335 1382 5401">
    <p class='ocr_par' dir='ltr' id='par_1_82' title="bbox 255 5335 1382 5401">
     <span class='ocr_line' id='line_1_82' title="bbox 255 5335 1382 5401; baseline -0.002 -10"><span class='ocrx_word' id='word_1_501' title='bbox 255 5335 484 5391; x_wconf 90' lang='lat' dir='ltr'>Deditus</span> <span class='ocrx_word' id='word_1_502' title='bbox 514 5335 620 5401; x_wconf 90' lang='lat' dir='ltr'>his,</span> <span class='ocrx_word' id='word_1_503' title='bbox 655 5335 763 5389; x_wconf 91' lang='lat' dir='ltr'>usti</span> <span class='ocrx_word' id='word_1_504' title='bbox 793 5336 979 5390; x_wconf 89' lang='lat' dir='ltr'>medio</span> <span class='ocrx_word' id='word_1_505' title='bbox 1011 5335 1231 5390; x_wconf 90' lang='lat' dir='ltr'>fervore</span> <span class='ocrx_word' id='word_1_506' title='bbox 1272 5336 1382 5391; x_wconf 90' lang='lat' dir='ltr'>diei</span> 
     </span>
    </p>
   </div>
   <div class='ocr_carea' id='block_1_83' title="bbox 258 5423 1876 5494">
    <p class='ocr_par' dir='ltr' id='par_1_83' title="bbox 258 5423 1876 5494">
     <span class='ocr_line' id='line_1_83' title="bbox 258 5423 1876 5494; baseline -0.001 -15"><span class='ocrx_word' id='word_1_507' title='bbox 258 5424 570 5492; x_wconf 90' lang='lat' dir='ltr'>Quondam,</span> <span class='ocrx_word' id='word_1_508' title='bbox 595 5423 723 5477; x_wconf 90' lang='lat' dir='ltr'>dum</span> <span class='ocrx_word' id='word_1_509' title='bbox 783 5423 1027 5494; x_wconf 90' lang='lat' dir='ltr'>perferre</span> <span class='ocrx_word' id='word_1_510' title='bbox 1062 5440 1255 5494; x_wconf 89' lang='lat' dir='ltr'>preces</span> <span class='ocrx_word' id='word_1_511' title='bbox 1281 5423 1565 5479; x_wconf 90' lang='lat' dir='ltr'>contendit</span> <span class='ocrx_word' id='word_1_512' title='bbox 1591 5423 1646 5477; x_wconf 93' lang='lat' dir='ltr'>in</span> <span class='ocrx_word' id='word_1_513' title='bbox 1687 5423 1876 5488; x_wconf 89' lang='lat' dir='ltr'>altum,</span> 
     </span>
    </p>
   </div>
   <div class='ocr_carea' id='block_1_84' title="bbox 256 5513 1596 5585">
    <p class='ocr_par' dir='ltr' id='par_1_84' title="bbox 256 5513 1596 5585">
     <span class='ocr_line' id='line_1_84' title="bbox 256 5513 1596 5585; baseline -0.001 -18"><span class='ocrx_word' id='word_1_514' title='bbox 256 5515 644 5585; x_wconf 83' lang='lat' dir='ltr'>Appropcrare</span> <span class='ocrx_word' id='word_1_515' title='bbox 676 5513 885 5584; x_wconf 88' lang='lat' dir='ltr'>nigram</span> <span class='ocrx_word' id='word_1_516' title='bbox 907 5513 1039 5567; x_wconf 90' lang='lat' dir='ltr'>solis</span> <span class='ocrx_word' id='word_1_517' title='bbox 1072 5519 1351 5583; x_wconf 83' lang='lat' dir='ltr'>exspectat</span> <span class='ocrx_word' id='word_1_518' title='bbox 1378 5513 1446 5566; x_wconf 91' lang='lat' dir='ltr'>ab</span> <span class='ocrx_word' id='word_1_519' title='bbox 1475 5519 1596 5568; x_wconf 90' lang='lat' dir='ltr'>ortu</span> 
     </span>
    </p>
   </div>
   <div class='ocr_carea' id='block_1_85' title="bbox 264 5600 1738 5672">
    <p class='ocr_par' dir='ltr' id='par_1_85' title="bbox 264 5600 1738 5672">
     <span class='ocr_line' id='line_1_85' title="bbox 264 5600 1738 5672; baseline 0 -16"><span class='ocrx_word' id='word_1_520' title='bbox 264 5603 568 5657; x_wconf 90' lang='lat' dir='ltr'>Ilumanam</span> <span class='ocrx_word' id='word_1_521' title='bbox 596 5600 764 5658; x_wconf 89' lang='lat' dir='ltr'>veluti</span> <span class='ocrx_word' id='word_1_522' title='bbox 797 5602 1047 5668; x_wconf 90' lang='lat' dir='ltr'>formam,</span> <span class='ocrx_word' id='word_1_523' title='bbox 1081 5603 1198 5658; x_wconf 92' lang='lat' dir='ltr'>loca</span> <span class='ocrx_word' id='word_1_524' title='bbox 1232 5618 1404 5671; x_wconf 89' lang='lat' dir='ltr'>prona</span> <span class='ocrx_word' id='word_1_525' title='bbox 1436 5610 1738 5672; x_wconf 88' lang='lat' dir='ltr'>petentem,</span> 
     </span>
    </p>
   </div>
   <div class='ocr_carea' id='block_1_86' title="bbox 1897 4436 1956 4503">
    <p class='ocr_par' dir='ltr' id='par_1_86' title="bbox 1897 4436 1956 4503">
     <span class='ocr_line' id='line_1_86' title="bbox 1897 4436 1956 4503; baseline 0 0"><span class='ocrx_word' id='word_1_526' title='bbox 1897 4436 1956 4503; x_wconf 81' lang='grc' dir='ltr'><strong>Ι)</strong></span> 
     </span>
    </p>
   </div>
   <div class='ocr_carea' id='block_1_87' title="bbox 1896 3052 3250 3123">
    <p class='ocr_par' dir='ltr' id='par_1_87' title="bbox 1896 3052 3250 3123">
     <span class='ocr_line' id='line_1_87' title="bbox 1896 3052 3250 3123; baseline 0.003 -18"><span class='ocrx_word' id='word_1_527' title='bbox 1896 3057 1944 3123; x_wconf 68' lang='grc' dir='ltr'>(ζ</span> <span class='ocrx_word' id='word_1_528' title='bbox 1967 3052 2174 3107; x_wconf 86' lang='lat' dir='ltr'>Canitie</span> <span class='ocrx_word' id='word_1_529' title='bbox 2193 3061 2253 3108; x_wconf 91' lang='lat' dir='ltr'>ut</span> <span class='ocrx_word' id='word_1_530' title='bbox 2283 3054 2464 3110; x_wconf 91' lang='lat' dir='ltr'>lanam</span> <span class='ocrx_word' id='word_1_531' title='bbox 2505 3055 2684 3110; x_wconf 90' lang='lat' dir='ltr'>crines</span> <span class='ocrx_word' id='word_1_532' title='bbox 2716 3055 3026 3111; x_wconf 91' lang='lat' dir='ltr'>collotenus</span> <span class='ocrx_word' id='word_1_533' title='bbox 3051 3055 3250 3110; x_wconf 88' lang='lat' dir='ltr'>albam.</span> 
     </span>
    </p>
   </div>
   <div class='ocr_carea' id='block_1_88' title="bbox 1967 3145 3339 3216">
    <p class='ocr_par' dir='ltr' id='par_1_88' title="bbox 1967 3145 3339 3216">
     <span class='ocr_line' id='line_1_88' title="bbox 1967 3145 3339 3216; baseline 0.001 -18"><span class='ocrx_word' id='word_1_534' title='bbox 1967 3145 2208 3199; x_wconf 90' lang='lat' dir='ltr'>Territus</span> <span class='ocrx_word' id='word_1_535' title='bbox 2235 3154 2480 3216; x_wconf 89' lang='lat' dir='ltr'>aspectu,</span> <span class='ocrx_word' id='word_1_536' title='bbox 2515 3147 2692 3201; x_wconf 91' lang='lat' dir='ltr'>erucis</span> <span class='ocrx_word' id='word_1_537' title='bbox 2722 3163 2817 3201; x_wconf 93' lang='lat' dir='ltr'>ora</span> <span class='ocrx_word' id='word_1_538' title='bbox 2847 3147 3121 3202; x_wconf 90' lang='lat' dir='ltr'>levamine</span> <span class='ocrx_word' id='word_1_539' title='bbox 3145 3146 3339 3200; x_wconf 89' lang='lat' dir='ltr'>munit.</span> 
     </span>
    </p>
   </div>
   <div class='ocr_carea' id='block_1_89' title="bbox 1970 3237 3307 3310">
    <p class='ocr_par' dir='ltr' id='par_1_89' title="bbox 1970 3237 3307 3310">
     <span class='ocr_line' id='line_1_89' title="bbox 1970 3237 3307 3310; baseline 0.001 -20"><span class='ocrx_word' id='word_1_540' title='bbox 1970 3237 2174 3291; x_wconf 92' lang='lat' dir='ltr'>Obvius</span> <span class='ocrx_word' id='word_1_541' title='bbox 2199 3246 2252 3292; x_wconf 91' lang='lat' dir='ltr'>at</span> <span class='ocrx_word' id='word_1_542' title='bbox 2283 3238 2400 3292; x_wconf 90' lang='lat' dir='ltr'>fieri</span> <span class='ocrx_word' id='word_1_543' title='bbox 2429 3239 2674 3292; x_wconf 88' lang='lat' dir='ltr'>venienti</span> <span class='ocrx_word' id='word_1_544' title='bbox 2701 3247 2760 3293; x_wconf 91' lang='lat' dir='ltr'>ut</span> <span class='ocrx_word' id='word_1_545' title='bbox 2809 3240 2997 3310; x_wconf 65' lang='lat' dir='ltr'>erepit,</span> <span class='ocrx_word' id='word_1_546' title='bbox 3031 3239 3307 3303; x_wconf 89' lang='lat' dir='ltr'>eamdem,</span> 
     </span>
    </p>
   </div>
   <div class='ocr_carea' id='block_1_90' title="bbox 1971 3329 3376 3405">
    <p class='ocr_par' dir='ltr' id='par_1_90' title="bbox 1971 3329 3376 3405">
     <span class='ocr_line' id='line_1_90' title="bbox 1971 3329 3376 3405; baseline 0 -21"><span class='ocrx_word' id='word_1_547' title='bbox 1971 3329 2275 3384; x_wconf 86' lang='lat' dir='ltr'>Maturante</span> <span class='ocrx_word' id='word_1_548' title='bbox 2303 3330 2450 3404; x_wconf 90' lang='lat' dir='ltr'>fuga,</span> <span class='ocrx_word' id='word_1_549' title='bbox 2486 3331 2636 3384; x_wconf 88' lang='lat' dir='ltr'>videt</span> <span class='ocrx_word' id='word_1_550' title='bbox 2666 3331 2732 3384; x_wconf 89' lang='lat' dir='ltr'>ad</span> <span class='ocrx_word' id='word_1_551' title='bbox 2764 3340 2976 3386; x_wconf 90' lang='lat' dir='ltr'>secreta</span> <span class='ocrx_word' id='word_1_552' title='bbox 3005 3332 3331 3405; x_wconf 88' lang='lat' dir='ltr'>migrantem</span> <span class='ocrx_word' id='word_1_553' title='bbox 3362 3348 3376 3397; x_wconf 93' lang='lat'><strong>;</strong></span> 
     </span>
    </p>
   </div>
   <div class='ocr_carea' id='block_1_91' title="bbox 1973 3421 3413 3493">
    <p class='ocr_par' dir='ltr' id='par_1_91' title="bbox 1973 3421 3413 3493">
     <span class='ocr_line' id='line_1_91' title="bbox 1973 3421 3413 3493; baseline 0.001 -19"><span class='ocrx_word' id='word_1_554' title='bbox 1973 3421 2141 3484; x_wconf 86' lang='lat' dir='ltr'>Quam</span> <span class='ocrx_word' id='word_1_555' title='bbox 2173 3422 2422 3493; x_wconf 91' lang='lat' dir='ltr'>sequitur</span> <span class='ocrx_word' id='word_1_556' title='bbox 2446 3422 2637 3491; x_wconf 91' lang='lat' dir='ltr'>rapido</span> <span class='ocrx_word' id='word_1_557' title='bbox 2671 3421 2852 3475; x_wconf 88' lang='lat' dir='ltr'>nitens</span> <span class='ocrx_word' id='word_1_558' title='bbox 2881 3423 3199 3493; x_wconf 84' lang='lat' dir='ltr'>contingere</span> <span class='ocrx_word' id='word_1_559' title='bbox 3229 3439 3413 3488; x_wconf 88' lang='lat' dir='ltr'>cursu,</span> 
     </span>
    </p>
   </div>
   <div class='ocr_carea' id='block_1_92' title="bbox 1976 3510 3420 3584">
    <p class='ocr_par' dir='ltr' id='par_1_92' title="bbox 1976 3510 3420 3584">
     <span class='ocr_line' id='line_1_92' title="bbox 1976 3510 3420 3584; baseline 0 -16"><span class='ocrx_word' id='word_1_560' title='bbox 1976 3514 2227 3584; x_wconf 92' lang='lat' dir='ltr'>Dumque</span> <span class='ocrx_word' id='word_1_561' title='bbox 2249 3513 2593 3583; x_wconf 89' lang='lat' dir='ltr'>prepinquus</span> <span class='ocrx_word' id='word_1_562' title='bbox 2623 3513 2673 3566; x_wconf 89' lang='lat' dir='ltr'>ei</span> <span class='ocrx_word' id='word_1_563' title='bbox 2710 3510 2956 3580; x_wconf 82' lang='lat' dir='ltr'>tierijam</span> <span class='ocrx_word' id='word_1_564' title='bbox 2987 3513 3174 3583; x_wconf 72' lang='lat' dir='ltr'>erepit,</span> <span class='ocrx_word' id='word_1_565' title='bbox 3201 3513 3253 3566; x_wconf 92' lang='lat' dir='ltr'>in</span> <span class='ocrx_word' id='word_1_566' title='bbox 3288 3513 3420 3568; x_wconf 89' lang='lat' dir='ltr'>istas</span> 
     </span>
    </p>
   </div>
   <div class='ocr_carea' id='block_1_93' title="bbox 1976 3599 3416 3672">
    <p class='ocr_par' dir='ltr' id='par_1_93' title="bbox 1976 3599 3416 3672">
     <span class='ocr_line' id='line_1_93' title="bbox 1976 3599 3416 3672; baseline -0.001 -15"><span class='ocrx_word' id='word_1_567' title='bbox 1976 3603 2282 3672; x_wconf 88' lang='lat' dir='ltr'>Erumpens</span> <span class='ocrx_word' id='word_1_568' title='bbox 2310 3617 2498 3667; x_wconf 90' lang='lat' dir='ltr'>voces,</span> <span class='ocrx_word' id='word_1_569' title='bbox 2537 3599 2793 3671; x_wconf 88' lang='lat' dir='ltr'>Iacrymis</span> <span class='ocrx_word' id='word_1_570' title='bbox 2827 3599 2899 3654; x_wconf 87' lang='lat' dir='ltr'>ita</span> <span class='ocrx_word' id='word_1_571' title='bbox 2931 3601 3128 3655; x_wconf 87' lang='lat' dir='ltr'>clamat</span> <span class='ocrx_word' id='word_1_572' title='bbox 3157 3602 3369 3656; x_wconf 89' lang='lat' dir='ltr'>obortis</span> <span class='ocrx_word' id='word_1_573' title='bbox 3403 3620 3416 3656; x_wconf 88' lang='lat'><strong>:</strong></span> 
     </span>
    </p>
   </div>
   <div class='ocr_carea' id='block_1_94' title="bbox 1978 3688 3595 3762">
    <p class='ocr_par' dir='ltr' id='par_1_94' title="bbox 1978 3688 3595 3762">
     <span class='ocr_line' id='line_1_94' title="bbox 1978 3688 3595 3762; baseline 0.001 -17"><span class='ocrx_word' id='word_1_574' title='bbox 1978 3692 2122 3745; x_wconf 87' lang='lat' dir='ltr'>Heus</span> <span class='ocrx_word' id='word_1_575' title='bbox 2157 3689 2168 3743; x_wconf 84' lang='lat' dir='ltr'>l</span> <span class='ocrx_word' id='word_1_576' title='bbox 2202 3691 2358 3762; x_wconf 89' lang='lat' dir='ltr'>quid,</span> <span class='ocrx_word' id='word_1_577' title='bbox 2399 3706 2557 3744; x_wconf 84' lang='lat' dir='ltr'>serve</span> <span class='ocrx_word' id='word_1_578' title='bbox 2590 3689 2708 3755; x_wconf 89' lang='lat' dir='ltr'>Dei,</span> <span class='ocrx_word' id='word_1_579' title='bbox 2742 3688 2960 3760; x_wconf 88' lang='lat' dir='ltr'>fugiens</span> <span class='ocrx_word' id='word_1_580' title='bbox 3009 3691 3322 3744; x_wconf 87' lang='lat' dir='ltr'>contemnis</span> <span class='ocrx_word' id='word_1_581' title='bbox 3365 3692 3595 3746; x_wconf 87' lang='lat' dir='ltr'>inertem</span> 
     </span>
    </p>
   </div>
   <div class='ocr_carea' id='block_1_95' title="bbox 1982 3777 3594 3851">
    <p class='ocr_par' dir='ltr' id='par_1_95' title="bbox 1982 3777 3594 3851">
     <span class='ocr_line' id='line_1_95' title="bbox 1982 3777 3594 3851; baseline 0.001 -17"><span class='ocrx_word' id='word_1_582' title='bbox 1982 3780 2443 3851; x_wconf 90' lang='lat' dir='ltr'>Deerepitumque</span> <span class='ocrx_word' id='word_1_583' title='bbox 2468 3794 2658 3833; x_wconf 90' lang='lat' dir='ltr'>senem</span> <span class='ocrx_word' id='word_1_584' title='bbox 2677 3777 2704 3830; x_wconf 82' lang='lat'><strong>?</strong></span> <span class='ocrx_word' id='word_1_585' title='bbox 2730 3777 3342 3849; x_wconf 86' lang='lat' dir='ltr'>Exspecta,quicunque</span> <span class='ocrx_word' id='word_1_586' title='bbox 3367 3780 3594 3835; x_wconf 87' lang='lat' dir='ltr'>videris.</span> 
     </span>
    </p>
   </div>
   <div class='ocr_carea' id='block_1_96' title="bbox 1981 3871 3280 3944">
    <p class='ocr_par' dir='ltr' id='par_1_96' title="bbox 1981 3871 3280 3944">
     <span class='ocr_line' id='line_1_96' title="bbox 1981 3871 3280 3944; baseline -0.002 -17"><span class='ocrx_word' id='word_1_587' title='bbox 1981 3874 2243 3944; x_wconf 85' lang='lat' dir='ltr'>Exspecta</span> <span class='ocrx_word' id='word_1_588' title='bbox 2274 3889 2372 3944; x_wconf 92' lang='lat' dir='ltr'>per</span> <span class='ocrx_word' id='word_1_589' title='bbox 2393 3889 2518 3928; x_wconf 86' lang='lat' dir='ltr'>eum</span> <span class='ocrx_word' id='word_1_590' title='bbox 2553 3873 2709 3941; x_wconf 90' lang='lat' dir='ltr'>cujus</span> <span class='ocrx_word' id='word_1_591' title='bbox 2741 3871 2844 3926; x_wconf 89' lang='lat' dir='ltr'>sub</span> <span class='ocrx_word' id='word_1_592' title='bbox 2876 3871 3098 3925; x_wconf 90' lang='lat' dir='ltr'>nomine</span> <span class='ocrx_word' id='word_1_593' title='bbox 3129 3872 3280 3925; x_wconf 88' lang='lat' dir='ltr'>solus</span> 
     </span>
    </p>
   </div>
   <div class='ocr_carea' id='block_1_97' title="bbox 1979 3963 3333 4037">
    <p class='ocr_par' dir='ltr' id='par_1_97' title="bbox 1979 3963 3333 4037">
     <span class='ocr_line' id='line_1_97' title="bbox 1979 3963 3333 4037; baseline -0.002 -16"><span class='ocrx_word' id='word_1_594' title='bbox 1979 3967 2174 4023; x_wconf 91' lang='lat' dir='ltr'>lncolis</span> <span class='ocrx_word' id='word_1_595' title='bbox 2206 3967 2302 4022; x_wconf 92' lang='lat' dir='ltr'>has</span> <span class='ocrx_word' id='word_1_596' title='bbox 2332 3974 2506 4022; x_wconf 88' lang='lat' dir='ltr'>terras</span> <span class='ocrx_word' id='word_1_597' title='bbox 2540 3985 2554 4032; x_wconf 88' lang='lat'><strong>;</strong></span> <span class='ocrx_word' id='word_1_598' title='bbox 2597 3973 2874 4037; x_wconf 87' lang='lat' dir='ltr'>exspecta,</span> <span class='ocrx_word' id='word_1_599' title='bbox 2904 3965 3129 4019; x_wconf 86' lang='lat' dir='ltr'>attende</span> <span class='ocrx_word' id='word_1_600' title='bbox 3169 3963 3333 4031; x_wconf 87' lang='lat' dir='ltr'>victo,</span> 
     </span>
    </p>
   </div>
   <div class='ocr_carea' id='block_1_98' title="bbox 1980 4053 3403 4129">
    <p class='ocr_par' dir='ltr' id='par_1_98' title="bbox 1980 4053 3403 4129">
     <span class='ocr_line' id='line_1_98' title="bbox 1980 4053 3403 4129; baseline -0.001 -20"><span class='ocrx_word' id='word_1_601' title='bbox 1980 4056 2119 4111; x_wconf 85' lang='lat' dir='ltr'>Siste</span> <span class='ocrx_word' id='word_1_602' title='bbox 2148 4056 2401 4129; x_wconf 88' lang='lat' dir='ltr'>gradum,</span> <span class='ocrx_word' id='word_1_603' title='bbox 2434 4073 2532 4126; x_wconf 89' lang='lat' dir='ltr'>per</span> <span class='ocrx_word' id='word_1_604' title='bbox 2560 4071 2714 4126; x_wconf 89' lang='lat' dir='ltr'>spem</span> <span class='ocrx_word' id='word_1_605' title='bbox 2745 4053 2880 4109; x_wconf 89' lang='lat' dir='ltr'>tanti</span> <span class='ocrx_word' id='word_1_606' title='bbox 2910 4053 3172 4107; x_wconf 88' lang='lat' dir='ltr'>mercede</span> <span class='ocrx_word' id='word_1_607' title='bbox 3201 4053 3403 4108; x_wconf 87' lang='lat' dir='ltr'>laboris</span> 
     </span>
    </p>
   </div>
   <div class='ocr_carea' id='block_1_99' title="bbox 1979 4142 3599 4216">
    <p class='ocr_par' dir='ltr' id='par_1_99' title="bbox 1979 4142 3599 4216">
     <span class='ocr_line' id='line_1_99' title="bbox 1979 4142 3599 4216; baseline 0 -18"><span class='ocrx_word' id='word_1_608' title='bbox 1979 4145 2340 4216; x_wconf 90' lang='lat' dir='ltr'>Propositam,</span> <span class='ocrx_word' id='word_1_609' title='bbox 2375 4144 2724 4214; x_wconf 87' lang='lat' dir='ltr'>benedicque</span> <span class='ocrx_word' id='word_1_610' title='bbox 2763 4159 2975 4208; x_wconf 88' lang='lat' dir='ltr'>senem,</span> <span class='ocrx_word' id='word_1_611' title='bbox 3033 4149 3136 4207; x_wconf 91' lang='lat' dir='ltr'>sta,</span> <span class='ocrx_word' id='word_1_612' title='bbox 3180 4142 3414 4212; x_wconf 82' lang='lat' dir='ltr'>reSpiec,</span> <span class='ocrx_word' id='word_1_613' title='bbox 3450 4153 3599 4198; x_wconf 86' lang='lat' dir='ltr'>verte</span> 
     </span>
    </p>
   </div>
   <div class='ocr_carea' id='block_1_100' title="bbox 1977 4230 3383 4304">
    <p class='ocr_par' dir='ltr' id='par_1_100' title="bbox 1977 4230 3383 4304">
     <span class='ocr_line' id='line_1_100' title="bbox 1977 4230 3383 4304; baseline -0.003 -16"><span class='ocrx_word' id='word_1_614' title='bbox 1977 4235 2050 4288; x_wconf 89' lang='lat' dir='ltr'>Te</span> <span class='ocrx_word' id='word_1_615' title='bbox 2083 4234 2241 4287; x_wconf 86' lang='lat' dir='ltr'>nobis</span> <span class='ocrx_word' id='word_1_616' title='bbox 2272 4250 2370 4304; x_wconf 90' lang='lat' dir='ltr'>per</span> <span class='ocrx_word' id='word_1_617' title='bbox 2399 4249 2524 4287; x_wconf 88' lang='lat' dir='ltr'>eum</span> <span class='ocrx_word' id='word_1_618' title='bbox 2557 4232 2650 4303; x_wconf 90' lang='lat' dir='ltr'>qui</span> <span class='ocrx_word' id='word_1_619' title='bbox 2681 4247 2962 4302; x_wconf 89' lang='lat' dir='ltr'>nunquam</span> <span class='ocrx_word' id='word_1_620' title='bbox 2993 4230 3171 4299; x_wconf 90' lang='lat' dir='ltr'>rejicit</span> <span class='ocrx_word' id='word_1_621' title='bbox 3192 4230 3383 4285; x_wconf 90' lang='lat' dir='ltr'>ullum.</span> 
     </span>
    </p>
   </div>
   <div class='ocr_carea' id='block_1_101' title="bbox 1976 4322 3600 4394">
    <p class='ocr_par' dir='ltr' id='par_1_101' title="bbox 1976 4322 3600 4394">
     <span class='ocr_line' id='line_1_101' title="bbox 1976 4322 3600 4394; baseline -0.002 -16"><span class='ocrx_word' id='word_1_622' title='bbox 1976 4325 2123 4380; x_wconf 85' lang='lat' dir='ltr'>Talia</span> <span class='ocrx_word' id='word_1_623' title='bbox 2155 4323 2286 4380; x_wconf 91' lang='lat' dir='ltr'>dum</span> <span class='ocrx_word' id='word_1_624' title='bbox 2336 4341 2564 4378; x_wconf 90' lang='lat' dir='ltr'>currens</span> <span class='ocrx_word' id='word_1_625' title='bbox 2597 4323 2847 4394; x_wconf 90' lang='lat' dir='ltr'>replicat,</span> <span class='ocrx_word' id='word_1_626' title='bbox 2908 4322 3324 4394; x_wconf 80' lang='lat' dir='ltr'>laerymansque</span> <span class='ocrx_word' id='word_1_627' title='bbox 3368 4339 3600 4394; x_wconf 83' lang='lat' dir='ltr'>rogans-</span> 
     </span>
    </p>
   </div>
   <div class='ocr_carea' id='block_1_102' title="bbox 3383 4416 3529 4487">
    <p class='ocr_par' dir='ltr' id='par_1_102' title="bbox 3383 4416 3529 4487">
     <span class='ocr_line' id='line_1_102' title="bbox 3383 4416 3529 4487; baseline -0.027 0"><span class='ocrx_word' id='word_1_628' title='bbox 3383 4416 3529 4487; x_wconf 70' lang='lat' dir='ltr'>ique.</span> 
     </span>
    </p>
   </div>
   <div class='ocr_carea' id='block_1_103' title="bbox 1981 4507 3400 4580">
    <p class='ocr_par' dir='ltr' id='par_1_103' title="bbox 1981 4507 3400 4580">
     <span class='ocr_line' id='line_1_103' title="bbox 1981 4507 3400 4580; baseline -0.001 -18"><span class='ocrx_word' id='word_1_629' title='bbox 1981 4509 2265 4563; x_wconf 90' lang='lat' dir='ltr'>Devenere</span> <span class='ocrx_word' id='word_1_630' title='bbox 2293 4507 2476 4562; x_wconf 91' lang='lat' dir='ltr'>locum</span> <span class='ocrx_word' id='word_1_631' title='bbox 2512 4507 2808 4578; x_wconf 92' lang='lat' dir='ltr'>quemdam</span> <span class='ocrx_word' id='word_1_632' title='bbox 2831 4525 2941 4580; x_wconf 90' lang='lat' dir='ltr'>quo</span> <span class='ocrx_word' id='word_1_633' title='bbox 2969 4508 3213 4563; x_wconf 88' lang='lat' dir='ltr'>fluminis</span> <span class='ocrx_word' id='word_1_634' title='bbox 3241 4509 3400 4561; x_wconf 88' lang='lat' dir='ltr'>alvus</span> 
     </span>
    </p>
   </div>
   <div class='ocr_carea' id='block_1_104' title="bbox 1979 4596 3245 4664">
    <p class='ocr_par' dir='ltr' id='par_1_104' title="bbox 1979 4596 3245 4664">
     <span class='ocr_line' id='line_1_104' title="bbox 1979 4596 3245 4664; baseline 0.001 -13"><span class='ocrx_word' id='word_1_635' title='bbox 1979 4597 2290 4663; x_wconf 67' lang='lat' dir='ltr'>ltestitcrat,</span> <span class='ocrx_word' id='word_1_636' title='bbox 2319 4596 2466 4651; x_wconf 90' lang='lat' dir='ltr'>sicco</span> <span class='ocrx_word' id='word_1_637' title='bbox 2491 4599 2755 4664; x_wconf 86' lang='lat' dir='ltr'>torrente,</span> <span class='ocrx_word' id='word_1_638' title='bbox 2786 4597 3026 4653; x_wconf 89' lang='lat' dir='ltr'>abeunte</span> <span class='ocrx_word' id='word_1_639' title='bbox 3039 4605 3245 4652; x_wconf 88' lang='lat' dir='ltr'>meatu.</span> 
     </span>
    </p>
   </div>
   <div class='ocr_carea' id='block_1_105' title="bbox 1983 4689 3605 4763">
    <p class='ocr_par' dir='ltr' id='par_1_105' title="bbox 1983 4689 3605 4763">
     <span class='ocr_line' id='line_1_105' title="bbox 1983 4689 3605 4763; baseline 0 -21"><span class='ocrx_word' id='word_1_640' title='bbox 1983 4689 2135 4744; x_wconf 87' lang='lat' dir='ltr'>Hunc</span> <span class='ocrx_word' id='word_1_641' title='bbox 2161 4703 2384 4760; x_wconf 89' lang='lat' dir='ltr'>quoque</span> <span class='ocrx_word' id='word_1_642' title='bbox 2437 4689 2874 4763; x_wconf 87' lang='lat' dir='ltr'>transgrediens,</span> <span class='ocrx_word' id='word_1_643' title='bbox 2926 4705 3128 4761; x_wconf 91' lang='lat' dir='ltr'>corpus</span> <span class='ocrx_word' id='word_1_644' title='bbox 3186 4689 3334 4760; x_wconf 90' lang='lat' dir='ltr'>quod</span> <span class='ocrx_word' id='word_1_645' title='bbox 3392 4689 3605 4762; x_wconf 84' lang='lat' dir='ltr'>fugerat</span> 
     </span>
    </p>
   </div>
   <div class='ocr_carea' id='block_1_106' title="bbox 3354 4783 3534 4853">
    <p class='ocr_par' dir='ltr' id='par_1_106' title="bbox 3354 4783 3534 4853">
     <span class='ocr_line' id='line_1_106' title="bbox 3354 4783 3534 4853; baseline 0.011 -18"><span class='ocrx_word' id='word_1_646' title='bbox 3354 4783 3534 4853; x_wconf 89' lang='lat' dir='ltr'>[isthic</span> 
     </span>
    </p>
   </div>
   <div class='ocr_carea' id='block_1_107' title="bbox 1978 4875 3603 4948">
    <p class='ocr_par' dir='ltr' id='par_1_107' title="bbox 1978 4875 3603 4948">
     <span class='ocr_line' id='line_1_107' title="bbox 1978 4875 3603 4948; baseline -0.001 -17"><span class='ocrx_word' id='word_1_647' title='bbox 1978 4877 2253 4943; x_wconf 90' lang='lat' dir='ltr'>Substitit,</span> <span class='ocrx_word' id='word_1_648' title='bbox 2294 4876 2523 4948; x_wconf 70' lang='lat' dir='ltr'>haecque</span> <span class='ocrx_word' id='word_1_649' title='bbox 2555 4875 2722 4933; x_wconf 87' lang='lat' dir='ltr'>refert</span> <span class='ocrx_word' id='word_1_650' title='bbox 2773 4877 3114 4948; x_wconf 87' lang='lat' dir='ltr'>lacrymanli,</span> <span class='ocrx_word' id='word_1_651' title='bbox 3147 4885 3202 4932; x_wconf 92' lang='lat' dir='ltr'>et</span> <span class='ocrx_word' id='word_1_652' title='bbox 3249 4878 3421 4931; x_wconf 89' lang='lat' dir='ltr'>multa</span> <span class='ocrx_word' id='word_1_653' title='bbox 3453 4893 3603 4948; x_wconf 68' lang='lat' dir='ltr'>qum—</span> 
     </span>
    </p>
   </div>
   <div class='ocr_carea' id='block_1_108' title="bbox 3320 4968 3529 5039">
    <p class='ocr_par' dir='ltr' id='par_1_108' title="bbox 3320 4968 3529 5039">
     <span class='ocr_line' id='line_1_108' title="bbox 3320 4968 3529 5039; baseline 0 -18"><span class='ocrx_word' id='word_1_654' title='bbox 3320 4968 3480 5039; x_wconf 88' lang='lat' dir='ltr'>[renti</span> <span class='ocrx_word' id='word_1_655' title='bbox 3514 4986 3529 5032; x_wconf 90' lang='lat'><strong><em>;</em></strong></span> 
     </span>
    </p>
   </div>
   <div class='ocr_carea' id='block_1_109' title="bbox 1979 5059 3605 5134">
    <p class='ocr_par' dir='ltr' id='par_1_109' title="bbox 1979 5059 3605 5134">
     <span class='ocr_line' id='line_1_109' title="bbox 1979 5059 3605 5134; baseline -0.001 -22"><span class='ocrx_word' id='word_1_656' title='bbox 1979 5060 2150 5126; x_wconf 82' lang='lat' dir='ltr'>Abba,</span> <span class='ocrx_word' id='word_1_657' title='bbox 2179 5059 2426 5134; x_wconf 88' lang='lat' dir='ltr'>ignosce,</span> <span class='ocrx_word' id='word_1_658' title='bbox 2455 5075 2610 5132; x_wconf 86' lang='lat' dir='ltr'>rogo,</span> <span class='ocrx_word' id='word_1_659' title='bbox 2671 5060 2906 5126; x_wconf 85' lang='lat' dir='ltr'>Zozima,</span> <span class='ocrx_word' id='word_1_660' title='bbox 2968 5060 3099 5132; x_wconf 91' lang='lat' dir='ltr'>quia</span> <span class='ocrx_word' id='word_1_661' title='bbox 3129 5060 3369 5131; x_wconf 85' lang='lat' dir='ltr'>pandere</span> <span class='ocrx_word' id='word_1_662' title='bbox 3402 5067 3605 5113; x_wconf 86' lang='lat' dir='ltr'>memet</span> 
     </span>
    </p>
   </div>
   <div class='ocr_carea' id='block_1_110' title="bbox 1981 5147 3458 5218">
    <p class='ocr_par' dir='ltr' id='par_1_110' title="bbox 1981 5147 3458 5218">
     <span class='ocr_line' id='line_1_110' title="bbox 1981 5147 3458 5218; baseline 0 -17"><span class='ocrx_word' id='word_1_663' title='bbox 1981 5148 2094 5202; x_wconf 83' lang='lat' dir='ltr'>Non</span> <span class='ocrx_word' id='word_1_664' title='bbox 2129 5162 2349 5218; x_wconf 89' lang='lat' dir='ltr'>possum</span> <span class='ocrx_word' id='word_1_665' title='bbox 2391 5163 2655 5203; x_wconf 89' lang='lat' dir='ltr'>conversa</span> <span class='ocrx_word' id='word_1_666' title='bbox 2683 5149 2806 5215; x_wconf 89' lang='lat' dir='ltr'>tibi,</span> <span class='ocrx_word' id='word_1_667' title='bbox 2840 5165 2961 5203; x_wconf 93' lang='lat' dir='ltr'>sum</span> <span class='ocrx_word' id='word_1_668' title='bbox 2994 5148 3220 5214; x_wconf 89' lang='lat' dir='ltr'>femina,</span> <span class='ocrx_word' id='word_1_669' title='bbox 3252 5157 3306 5203; x_wconf 91' lang='lat' dir='ltr'>et</span> <span class='ocrx_word' id='word_1_670' title='bbox 3333 5147 3458 5218; x_wconf 89' lang='lat' dir='ltr'>ipsa</span> 
     </span>
    </p>
   </div>
   <div class='ocr_carea' id='block_1_111' title="bbox 1983 5239 3457 5315">
    <p class='ocr_par' dir='ltr' id='par_1_111' title="bbox 1983 5239 3457 5315">
     <span class='ocr_line' id='line_1_111' title="bbox 1983 5239 3457 5315; baseline 0.001 -23"><span class='ocrx_word' id='word_1_671' title='bbox 1983 5239 2274 5310; x_wconf 87' lang='lat' dir='ltr'>Corporeo,</span> <span class='ocrx_word' id='word_1_672' title='bbox 2303 5239 2453 5294; x_wconf 88' lang='lat' dir='ltr'>velut</span> <span class='ocrx_word' id='word_1_673' title='bbox 2474 5255 2604 5295; x_wconf 89' lang='lat' dir='ltr'>ecce</span> <span class='ocrx_word' id='word_1_674' title='bbox 2642 5240 2820 5307; x_wconf 89' lang='lat' dir='ltr'>vides,</span> <span class='ocrx_word' id='word_1_675' title='bbox 2850 5256 2947 5312; x_wconf 86' lang='lat' dir='ltr'>pro</span> <span class='ocrx_word' id='word_1_676' title='bbox 2980 5241 3248 5315; x_wconf 89' lang='lat' dir='ltr'>tegmine,</span> <span class='ocrx_word' id='word_1_677' title='bbox 3290 5240 3457 5295; x_wconf 90' lang='lat' dir='ltr'>nuda.</span> 
     </span>
    </p>
   </div>
   <div class='ocr_carea' id='block_1_112' title="bbox 1983 5327 3160 5398">
    <p class='ocr_par' dir='ltr' id='par_1_112' title="bbox 1983 5327 3160 5398">
     <span class='ocr_line' id='line_1_112' title="bbox 1983 5327 3160 5398; baseline 0.001 -16"><span class='ocrx_word' id='word_1_678' title='bbox 1983 5328 2092 5383; x_wconf 90' lang='lat' dir='ltr'>Sed</span> <span class='ocrx_word' id='word_1_679' title='bbox 2117 5327 2294 5398; x_wconf 87' lang='lat' dir='ltr'>jacias</span> <span class='ocrx_word' id='word_1_680' title='bbox 2321 5335 2557 5395; x_wconf 87' lang='lat' dir='ltr'>vestem,</span> <span class='ocrx_word' id='word_1_681' title='bbox 2597 5328 2640 5382; x_wconf 90' lang='lat' dir='ltr'>si</span> <span class='ocrx_word' id='word_1_682' title='bbox 2676 5329 2757 5384; x_wconf 92' lang='lat' dir='ltr'>vis</span> <span class='ocrx_word' id='word_1_683' title='bbox 2779 5329 2954 5384; x_wconf 86' lang='lat' dir='ltr'>oratio</span> <span class='ocrx_word' id='word_1_684' title='bbox 2980 5329 3160 5395; x_wconf 89' lang='lat' dir='ltr'>detur,</span> 
     </span>
    </p>
   </div>
   <div class='ocr_carea' id='block_1_113' title="bbox 1985 5416 3337 5489">
    <p class='ocr_par' dir='ltr' id='par_1_113' title="bbox 1985 5416 3337 5489">
     <span class='ocr_line' id='line_1_113' title="bbox 1985 5416 3337 5489; baseline -0.001 -18"><span class='ocrx_word' id='word_1_685' title='bbox 1985 5417 2119 5472; x_wconf 83' lang='lat' dir='ltr'>Huic</span> <span class='ocrx_word' id='word_1_686' title='bbox 2149 5416 2462 5489; x_wconf 89' lang='lat' dir='ltr'>peccatriei,</span> <span class='ocrx_word' id='word_1_687' title='bbox 2497 5433 2606 5489; x_wconf 91' lang='lat' dir='ltr'>qua</span> <span class='ocrx_word' id='word_1_688' title='bbox 2630 5417 2745 5486; x_wconf 91' lang='lat' dir='ltr'>jam</span> <span class='ocrx_word' id='word_1_689' title='bbox 2778 5417 3113 5474; x_wconf 87' lang='lat' dir='ltr'>circumdata</span> <span class='ocrx_word' id='word_1_690' title='bbox 3142 5424 3337 5474; x_wconf 86' lang='lat' dir='ltr'>vertat.</span> 
     </span>
    </p>
   </div>
   <div class='ocr_carea' id='block_1_114' title="bbox 1982 5509 3314 5582">
    <p class='ocr_par' dir='ltr' id='par_1_114' title="bbox 1982 5509 3314 5582">
     <span class='ocr_line' id='line_1_114' title="bbox 1982 5509 3314 5582; baseline 0 -19"><span class='ocrx_word' id='word_1_691' title='bbox 1982 5509 2182 5565; x_wconf 85' lang='lat' dir='ltr'>Audito</span> <span class='ocrx_word' id='word_1_692' title='bbox 2203 5510 2450 5565; x_wconf 88' lang='lat' dir='ltr'>Zozimas</span> <span class='ocrx_word' id='word_1_693' title='bbox 2482 5509 2708 5580; x_wconf 90' lang='lat' dir='ltr'>proprio</span> <span class='ocrx_word' id='word_1_694' title='bbox 2741 5511 3091 5582; x_wconf 84' lang='lat' dir='ltr'>cognomine,</span> <span class='ocrx_word' id='word_1_695' title='bbox 3129 5517 3314 5566; x_wconf 89' lang='lat' dir='ltr'>mente</span> 
     </span>
    </p>
   </div>
   <div class='ocr_carea' id='block_1_115' title="bbox 1985 5603 3452 5675">
    <p class='ocr_par' dir='ltr' id='par_1_115' title="bbox 1985 5603 3452 5675">
     <span class='ocr_line' id='line_1_115' title="bbox 1985 5603 3452 5675; baseline 0 -17"><span class='ocrx_word' id='word_1_696' title='bbox 1985 5603 2326 5671; x_wconf 84' lang='lat' dir='ltr'>Concutitur,</span> <span class='ocrx_word' id='word_1_697' title='bbox 2369 5603 2650 5675; x_wconf 89' lang='lat' dir='ltr'>nimioque</span> <span class='ocrx_word' id='word_1_698' title='bbox 2675 5610 2824 5658; x_wconf 90' lang='lat' dir='ltr'>metu</span> <span class='ocrx_word' id='word_1_699' title='bbox 2856 5605 3171 5674; x_wconf 88' lang='lat' dir='ltr'>pervaditur</span> <span class='ocrx_word' id='word_1_700' title='bbox 3197 5605 3414 5659; x_wconf 63' lang='lat' dir='ltr'>haerens</span> <span class='ocrx_word' id='word_1_701' title='bbox 3437 5620 3452 5668; x_wconf 91' lang='lat'><strong>;</strong></span> 
     </span>
    </p>
   </div>
  </div>
