3970 6200
440 229 546 283 543
1199 223 1563 280 FLODOARDI
1604 223 1910 279 CANONICI
1952 222 2279 279 REMENSIS
2317 223 2654 281 OPUSCULA
2691 223 3005 281 METRICA.
3683 230 3793 286 514

440 368 853 436 Advertensque
882 362 957 417 illi
990 377 1191 433 supero
1221 377 1280 415 se
1308 360 1561 433 dogmate
1590 366 1804 427 notum,

441 456 726 511 Palliolum
748 454 970 509 tandem
997 451 1152 521 jacit,
1178 466 1348 521 osque
1381 450 1435 503 in
1470 456 1621 524 terga
1638 448 1887 504 reﬂectit.

439 548 535 603 Illa
560 548 709 620 quod
736 546 1033 618 accipiens,
1061 545 1242 602 carnis
1271 545 1595 617 pudibunda
1615 552 1854 610 coercet,

436 643 695 709 Vertitur,
729 642 984 713 implorat
1013 649 1196 696 tantus
1226 640 1359 713 quid
1385 640 1599 695 venerit
1627 639 1767 695 abba

436 732 932 786 Sternunturterrm
962 729 1185 801 pariter,
1209 730 1533 784 benedicier
1560 735 1721 784 orant
1749 745 1762 783 :

437 821 532 876 Illa
548 822 847 877 sacerdotis
872 823 1100 877 Zozimm
1131 822 1424 893 praetendit
1451 821 1742 887 bonorem,

432 916 706 971 Douorum
736 914 828 969 ille
850 914 945 970 Dei
978 914 1137 969 matri
1169 915 1430 969 sublimia
1464 913 1692 984 prefert.

434 1009 561 1073 Quae
594 1007 867 1079 praecibus
897 1007 1086 1062 multis
1117 1008 1336 1061 tandem
1352 1006 1434 1061 sic
1462 1006 1603 1060 victa
1632 1003 1891 1075 praefatur
1924 1021 1937 1059 :

432 1098 518 1152 Sis
547 1098 837 1152 benedicte
868 1098 1012 1151 Deus
1046 1096 1297 1151 columen
1331 1110 1530 1149 curans
1559 1093 1884 1147 animarum.

430 1189 724 1241 Surrexerc
756 1186 943 1257 igitur,
978 1186 1289 1259 rogitatque
1318 1184 1559 1254 benigna
1591 1181 1831 1237 viantem

434 1277 498 1331 Ut
526 1285 701 1331 status
724 1275 1005 1330 Ecclesiae.
1039 1291 1195 1329 sacer
1210 1283 1268 1330 ut
1294 1274 1610 1345 disponitur
1627 1274 1783 1329 ordo.

430 1371 526 1424 llle
549 1370 715 1425 refert
743 1386 863 1433 eus
904 1369 1066 1423 tribui
1092 1368 1373 1422 fulcimine
1404 1385 1616 1439 pacem,

434 1458 643 1529 Etpetit
667 1459 865 1513 obnixe
895 1475 991 1529 pro
1020 1464 1216 1513 cuncto
1240 1457 1450 1531 ﬂagitet
1478 1458 1612 1512 orbe
1636 1474 1650 1522 ;

432 1550 542 1604 Nec
560 1551 711 1620 prius
739 1550 949 1603 absistit
979 1556 1155 1617 mater
1184 1565 1347 1621 quam
1373 1557 1497 1603 vota
1527 1548 1828 1620 profundit,

432 1642 561 1704 Quae
584 1640 943 1707 labiismotis,
964 1641 1128 1695 tacita
1149 1640 1246 1694 sed
1278 1656 1411 1695 voce
1451 1639 1685 1711 precari,

434 1734 751 1806 Erectisque
776 1734 950 1789 oculis
981 1734 1346 1804 manibusque
1378 1734 1444 1787 ad
1479 1735 1719 1789 culmina
1751 1732 1898 1797 cmli,

429 1829 564 1883 Dum
597 1829 781 1898 cmpit,
811 1835 922 1883 tota
952 1829 1170 1899 penitus
1201 1829 1400 1884 tellure
1433 1830 1661 1895 levatur,

432 1919 491 1972 Et
522 1917 694 1972 cubiti
725 1917 1063 1988 spatioterra
1088 1916 1303 1972 sublata
1319 1918 1553 1973 videtur.

428 2011 657 2082 Jamque
680 2019 884 2064 tremor
916 2009 1180 2064 membris
1207 2010 1456 2075 Zozimae,
1484 2008 1740 2065 titubatio
1767 2008 1936 2063 menti

430 2102 700 2174 Gignitur,
727 2108 892 2172 atque
922 2098 1076 2155 timet
1108 2115 1245 2155 vano
1289 2117 1358 2155 ne
1381 2100 1601 2155 ﬂamine
1631 2099 1814 2154 forsan

429 2190 688 2257 Ludatur,
723 2205 1038 2261 pronusque
1058 2190 1373 2259 jacet,dum
1401 2191 1621 2245 conscia
1646 2189 1806 2245 vertit

428 2283 496 2337 Se
528 2283 747 2349 mulier,
782 2286 1222 2355 monachumquc
1245 2284 1384 2339 levat
1425 2284 1691 2355 pellitque
1750 2283 1998 2337 timorem
2027 2300 2041 2349 ;

426 2375 616 2444 Arguit
645 2392 886 2430 errorem
914 2395 930 2443 ;
963 2376 1259 2430 humanam
1291 2376 1487 2446 probat
1516 2392 1612 2431 ore
1628 2374 1865 2430 favillam
1894 2391 1907 2439 ;

430 2464 664 2535 Insuper
700 2465 1001 2519 ostendens
1032 2471 1221 2519 sancto
1253 2464 1577 2535 baptismate
1610 2465 1799 2531 lotam,

432 2552 628 2607 Fronte
650 2553 830 2607 crucis
862 2552 1023 2607 labiis
1040 2558 1093 2607 et
1119 2562 1338 2623 pectore
1378 2552 1629 2626 stigmata
1653 2551 1789 2625 figit,

431 2646 504 2698 Ac
542 2645 855 2714 Dominum,
880 2645 1055 2700 hostis
1072 2645 1139 2699 ab
1167 2644 1385 2699 insidiis
1413 2662 1471 2700 se
1496 2645 1693 2699 liberet
1722 2650 1859 2699 orat.

434 2737 528 2790 llle
560 2736 755 2790 iterum
779 2753 836 2791 se
868 2747 1227 2808 prosterneus
1257 2737 1604 2807 amplectitur
1625 2736 1787 2804 hujus

430 2828 562 2883 Cum
595 2829 860 2901 plangore
889 2829 1075 2899 pedes,
1137 2830 1497 2899 lacrymarum
1526 2828 1752 2883 ﬂumina
1784 2827 2043 2897 fundens,

431 2921 606 2991 Atque
629 2927 842 2991 petens,
867 2936 1183 2992 superoque
1218 2920 1312 2974 Dei
1336 2920 1439 2974 sub
1471 2920 1698 2974 numine
1720 2921 1934 2989 jurans,

430 3014 534 3069 Per
564 3014 833 3069 Christum
867 3015 1152 3070 Dominum
1174 3015 1456 3089 dignatum
1490 3014 1714 3088 Virgine
1745 3016 1917 3083 nasci,

432 3105 508 3159 Ne
538 3104 680 3160 celet
702 3121 825 3177 qum
847 3104 937 3169 sit,
970 3104 1213 3176 quando,
1238 3120 1337 3160 cur
1375 3105 1608 3175 venerit,
1642 3105 1811 3171 unde,

437 3200 494 3254 Et
524 3207 631 3254 tam
663 3207 813 3255 vasta
836 3199 1004 3253 eremi
1028 3200 1353 3273 peragrandi
1394 3200 1612 3256 occasio
1644 3200 1822 3273 qualis
1842 3200 1871 3254 γ

434 3289 497 3343 At
526 3295 731 3344 testans
765 3295 821 3343 et
845 3289 917 3343 ob
942 3289 1252 3355 id,missum
1286 3305 1349 3345 se
1375 3289 1602 3344 credere
1630 3290 1697 3344 ad
1722 3290 1915 3361 ipsam,

436 3379 502 3433 Ut
527 3377 817 3433 manifesta
837 3378 933 3433 Dei
964 3376 1162 3433 ﬁerent
1200 3395 1323 3451 qua:
1354 3387 1600 3453 gesserat
1628 3386 1772 3447 acta,

437 3470 600 3539 Cujus
614 3471 845 3539 judiciis
868 3470 1143 3525 obsistere
1172 3478 1341 3525 staret
1364 3469 1614 3541 iniquum
1649 3486 1664 3536 ;

434 3564 527 3618 Cui
558 3564 661 3618 nisi
681 3563 1071 3634 complacitum
1106 3562 1247 3619 foret
1283 3563 1405 3634 ejus
1434 3578 1687 3633 promere
1717 3562 1882 3618 vitam

432 3657 550 3712 Non
580 3656 729 3711 illam
758 3657 978 3712 sibimet
1005 3656 1290 3711 visendam
1317 3656 1454 3710 forte
1484 3655 1719 3721 tulisset,

432 3747 542 3801 Nec
559 3746 840 3802 tribuisset
863 3746 914 3801 ei
946 3753 1157 3800 tantum
1179 3746 1410 3801 tolerare
1442 3744 1688 3799 laborem

432 3841 493 3895 Et
523 3850 726 3898 tantam
760 3857 1084 3913 properasse
1114 3842 1277 3905 viam,
1311 3841 1403 3913 qui
1434 3840 1637 3895 debilis
1667 3847 1833 3912 atque

433 3930 701 4005 Longaevo
738 3933 944 3989 fractus
967 3934 1145 3999 senio,
1173 3947 1274 3988 ceu
1299 3942 1571 3999 cerneret,
1595 3939 1757 4000 astet,

436 4021 526 4076 His
554 4022 787 4094 aliisque
814 4023 1012 4079 inﬂexa
1040 4023 1142 4094 piis
1179 4023 1552 4089 sermonibus,
1576 4023 1727 4077 illum

432 4112 469 4165 E
501 4113 693 4167 tellure
716 4114 860 4168 levat
889 4113 1104 4178 mulier,
1147 4114 1227 4169 sic
1259 4114 1424 4170 farier
1451 4131 1576 4171 orsa
1604 4132 1617 4169 :

426 4202 596 4270 Abba,
627 4204 871 4279 ignosce,
905 4204 1076 4275 pudet
1102 4194 1356 4261 vitiorum
1389 4214 1568 4261 texere
1597 4214 1771 4278 gesta,

426 4297 601 4368 Atque
618 4314 847 4368 operum
876 4299 1067 4354 sordes
1098 4299 1192 4353 tibi
1221 4299 1571 4355 dinumerare
1600 4314 1872 4356 meorum.

425 4388 533 4443 Sed
562 4391 692 4461 quia
722 4391 907 4447 vidisti
938 4404 1138 4447 memet
1167 4392 1289 4448 sine
1317 4394 1561 4468 tegmine
1588 4394 1812 4459 nudam,

427 4476 629 4550 Turpia
665 4496 787 4552 qure
823 4482 968 4555 gessi
1001 4498 1227 4555 quoque
1256 4482 1553 4538 denudabo
1585 4482 1797 4553 piacla;

430 4566 683 4622 Luxuriae
714 4567 909 4624 fuerim
930 4572 1136 4641 poteris
1164 4585 1494 4642 pesnoscere
1525 4577 1762 4641 quantae,

432 4661 601 4725 Quam
631 4663 817 4735 magni
846 4663 1073 4718 sceleris
1100 4663 1361 4735 squalens
1381 4669 1436 4717 et
1460 4662 1683 4718 sordida
1711 4678 1868 4718 naevo

432 4752 546 4806 Non
574 4752 853 4823 equidem,
886 4752 1006 4823 ipse
1035 4752 1186 4808 velut
1217 4751 1521 4818 reris,mihi
1544 4752 1721 4824 gloria
1750 4760 1938 4808 mente

432 4841 602 4906 Quam
627 4841 726 4896 tibi
748 4841 1020 4915 dedigner
1056 4841 1197 4897 fastu
1229 4856 1534 4897 memorare
1566 4842 1834 4897 nitescat:

434 4936 630 4998 Quaeve
650 4932 908 4988 mihitam
956 4932 1177 5004 pollutae
1201 4932 1427 5003 jactatio
1460 4940 1644 4999 restet,

437 5026 565 5091 Quae
594 5025 808 5082 delecta
835 5025 913 5082 fui
941 5024 1139 5081 zabulo
1177 5041 1274 5081 vas
1311 5025 1643 5097 perditionis
1663 5025 1691 5080 ?

422 5112 499 5172 'At
531 5132 726 5172 vereor
746 5134 815 5173 ne
844 5118 987 5175 forte
1013 5120 1109 5175 tibi
1141 5134 1267 5175 cum
1293 5134 1516 5191 corporo
1548 5117 1748 5189 probra

434 5209 649 5284 Flagitii
672 5212 881 5268 nudare
909 5215 1039 5281 mei,
1056 5214 1234 5289 fugias
1261 5215 1413 5267 velut
1439 5225 1700 5286 anguem,

429 5301 572 5357 Aure
600 5317 706 5359 nec
734 5305 1027 5362 admittens
1066 5322 1189 5378 quae
1227 5320 1460 5377 corpore
1495 5304 1730 5375 turpiter
1758 5303 1871 5376 egi,

432 5401 538 5454 Sed
567 5400 800 5455 narrabo
832 5411 1035 5464 tamen,
1060 5401 1330 5455 scelerum
1365 5416 1468 5454 nec
1484 5398 1624 5454 facta
1651 5397 1850 5454 silebo.

436 5490 588 5545 Unde
617 5490 769 5561 prius
798 5493 1026 5562 supplex
1054 5491 1179 5545 imis
1209 5489 1497 5562 expostulo
1526 5489 1670 5544 votis

439 5579 503 5635 Ut
533 5595 602 5634 ne
623 5578 850 5636 deficias
875 5583 1090 5637 veniam
1113 5581 1247 5635 mihi
1281 5596 1509 5652 poscere
1526 5579 1745 5634 tandem

439 5669 640 5724 Judicii
672 5670 932 5738 prodesse
963 5672 1056 5727 die
1072 5671 1423 5726 miseramiue
1446 5670 1661 5725 Christi.

2087 364 2134 432 Α
2161 360 2278 416 Stat
2314 361 2570 417 madidus
2589 360 2843 432 lacrymis
2872 361 3060 416 senior
3089 361 3293 432 pietate
3323 362 3594 434 profusis,

2163 451 2256 507 illa
2280 466 2392 506 sua:
2422 451 2620 505 seriem
2651 450 2774 505 vitze
2799 448 2879 505 sic
2909 450 3133 505 inchoat
3161 465 3258 506 ore
3291 468 3307 506 :

2224 561 2514 636 [Egyptum
2545 560 2719 615 fateor
2746 559 2981 632 patriam
3022 560 3366 633 Phariosque
3400 569 3696 633 parentes,

2152 657 2392 722 Quorum
2416 654 2732 726 despiciens
2759 651 3015 709 affectum
3042 653 3155 722 jam
3182 654 3526 722 duodenuis,

2152 745 2312 802 Urbis
2338 744 2626 799 Alexandri
2656 758 2962 816 properans
2993 743 3048 797 in
3079 743 3284 798 moenia
3311 744 3482 809 veni;

2150 837 2214 890 At
2244 835 2415 905 pudet
2436 833 2728 905 expediam
2758 832 2970 899 sordes,
3000 840 3342 904 tractemque
3376 842 3597 889 reatum

2148 926 2263 992 Quo
2290 942 2377 981 me
2404 924 2693 999 virginitas
2713 931 2903 995 stupro
2925 923 3208 995 petulante
3231 923 3461 995 reliquit

2150 1017 2214 1072 Ut
2235 1016 2467 1071 sordens
2490 1014 2639 1084 jacui
2670 1014 2945 1069 substrata
2976 1012 3230 1072 libidinis
3259 1013 3449 1067 armis.

2150 1107 2278 1175 Ejus
2300 1122 2538 1177 namque
2567 1104 2702 1159 mihi
2733 1104 3011 1176 quondam
3040 1101 3376 1157 insatiabilis
3399 1102 3593 1170 ardor,

2150 1195 2352 1266 Hisque
2378 1195 2570 1249 decem
2594 1201 2648 1249 et
2677 1199 2889 1265 septem
2921 1192 3072 1259 duxi,
3100 1192 3185 1246 vel
3213 1207 3280 1247 eo
3302 1191 3570 1263 amplius,
3607 1207 3792 1247 annos

2150 1283 2509 1339 Debacchans
2539 1282 2718 1350 furiis,
2752 1292 2807 1339 et
2837 1282 3059 1354 publica
3082 1280 3224 1337 facta
3242 1283 3486 1354 popello.

2148 1378 2257 1433 Nec
2285 1394 2409 1450 quae
2437 1376 2739 1444 nonnullis,
2778 1376 3020 1431 tulerant
3049 1374 3187 1428 mihi
3220 1374 3366 1428 dona
3400 1373 3704 1444 pudorem.

2147 1467 2277 1521 Nam
2306 1467 2485 1537 pretio
2515 1484 2624 1522 non
2654 1467 2977 1539 quaerebam
3012 1465 3274 1519 damnare
3297 1464 3575 1536 petulcos.

2147 1554 2211 1609 Ut
2249 1555 2511 1627 laqueans
2540 1556 2709 1629 gratis
2725 1570 2941 1627 possem
2963 1554 3099 1608 mihi
3129 1553 3363 1624 prodere
3393 1552 3611 1623 plures.

2146 1646 2204 1700 ld
2236 1663 2415 1719 neque
2438 1646 2793 1718 praecipiebat
2822 1662 2990 1716 opum
3021 1660 3109 1699 me
3140 1644 3304 1716 copia
3331 1643 3511 1708 ferre;

2144 1735 2461 1791 Mendicaus
2489 1736 2719 1803 etenim,
2752 1742 2983 1806 stuppas
3018 1734 3104 1789 vel
3136 1732 3227 1788 ﬁla
3256 1732 3530 1788 trahendo

2146 1782 2459 1791 -.-νων-η-
2492 1782 2719 1803 -.---..--,
2753 1782 2981 1806 --_n__-
3032 1782 3104 1789 .--
3136 1782 3227 1788 η--
3259 1782 3524 1788 --ψη-η

1972 1816 1980 1823 ’
2068 1782 2118 1849 Β
2146 1826 2429 1893 Vivebam,
2455 1840 2844 1897 summumque
2867 1824 3074 1879 bonum
3104 1822 3431 1878 illecebrosa
3483 1822 3779 1893 putabam.

2147 1915 2286 1988 Ergo
2318 1915 2484 1970 modo
2519 1914 2612 1970 tali
2641 1914 2808 1970 vitam
2834 1913 3146 1969 maculaute
3178 1911 3467 1984 probrosis

2146 2009 2391 2076 Actibus,
2425 2009 2700 2080 aspiciens
2751 2008 3044 2079 quosdam,
3075 2005 3233 2077 quasi
3282 2013 3536 2075 tempore
3560 2003 3784 2066 messis,

2146 2102 2359 2176 Egypti
2391 2102 2685 2173 Libyaeque
2708 2100 2857 2156 viros
2885 2097 3053 2154 maris
3073 2099 3181 2153 alta
3204 2105 3481 2170 petentes,

2147 2195 2321 2249 Audio
2350 2195 2639 2249 adoratum
2673 2192 2854 2248 crucis
2884 2193 2987 2247 hos
3017 2205 3312 2263 preperare
3343 2197 3563 2260 trOpaza

2147 2287 2311 2354 Cujus
2342 2292 2500 2340 erant
2525 2284 2918 2355 Hierosolymze
2948 2297 3074 2338 mox
3108 2282 3242 2337 festa
3270 2281 3527 2337 colenda.

2146 2378 2480 2449 Abjectoque
2508 2376 2630 2432 colo
2662 2376 2919 2430 manibus
2941 2373 3194 2445 fusoque,
3226 2374 3443 2429 cucurri
3479 2391 3494 2439 ;

2142 2470 2287 2532 Quos
2324 2466 2487 2521 video
2512 2465 2726 2521 validos
2756 2464 3084 2535 placitisque
3112 2462 3247 2517 mihi
3273 2462 3469 2517 usibus
3496 2470 3665 2534 aptos

2143 2560 2480 2635 Aggrediens
2491 2560 2748 2628 juvenes,
2790 2558 2846 2613 in
2865 2559 3046 2613 littore
3065 2556 3206 2627 forte
3228 2564 3505 2624 natantes,

2144 2652 2317 2721 inque
2344 2649 2657 2705 verecundo
2689 2648 2925 2703 mediam
2959 2662 3044 2701 me
3075 2647 3358 2701 schemate
3389 2645 3626 2715 dedens,

2146 2739 2413 2810 Accipite,
2443 2738 2552 2805 aio,
2575 2738 2678 2793 viri
2709 2738 2996 2794 vobiscum
3023 2744 3227 2791 memet
3259 2735 3516 2803 amicam,

2147 2832 2280 2885 Nam
2320 2829 2514 2885 faciam
2548 2830 2755 2901 possim
2782 2844 2892 2901 quo
2919 2844 3030 2884 non
3049 2829 3264 2903 ingrata
3283 2827 3485 2883 videri.

2149 2926 2240 2981 His
2260 2924 2493 2996 aliisque
2520 2923 2599 2978 illi
2630 2924 2815 2980 verbis
2832 2923 3013 2979 ridere
3038 2923 3209 2993 jocati
3244 2940 3257 2976 :

2074 3054 2122 3123 Ο
2150 3018 2410 3073 Navicula
2440 3032 2529 3071 me
2555 3016 2882 3088 suscipiunt,
2915 3031 3024 3087 qua
3043 3014 3330 3070 scanditur
3358 3014 3532 3069 altum

2149 3111 2373 3184 Navigio
2405 3118 2607 3181 caapto,
2648 3126 2770 3181 quae
2792 3109 2903 3164 sint
2923 3109 3037 3178 jam
3076 3108 3312 3179 turpiter
3341 3113 3464 3162 acta

2148 3202 2432 3267 Quomodo
2462 3202 2548 3256 vel
2580 3200 2898 3255 meminisse
2918 3215 3117 3271 queam
3148 3199 3177 3253 Τ
3206 3199 3340 3253 Nam
3366 3198 3558 3253 dicere
3585 3197 3775 3271 lingua

2149 3292 2277 3356 Qum
2306 3291 2504 3357 valeat,
2539 3297 2764 3361 captare
2793 3304 2991 3344 sonum
3025 3303 3149 3359 quae
3176 3286 3419 3359 perferat
3445 3287 3601 3341 auris

2149 3382 2435 3436 Gestorum
2466 3388 2575 3434 tam
2611 3379 2916 3451 nigrorum,
2949 3377 3155 3448 quibus
3184 3376 3306 3447 ipsa
3336 3376 3605 3449 magistra

2151 3469 2496 3535 Exstiteram,
2520 3483 2645 3540 quae
2673 3467 3006 3540 navigioque
3028 3466 3230 3537 viaque
3258 3466 3492 3537 patravi,

2149 3558 2409 3614 Nolentes
2440 3572 2648 3630 cogens
2668 3556 3033 3628 stimulosque
3072 3555 3393 3611 volentibus
3422 3553 3669 3609 addens!

2150 3656 2319 3724 Abba,
2353 3656 2581 3728 ignosce
2602 3660 2834 3724 stupens
2864 3652 2996 3724 quia
3023 3667 3112 3707 me
3140 3666 3251 3707 non
3267 3651 3485 3707 sorbuit
3497 3664 3713 3721 sequor,

2152 3748 2385 3818 Ipsaque
2416 3746 2588 3801 miror
2616 3745 2781 3800 hians
2818 3745 2966 3817 quod
3007 3760 3097 3799 me
3124 3759 3234 3799 nou
3267 3751 3410 3799 terra
3439 3744 3672 3810 vorarit,

2150 3838 2209 3893 In
2244 3839 2507 3910 laqueum
2530 3837 2726 3893 mortis
2757 3844 2942 3892 tantus
2969 3852 3092 3908 qua:
3108 3836 3351 3907 pessima
3372 3835 3511 3904 jeci.

2147 3931 2253 3987 Sed
2284 3938 2418 4003 puto
2450 3975 2464 3999 ,
2498 3930 2593 4003 qui
2627 3930 2839 3985 nullum
2862 3929 3522 3999 Dominusvultperdere.
3548 3935 3781 3985 cunctos

2146 4023 2275 4077 Esse
2305 4022 2499 4077 volens
2530 4021 2732 4087 salvos,
2762 4020 2911 4092 quod
2939 4034 3025 4075 me
3039 4028 3495 4091 quoquevertere
3510 4035 3772 4092 quaerens

2144 4112 2254 4167 Nec
2276 4112 2540 4167 damnare
2565 4126 2790 4182 parans,
2809 4109 3039 4181 patienti
3070 4119 3258 4164 mente
3287 4108 3526 4164 ferebat.

2142 4204 2475 4259 Perveniens
2495 4202 2715 4257 tandem
2743 4201 3041 4272 Solymam,
3077 4201 3282 4273 quibus
3304 4208 3433 4255 ante
3458 4201 3665 4257 diebus

2141 4297 2354 4351 Festum
2388 4294 2465 4349 ibi
2487 4293 2747 4360 sustinui,
2777 4293 3121 4365 nequissima
3141 4309 3380 4365 quaeque
3407 4294 3625 4369 peregi.

2056 4423 2110 4492 D
2141 4388 2248 4445 Nec
2272 4387 2405 4443 satis
2425 4402 2545 4443 esse
2572 4386 2659 4442 via
2676 4386 2908 4455 juvenes
2936 4384 3071 4439 mihi
3101 4385 3309 4455 deputo
3336 4386 3583 4455 junctos.

2151 4480 2429 4549 Adjiciens
2461 4480 2722 4551 civesque
2750 4477 2855 4534 loci
2886 4486 3053 4550 atque
3084 4477 3306 4532 aliunde
3338 4485 3586 4539 coactos.

2151 4568 2310 4622 Venit
2329 4567 2426 4621 ubi
2450 4582 2582 4639 ergo
2607 4566 2728 4621 dies
2752 4565 2927 4621 sancti
2959 4565 3217 4621 exaltatio
3256 4564 3394 4640 ligni

2149 4663 2263 4728 Qua
2293 4661 2509 4728 colitur,
2533 4661 2732 4716 ludens
2764 4662 3029 4730 juvenum
3062 4661 3317 4731 praecedo
3348 4662 3643 4728 tumultus,

2150 4751 2388 4807 Luxibus
2426 4749 2662 4804 illiciens
2692 4749 2922 4811 animas,
2955 4748 3232 4820 venioque
3264 4749 3411 4803 beati

2144 4844 2281 4896 Ante
2311 4839 2458 4895 fores
2486 4836 2700 4908 templi,
2732 4844 2950 4892 tentaus
2980 4837 3184 4892 intrare
3216 4845 3446 4893 sacratae

2140 4930 2303 4985 Tecta
2327 4928 2545 4993 domus,
2575 4933 2698 4981 acta
2716 4926 2951 4981 aetherea
2979 4926 3182 4981 virtute
3210 4926 3469 4997 repellor.

2147 5022 2377 5078 Misceor
2399 5019 2528 5074 hinc
2559 5018 2759 5074 iterum
2787 5017 3001 5085 turmis,
3026 5018 3337 5089 iterumque
3364 5018 3623 5089 repellor.

2147 5114 2360 5186 Terque
2390 5118 2698 5185 quaterque
2737 5110 2860 5165 aliis
2891 5111 3073 5166 nitens
3103 5110 3530 5181 penetrantibus
3553 5117 3692 5174 asto,

2148 5209 2275 5265 Sola
2312 5207 2445 5263 foris
2472 5223 2599 5261 nam
2624 5206 2677 5261 vi
2707 5205 2893 5277 superi
2932 5204 3270 5276 prohibebar
3300 5204 3557 5261 honoris.

2150 5300 2358 5372 Yixque
2388 5298 2687 5371 aliquando
2702 5297 2942 5369 probans
2960 5297 3183 5371 dignam
3201 5311 3289 5351 me
3303 5295 3448 5352 ferre
3466 5296 3758 5367 repulsam,

2154 5390 2361 5460 Incipio
2381 5405 2598 5443 mecnm
2632 5387 2814 5443 tacitis
2845 5394 3074 5442 tractare
3105 5386 3348 5458 querelis

2151 5481 2209 5535 id
2242 5479 2361 5534 dira
2391 5478 2661 5534 scelerum
2688 5476 2807 5533 fieri
2835 5477 3098 5550 gravitate
3128 5493 3407 5534 meorum.

2150 5572 2283 5627 Dum
2317 5586 2557 5626 mwrens
2584 5570 2754 5644 igitur
2783 5570 2967 5638 doleo,
3000 5570 3245 5643 dumque
3282 5571 3425 5627 atria
3454 5571 3624 5626 lustro

2149 5668 2342 5723 Pectus
2367 5664 2735 5733 contundens,
2763 5664 2890 5720 imis
2917 5664 3155 5735 suspiria
3185 5665 3328 5721 duco
3364 5683 3378 5729 ;
