3970 6200
179 362 304 415 515

187 482 388 536 Maesta
419 485 643 550 aspecto
674 479 839 546 fores,
872 481 1200 538 circumfero
1223 484 1430 538 lumina
1458 485 1614 540 tectis
1647 502 1660 538 :

189 572 328 623 Arte
357 584 552 622 manus
579 567 738 622 video
763 567 956 623 Christi
983 572 1269 644 genitricis
1296 573 1498 647 imago,

187 669 316 726 Qua
338 662 682 735 signabatur,
713 661 985 731 picturam
1019 664 1226 734 parjete
1257 666 1475 720 ductam
1504 685 1518 731 ;

189 753 391 804 Visere
423 766 586 820 quam
619 749 848 820 prepius
881 751 1123 822 speciem
1147 752 1349 808 festina
1376 755 1712 827 pr0pinquo,

192 844 723 916 Indeclinanterque
753 849 914 899 tuens
941 845 1056 899 haec
1086 862 1366 902 murmure
1398 865 1578 922 pango
1607 866 1620 904 :

191 934 400 999 Cerno,
435 933 528 987 Dei
554 934 812 1008 genitrix.
839 935 1124 1007 indignam
1155 952 1244 991 me
1270 944 1532 993 veneratu

189 1029 331 1084 Esse
363 1036 478 1096 tuo,
513 1029 650 1084 tanti
685 1029 949 1100 pollutam
983 1031 1231 1086 criminis
1256 1041 1402 1098 actu,

194 1120 333 1182 Quae
353 1119 666 1174 veneranda
697 1118 839 1173 nites
855 1119 1150 1191 animaque
1175 1128 1231 1175 et
1259 1137 1489 1192 corpore
1521 1123 1747 1190 munda,

192 1213 333 1277 Qum
364 1214 553 1268 mundi
585 1215 873 1270 Dominum
887 1215 1124 1288 genuisti
1155 1233 1317 1272 carne
1349 1219 1549 1289 pudica
1591 1237 1604 1273 :

193 1304 380 1359 Nosco
403 1305 630 1376 quidem
659 1307 827 1378 digne
849 1307 977 1378 quia
1003 1307 1254 1379 squalida
1274 1310 1558 1365 abominer
1576 1327 1607 1364 a
1637 1319 1713 1379 te,

195 1401 383 1454 Audio
404 1401 500 1454 sed
533 1400 803 1456 Christum
835 1409 1019 1458 nostra
1043 1404 1114 1458 ob
1153 1405 1439 1478 purganda
1471 1406 1644 1476 piacla

194 1489 577 1560 Assumpsisse
607 1498 702 1546 tuo
731 1499 980 1547 sanctum
1014 1493 1082 1547 de
1113 1509 1343 1564 corpore
1372 1510 1572 1564 corpus
1601 1513 1614 1560 ;

199 1581 386 1648 Unde,
419 1598 632 1652 precor,
666 1582 748 1637 fer
771 1599 932 1655 opem
960 1601 1228 1656 nusquam
1257 1585 1501 1641 solamen
1529 1587 1750 1642 habenti

197 1671 327 1724 Jam
360 1670 412 1724 ni
449 1671 503 1724 in
539 1679 588 1725 te
626 1672 910 1743 Natoque:
945 1673 1042 1727 tibi
1077 1683 1223 1744 peto,
1257 1675 1496 1745 principe
1527 1677 1697 1746 pandi

200 1763 421 1817 Limina
447 1779 601 1818 sacra
625 1764 780 1828 mihi,
812 1765 934 1818 sine
965 1767 1116 1842 regia
1144 1767 1321 1822 visere
1339 1774 1538 1823 sanctaa

200 1854 377 1928 Signa
408 1855 746 1921 crucis,coeli
781 1856 1026 1923 domina,
1050 1873 1158 1928 qua
1188 1874 1421 1930 corpore
1449 1875 1641 1930 passus
1676 1876 1689 1913 :

200 1947 382 2018 Inque
414 1954 505 2002 tua
535 1965 623 2003 me
649 1965 803 2002 sume
832 1948 963 2016 fide,
987 1950 1099 2017 jam
1127 1951 1290 2006 sorde
1317 1967 1504 2007 carere

203 2037 482 2106 Luxurize,
513 2047 806 2112 postquam
821 2041 1017 2096 Christi
1040 2059 1193 2098 sacra
1219 2043 1410 2100 videro
1427 2053 1642 2116 sceptra

194 2131 438 2186 Luxibus
464 2149 532 2187 cn
562 2134 707 2188 sazeli
748 2134 943 2206 positis
973 2136 1303 2208 pompisque
1343 2139 1570 2206 relictis,

195 2225 466 2299 Egrediar
489 2243 792 2299 properans
817 2245 926 2300 quo
956 2245 1066 2296 me,
1097 2228 1390 2285 benedicta
1421 2232 1652 2290 vocaris.

192 2316 292 2370 llis
320 2316 478 2370 dictis
503 2315 714 2371 foribus
730 2318 923 2388 pernix
963 2319 1236 2387 ceujussa
1267 2320 1603 2393 propinquo,

191 2410 542 2464 Ilordetenus
562 2411 743 2466 valido
773 2410 900 2466 fidei
925 2427 1191 2468 succensa
1220 2413 1422 2476 calore,

191 2504 440 2579 Virginis
467 2521 530 2560 ac
559 2506 726 2561 veluti
747 2508 1024 2576 jusserum
1053 2508 1217 2563 ducta
1245 2517 1458 2576 tenore,

192 2595 491 2668 Ingredior
507 2596 733 2651 veniens
766 2597 1099 2652 intrantibus
1129 2597 1317 2652 addita
1348 2598 1544 2653 turbis.

193 2685 272 2739 Ac
294 2685 448 2740 nullo
472 2685 799 2756 prohibente
826 2686 977 2741 velut
1005 2686 1142 2741 mihi
1172 2687 1566 2758 tramiteparto,

195 2772 489 2844 Suscipior
525 2775 753 2846 templo,
780 2784 937 2831 tueor
967 2777 1206 2848 pretiosa
1232 2776 1407 2832 beatae

197 2863 378 2937 Ligna
403 2863 600 2931 crucis,
632 2864 1178 2921 tremebundasacris
1209 2868 1527 2924 caalestibus
1547 2876 1686 2924 asto.

194 2952 362 3007 Sensi
393 2961 453 3007 ut
481 2953 595 3008 vult
637 2954 852 3024 aperire
883 2955 1063 3009 sinum
1117 2972 1282 3027 quem
1313 2958 1564 3028 pmnitet,
1598 2959 1748 3015 omni

193 3043 440 3099 Crimina
467 3051 653 3099 nostra
673 3045 797 3114 pius
822 3060 1020 3100 censor
1045 3045 1322 3102 dimittere
1355 3057 1642 3118 promptus
1675 3067 1690 3117 ;

192 3134 394 3205 Meque
425 3134 755 3205 pavimentis
775 3143 1046 3201 sternens,
1072 3135 1156 3190 his
1184 3136 1372 3191 oscula
1403 3136 1533 3212 figo.

193 3227 613 3302 Egrediensque
637 3228 706 3282 ab
727 3243 815 3296 eo,
848 3244 956 3300 qua
981 3228 1220 3303 Virginis
1249 3231 1395 3286 edita
1424 3230 1619 3299 forma,

196 3319 409 3389 Stoque
439 3333 584 3391 genu
614 3318 777 3385 ï¬‚exo,
810 3335 970 3376 veros
1000 3337 1087 3375 me
1115 3337 1344 3376 cernere
1368 3321 1552 3376 vultus

199 3408 522 3477 Confidens,
555 3411 902 3482 supplexque
935 3411 1052 3466 haec
1081 3412 1249 3468 verba
1279 3411 1615 3482 precaminis
1639 3412 1819 3470 addo:

196 3499 537 3566 Monstrasti,
567 3501 812 3567 domina,
852 3517 982 3557 ecce
1005 3501 1136 3556 mihi
1167 3502 1450 3558 miseratio
1478 3510 1682 3574 quanta

201 3593 287 3647 Sit
315 3600 425 3656 tua,
467 3593 778 3664 suscipiens
808 3593 1052 3669 indignae
1081 3593 1288 3650 famina
1315 3610 1507 3650 servae.

201 3681 392 3736 Gloria
422 3683 536 3737 visa
560 3682 696 3737 mihi
717 3700 839 3756 qum
863 3684 1026 3739 nobis
1049 3684 1218 3757 digna
1241 3684 1416 3741 videri

200 3775 326 3829 Non
360 3774 536 3829 fuerat
559 3776 784 3850 gravido
803 3776 1059 3832 vitiorum
1088 3777 1334 3847 pondere
1362 3777 1585 3848 pressis,

198 3865 391 3920 Gloria
413 3881 625 3920 summa
645 3867 774 3930 Deo,
809 3874 970 3936 perte
993 3867 1087 3938 qui
1118 3866 1349 3938 suscipit
1365 3882 1558 3922 omnes

197 3959 284 4012 Ad
309 3959 430 4013 vitae
453 3975 591 4031 quos
621 3976 750 4015 vera
779 3960 921 4016 viam
952 3961 1241 4016 conversio
1267 3960 1438 4015 ducit.

197 4049 312 4104 Sed
339 4049 474 4121 quid
526 4050 685 4120 plura
728 4051 922 4122 loquar
971 4051 998 4104 ?
1038 4051 1166 4106 dum
1220 4052 1332 4121 jam
1385 4053 1658 4124 promissa
1721 4072 1823 4126 pa-

1579 4144 1757 4198 trandi

1579 4150 1720 4198 trant

198 4229 442 4298 Tempus
469 4228 623 4283 adest
645 4228 767 4295 tibi,
801 4244 911 4300 quo
944 4229 1158 4298 placeat
1185 4246 1273 4284 me
1305 4228 1480 4304 dirige
1506 4143 1720 4286 thctrix

203 4322 644 4393 Demonstraque
674 4323 838 4388 viam,
873 4322 1125 4392 praecede
1152 4323 1407 4398 magistra
1441 4323 1653 4378 salutis.

206 4413 410 4468 lâ€˜laurio
441 4429 564 4468 cum
593 4414 738 4470 dicto
766 4429 956 4469 vocem
990 4414 1105 4470 haec
1127 4416 1378 4470 consulta
1408 4413 1676 4470 ferentem
1703 4434 1715 4469 :

199 4502 544 4556 Transmisso
577 4503 828 4558 invenies
857 4503 1106 4574 requiem
1135 4501 1377 4557 Iordane
1409 4501 1644 4556 beatam.

203 4592 378 4656 Quam
405 4607 594 4647 vocem
619 4608 822 4664 supero
863 4602 1121 4664 reputans
1148 4592 1280 4646 mihi
1311 4592 1537 4647 nomine
1567 4592 1754 4660 latam,

200 4684 383 4752 Atque
411 4692 607 4752 petens
633 4682 914 4738 dominam
946 4699 1016 4738 ne
1057 4683 1275 4738 deserat
1311 4683 1448 4738 atria
1473 4683 1684 4755 linquo.

203 4774 452 4828 Flentem
480 4790 568 4829 me
599 4791 834 4834 cernens
863 4775 1088 4846 quidam
1116 4774 1219 4830 tria
1247 4775 1477 4830 contulit
1505 4791 1650 4843 aera;

207 4863 366 4917 Ilicet
387 4864 473 4918 his
504 4881 675 4934 panes
706 4865 934 4920 totidem
961 4873 1202 4920 mercata
1230 4865 1453 4921 recedo.

205 4955 372 5009 Pacta
406 4955 568 5010 simul
597 4956 851 5012 Jordanis
884 4958 1004 5024 iter,
1041 4965 1154 5012 tum
1185 4957 1390 5028 templa
1425 4955 1657 5012 Joannis

208 5047 467 5118 Baptistze
493 5049 690 5117 subeo,
723 5050 1074 5106 communico
1105 5065 1338 5120 verpere
1369 5049 1539 5103 sacris
1573 5066 1588 5117 ;

209 5143 374 5198 Pasta
396 5143 519 5199 cibo
551 5145 729 5215 panis,
759 5145 1018 5217 Iordanis
1053 5144 1236 5200 lambo
1268 5144 1475 5199 fluenta

210 5236 548 5293 Lucescente
575 5239 690 5304 die,
722 5255 887 5311 quem
902 5246 1142 5305 transeo,
1161 5247 1313 5293 vasta
1344 5238 1630 5309 sequendo

209 5328 443 5395 Deserti,
477 5330 762 5385 dominum
782 5338 1108 5402 exspectans
1138 5331 1231 5403 qui
1264 5330 1436 5384 salvat
1463 5344 1690 5402 egenos.

212 5419 308 5474 llic
334 5420 547 5475 Zozima
573 5422 696 5476 vitze
718 5423 915 5476 seriem
949 5423 1175 5477 scitante
1200 5429 1335 5493 quot
1367 5427 1552 5476 essent

209 5511 343 5565 Illuc
374 5529 482 5584 quo
514 5514 780 5567 mundum
809 5515 1065 5584 linquens
1096 5515 1393 5568 devenerat
1422 5512 1576 5578 anni,

209 5600 351 5664 Quid
374 5601 548 5657 victus
587 5602 822 5671 sumpsit
854 5601 1036 5654 tulerit
1063 5617 1205 5672 quos
1246 5601 1382 5655 dura
1416 5601 1652 5654 labores.

212 5689 585 5762 Quadraginta
603 5690 815 5743 hiemes
835 5694 1160 5758 septemque
1191 5688 1456 5760 recogitat
1488 5702 1552 5740 ex
1579 5701 1688 5756 quo

215 5777 466 5834 Deseruit
494 5779 792 5850 Solymam,
817 5783 1106 5848 postquam
1136 5777 1355 5832 deserta
1385 5775 1623 5831 colebat.

699 359 782 412 DE
821 358 1184 415 TRIUMPHIS
1227 359 1484 416 CHRISTI
1529 361 1604 415 ET
1645 361 1736 430 SS.
1780 359 2184 416 PAL/ESTIN/E
2224 361 2398 415 LIBRI
2439 361 2623 416 TRES.
2668 392 2732 401 â€”
2777 361 2901 418 LIB.
2947 362 3037 417 111.

3432 367 3540 422 546

1844 485 1894 554 Î‘
1923 486 2128 539 Panum
2155 493 2546 540 commemorat
2569 484 2768 540 victum
2801 484 2905 538 sibi
2940 501 3103 554 parva
3131 485 3414 551 diurnum,

1922 574 2066 638 Quos
2095 588 2316 646 egressa
2349 574 2697 640 tulitsecum,
2740 573 3043 646 fragmenta
3075 574 3316 628 dedisse.

1923 667 2124 723 Caetera
2146 669 2277 740 quid
2309 668 2510 738 quieris
2541 666 2568 720 ?
2591 668 2796 721 Vereor
2827 684 2950 721 nam
2985 673 3202 733 caetera,
3235 666 3392 733 dixit,

1919 754 1998 810 Ne
2034 755 2210 826 patiar
2231 772 2354 828 quae
2377 772 2533 827 passa
2565 756 2680 822 diu,
2704 755 2749 809 si
2779 771 3031 825 promere
3060 771 3248 810 coner.

1919 845 2186 918 Tempore
2205 849 2368 904 crede
2400 855 2579 903 tamen
2612 855 2761 902 tanto
2787 848 3036 916 graviora
3064 847 3253 902 tulisse

1921 937 2131 1001 Quanto
2167 937 2396 992 luxuria:
2427 936 2576 1006 jacui
2607 937 2896 992 submersa
2925 937 3125 992 cloacae

1921 1024 2166 1097 Namque
2197 1026 2388 1081 decem
2421 1032 2476 1080 et
2524 1034 2736 1097 septem
2773 1026 3005 1099 {gravius
3035 1035 3314 1081 certamen
3349 1025 3404 1080 in
3431 1043 3536 1081 an-

3346 1121 3466 1191 [nos

1922 1203 2052 1258 Cum
2093 1205 2389 1261 desideriis
2423 1206 2636 1272 mundi,
2663 1222 2782 1278 quae
2797 1223 2933 1262 vana
2956 1207 3225 1278 voluptas.

1921 1298 2038 1353 Non
2064 1298 2281 1372 ignotas
2301 1299 2436 1354 mihi
2466 1299 2696 1366 dudum,
2728 1299 2980 1356 conferre
3001 1301 3250 1368 solebat;

1923 1389 2168 1461 Namque
2219 1391 2462 1446 animum
2517 1391 2698 1462 pisces
2782 1390 2960 1446 Pharii
3037 1407 3342 1464 carnesque
3401 1395 3537 1448 sub-

3249 1483 3419 1554 [ibant
3451 1504 3466 1552 ;

1927 1575 2121 1631 Vinum
2150 1577 2511 1650 concupiens,
2544 1594 2647 1633 nec
2677 1594 2873 1650 aquam
2905 1578 3150 1650 reperire
3172 1579 3443 1635 valebam.

1926 1667 2177 1727 Carmina
2206 1687 2602 1742 nonnunquam
2620 1673 2751 1726 mihi
2776 1673 3051 1728 luxuriosa
3074 1675 3330 1730 redibant

1926 1766 1985 1818 In
2006 1772 2274 1829 mentem,
2308 1764 2493 1834 lepide
2524 1780 2646 1836 quae
2680 1765 2975 1820 decantare
3014 1783 3252 1824 sucram.

1844 1853 2036 1927 BMox
2093 1853 2398 1924 lacrymans
2445 1862 2749 1924 pectusque
2801 1871 2966 1910 manu
3022 1856 3356 1911 validissime
3412 1864 3539 1912 tun-

3307 1947 3446 2001 dens

3307 1947 3340 2000 d
3383 1964 3446 2001 ns

1921 2033 2097 2088 Verba
2124 2031 2479 2100 reducebam,
2512 2034 2662 2088 cordi
2696 2052 2817 2106 qua:
2847 2036 3086 2108 Virginis
3118 2039 3248 2093 olim
3289 1947 3303 2017 [
3347 1962 3376 2002 Î˜
3455 1989 3468 2016 â€™

1923 2129 1999 2182 Ad
2029 2129 2209 2184 vultus
2229 2127 2513 2192 dederam,
2543 2136 2791 2186 statuens
2811 2148 2898 2186 me
2930 2141 3114 2188 mente
3146 2135 3248 2188 sub
3278 2135 3433 2205 ipsis,

1925 2220 2138 2292 Corque
2166 2219 2301 2274 mihi
2331 2221 2597 2276 mundum
2626 2222 2747 2278 fieri
2771 2224 3083 2294 importuna
3116 2227 3400 2300 rogabam,

1922 2310 2057 2365 Dum
2081 2310 2311 2364 veniens
2335 2312 2551 2381 superis
2577 2311 2762 2367 lumen
2787 2314 3172 2378 circumdaret,
3200 2321 3362 2387 atque

1919 2406 1999 2460 Me
2026 2405 2301 2471 stabilem,
2335 2407 2522 2462 mitem
2542 2416 2596 2463 et
2626 2409 2859 2464 validam
2885 2417 3174 2465 renovaret
3205 2413 3394 2486 agoui.

1916 2499 1980 2552 At
2002 2499 2150 2570 quali
2182 2499 2363 2572 elogio
2393 2500 2628 2556 narrabo
2661 2501 2909 2556 libidinis
2933 2509 3098 2557 (estus
3127 2502 3155 2556 ?

1920 2587 2068 2658 Ignis
2095 2588 2245 2643 enim
2271 2590 2484 2645 validus
2502 2607 2721 2646 carnem
2755 2592 3088 2647 incendebat
3115 2593 3184 2646 ab
3221 2593 3372 2649 intus

1921 2681 1980 2735 Et
2006 2687 2174 2736 totam
2210 2682 2459 2752 rapiebat
2486 2700 2638 2739 amor
2664 2685 3010 2754 nimiumque
3039 2684 3308 2750 trahebat,

1921 2772 1998 2826 Ad
2028 2773 2211 2842 spurci
2243 2780 2432 2844 turpes
2463 2774 2756 2846 impellens
2769 2775 3016 2830 criminis
3046 2792 3198 2832 usus.

1924 2862 2081 2940 Quod
2127 2864 2366 2936 patiens,
2425 2870 2738 2936 terramque
2793 2872 3009 2936 petens,
3066 2865 3433 2937 lacrymisque
3467 2868 3546 2922 ri-

3280 2959 3481 3031 [gando

1926 3045 2233 3102 Infundens
2254 3052 2432 3100 astare
2459 3047 2594 3101 mihi
2611 3048 2726 3116 jam
2748 3046 2989 3119 Virginis
3010 3062 3107 3103 ora

1925 3134 2103 3188 Mente
2124 3135 2318 3189 videns
2345 3134 2498 3201 fidei,
2523 3136 2834 3191 meditabar
2850 3143 3018 3192 strata
3048 3143 3293 3192 tenorem

1845 3235 1894 3303 Ï
1925 3227 2072 3282 lianc
2101 3226 2526 3297 compellantem
2559 3239 2783 3295 memet,
2811 3229 3076 3300 vultuque
3107 3229 3308 3284 minaci

1921 3311 2258 3376 Terrentem,
2295 3314 2590 3384 aspiciens,
2619 3330 2924 3388 poenasque
2948 3317 3148 3372 furoris
3179 3324 3436 3391 agentem

1923 3402 2212 3472 Vindictae,
2242 3410 2297 3458 et
2324 3403 2508 3476 gladio
2533 3414 2930 3461 monstrantem
2953 3407 3158 3475 judicis
3187 3408 3266 3464 ira

1924 3494 2062 3548 Ante
2095 3509 2198 3549 nec
2227 3510 2259 3548 a
2289 3502 2430 3549 terra
2461 3495 2757 3569 surgebam
2786 3498 2842 3551 ni
2875 3498 3031 3568 prius
3049 3499 3143 3554 illa

1926 3586 2039 3640 Lux
2064 3585 2246 3640 infusa
2275 3587 2412 3641 mihi
2430 3587 2619 3658 superi
2645 3588 2930 3644 solaminis
2957 3606 3152 3648 omnes

1926 3677 2163 3733 Turbato
2179 3678 2371 3733 victrix
2400 3678 2572 3734 furias
2602 3695 2633 3734 e
2659 3680 2825 3736 corde
2849 3680 3082 3755 fugaret.

1929 3772 2161 3844 Semper
2190 3773 2339 3828 enim
2377 3773 2616 3830 dominae
2645 3775 2935 3844 poscebam
2967 3777 3195 3850 virginis
3225 3789 3438 3850 actum,

1932 3862 2054 3932 Ipsa
2075 3861 2289 3917 ferebat
2310 3878 2496 3934 Opem,
2531 3879 2742 3919 mecum
2777 3864 3094 3920 certabatet
3125 3867 3244 3937 ipsa
3274 3887 3288 3934 ;

1928 3953 2160 4023 Ipsaque
2190 3968 2278 4006 me
2301 3954 2513 4008 cunctis
2543 3959 2597 4007 et
2625 3968 2773 4007 nunc
2803 3953 3120 4008 moderatur
3151 3956 3204 4009 in
3238 3960 3397 4015 actis.

1930 4041 2088 4096 Istius
2117 4040 2246 4095 inde
2281 4043 2462 4097 cibum
2495 4043 2708 4098 Zozima
2735 4051 3056 4114 vestemque
3090 4058 3340 4119 rogante,

1929 4132 2148 4201 Majoris
2171 4133 2334 4188 lucta:
2364 4142 2701 4188 memoratus
2719 4134 2857 4188 dixit
2886 4133 2942 4187 in
2963 4150 3138 4189 annos

1929 4228 1996 4282 Se
2013 4229 2252 4302 geminis
2280 4245 2343 4283 ac
2374 4229 2602 4284 dimidio
2635 4245 2772 4300 quos
2803 4229 3000 4285 detulit
3026 4230 3200 4301 ipsam

1843 4343 1856 4350 Îµ
1931 4318 2170 4372 Panibus
2188 4325 2241 4373 et
2266 4326 2384 4389 post
2415 4319 2545 4373 hinc
2577 4319 2763 4373 herbis
2792 4319 2996 4375 vixisse
3018 4322 3250 4392 repertis
3286 4343 3301 4388 ;

1926 4406 2183 4461 Vestibus
2211 4407 2534 4477 assumptis,
2560 4408 2742 4478 rapuit
2774 4425 2911 4479 quas
2941 4411 3206 4480 temporis
3233 4419 3365 4467 aetas

1928 4498 1987 4552 Vi
2019 4498 2154 4553 solis
2177 4497 2430 4566 nimium,
2465 4498 2696 4554 nimium
2726 4500 2777 4554 vi
2811 4500 3032 4574 frigoris
3053 4509 3265 4568 actam;

1859 4609 1915 4677 D
1937 4589 2045 4645 Sed
2071 4591 2274 4646 virtute
2307 4590 2399 4645 Dei
2432 4606 2490 4646 se
2523 4598 2707 4646 mente
2731 4598 2785 4647 et
2807 4608 3039 4663 corpore
3068 4601 3266 4648 tectam

1934 4682 2140 4737 Nutriri
2166 4689 2333 4754 atque
2357 4683 2465 4756 tegi
2496 4683 2711 4738 Domini
2753 4685 3059 4740 munimine
3091 4686 3267 4756 verbi,

1934 4777 2066 4832 Cum
2099 4793 2209 4832 non
2240 4778 2388 4834 vivat
2414 4779 2580 4834 homo
2613 4778 2791 4834 solum
2822 4779 3092 4834 solamine
3123 4781 3282 4852 panis

1934 4869 2074 4934 Quin
2101 4869 2251 4925 omni
2284 4870 2453 4926 verbo
2484 4870 2703 4926 Domini
2735 4871 2885 4943 quod
2907 4871 3094 4942 prodit
3122 4873 3190 4926 ab
3221 4888 3336 4942 ore,

1932 4960 2132 5016 Nudati
2159 4968 2213 5017 et
2241 4962 2389 5018 vitiis
2412 4962 2689 5019 donentur
2717 4970 2960 5039 tegmine
2991 4974 3179 5036 patrm.

2005 5052 2214 5107 Auditis
2241 5069 2409 5108 sacrae
2436 5054 2626 5123 titulis,
2665 5056 2968 5132 interrogat
3000 5057 3163 5113 heros

1933 5142 2224 5213 Scripturze
2263 5143 2463 5198 mulier
2491 5145 2714 5214 sapiens
2744 5163 2812 5200 an
2845 5156 3147 5221 grammata
3173 5149 3382 5205 nosset.

1936 5238 2031 5291 llla
2059 5245 2244 5311 negat,
2275 5239 2573 5310 vivumque
2592 5241 2686 5294 Dei
2719 5243 3028 5312 penetralia
3050 5244 3232 5299 cordis

1934 5325 2217 5381 lllustrare
2251 5327 2413 5382 docet
2444 5328 2671 5383 verbum
2704 5345 3011 5402 sensusque
3037 5333 3251 5404 replere

1933 5415 2064 5469 Tum
2095 5431 2190 5486 pro
2217 5432 2275 5470 se
2308 5415 2577 5470 Zozimam
2612 5419 3029 5489 supplexorare
3061 5429 3337 5493 precatur,

1936 5506 1998 5560 Et
2036 5507 2175 5578 petit
2205 5509 2487 5564 obtestans
2520 5524 2588 5563 ne
2607 5525 2686 5575 se,
2722 5509 2851 5565 dum
2884 5512 3103 5567 vincula
3130 5515 3315 5569 carnis

1935 5595 2180 5664 Deserat,
2216 5597 2334 5668 ipse
2368 5597 2545 5669 palam
2569 5597 2732 5654 faciat
2764 5617 2778 5666 ;
2808 5599 2905 5654 sed
2935 5601 3117 5669 vadat,
3152 5603 3398 5677 itemque

1934 5688 2204 5760 Tempore
2235 5708 2293 5746 se
2321 5692 2488 5747 simili
2527 5701 2760 5748 venturo
2788 5693 2972 5750 visitet
3002 5712 3147 5752 anno
3181 5717 3194 5753 :

1934 5775 2206 5849 Sacraque
2234 5781 2363 5837 dum
2396 5782 2805 5840 redeuntsolito
2826 5782 3038 5853 jejunia
3069 5800 3240 5855 more,
