3970 6200
435 274 533 329 547

433 398 691 455 Jordanis
719 408 976 472 repetens
995 418 1246 460 eremum
1278 423 1348 462 ne
1371 414 1607 465 transeat
1627 426 1855 480 annum,

438 490 748 546 Praedicens
776 493 923 564 quod
946 509 1049 549 nec
1076 511 1352 568 quoquam
1376 499 1422 553 si
1452 506 1626 556 tentet
1662 502 1836 571 abire,

435 584 515 638 Sit
539 586 703 656 potis,
721 595 777 642 at
797 596 1015 644 maneat
1043 606 1256 647 ccenam
1285 592 1605 651 benedictio
1635 594 1834 653 Christi

434 678 603 741 Quam
656 678 785 737 facit
824 691 1150 754 exspectans
1198 690 1589 759 venerandam,
1644 708 1878 763 vespere
1921 708 2047 749 sur-

1875 786 1985 858 (εει

434 861 690 934 Corporis
718 872 883 939 atque
909 868 1014 923 sibi
1032 869 1247 926 Domini
1278 874 1539 945 mysteria
1561 882 1776 947 portet;

433 956 511 1009 Ad
535 956 706 1027 ripam
744 959 1000 1017 Iordanis
1030 979 1150 1018 eam
1179 980 1302 1019 cum
1334 982 1566 1022 munere
1600 968 1800 1024 Christi

432 1046 731 1117 Sustineat,
755 1067 866 1123 quo
895 1068 1022 1109 mox
1049 1056 1279 1111 veniens
1293 1059 1665 1113 communicet
1694 1059 1875 1114 almis.

435 1141 567 1196 lude
597 1146 916 1201 monasterii
938 1146 1152 1203 Patrem
1179 1150 1283 1204 sub
1306 1152 1530 1206 nomine
1563 1152 1791 1227 signans

434 1230 687 1300 Praecipit
716 1233 943 1301 hortari,
974 1237 1185 1309 vigilet,
1218 1238 1323 1294 sibi
1364 1240 1573 1295 credita
1601 1248 1802 1307 servet,

434 1323 800 1397 Altendatque
828 1329 1006 1402 gregi,
1038 1338 1251 1386 resecet
1279 1348 1401 1404 quae
1431 1348 1599 1404 prava
1617 1332 1847 1399 videbit,

434 1413 529 1468 llle
558 1418 951 1472 monasterium
985 1426 1107 1490 post
1134 1421 1253 1477 haec
1279 1423 1437 1493 petit,
1470 1422 1563 1478 illa
1595 1438 1869 1479 recessus.

503 1504 656 1560 Abba
681 1506 849 1581 igitur
872 1514 985 1565 toto
1002 1511 1172 1568 tacuit
1195 1529 1316 1584 quae
1343 1514 1559 1569 viderat
1589 1529 1769 1580 anno;

431 1596 495 1650 At
519 1611 643 1651 cum
650 1598 765 1667 jam
796 1612 1093 1672 prOperant
1109 1604 1322 1673 jejunia
1342 1622 1497 1660 sacra
1520 1605 1736 1671 residit,

428 1681 695 1741 Febribus
724 1686 965 1757 invasus,
1000 1692 1228 1763 reliquis
1249 1692 1587 1748 abeuntibus
1618 1701 1789 1759 extra,

427 1771 717 1831 Dixeratut
746 1778 852 1834 sibi
877 1781 1186 1837 vaticinans
1218 1799 1357 1839 anus
1383 1798 1481 1839 ore
1504 1784 1691 1838 beato.

426 1863 739 1923 Atredeunt
764 1879 967 1929 sanctae
994 1873 1190 1930 fratres
1218 1875 1314 1931 ubi
1342 1891 1574 1947 vespere
1600 1890 1792 1938 eccum,

434 1960 694 2016 Dulcibus
722 1961 816 2018 ille
837 1980 1039 2035 parans
1062 1966 1289 2022 monitis
1310 1966 1631 2037 impendere
1658 1981 1869 2032 curam,

429 2056 782 2115 Sacramenta
806 2061 958 2116 vehit
987 2061 1423 2134 divinicorporls
1454 2069 1621 2134 atque

428 2148 724 2225 Sanguinis
753 2153 809 2207 in
827 2153 1056 2210 calicem
1086 2170 1273 2210 secum
1303 2153 1560 2210 Iordanis
1589 2154 1657 2209 ad
1673 2168 1849 2209 oram.

427 2239 731 2295 Adventum
761 2248 964 2297 sanctae
994 2243 1291 2314 opperiens
1315 2242 1370 2297 in
1398 2242 1649 2316 margine
1682 2241 1818 2312 ripa}
1848 2256 1863 2293 :

430 2328 749 2399 Exspectata
775 2330 890 2397 diu,
911 2347 1035 2403 qua:
1050 2332 1164 2400 jam
1193 2332 1295 2386 sub
1325 2338 1575 2403 tempore
1606 2330 1783 2387 noctis

426 2421 739 2477 Adveniens
765 2439 928 2479 cruce
951 2425 1354 2500 transgreditur
1378 2423 1483 2479 sibi
1512 2429 1679 2494 ponte
1708 2428 1900 2493 parato

432 2510 493 2564 Et
516 2510 757 2566 solidum
789 2512 1026 2583 liquidas
1047 2529 1249 2584 corpus
1270 2512 1685 2584 superambulat
1713 2511 1912 2566 undas.

430 2601 715 2672 Aspiciens
752 2610 936 2674 stupet
964 2604 1065 2658 ista
1089 2619 1277 2667 senex,
1302 2604 1415 2658 sub
1446 2602 1654 2658 lumine
1687 2602 1855 2668 lunae,

430 2693 774 2767 Pcrfectique
801 2696 951 2751 videt
979 2712 1140 2767 quam
1173 2696 1243 2750 sit
1272 2695 1590 2751 certaminis
1630 2695 1827 2766 impar,

433 2784 568 2838 Inde
598 2785 737 2855 petit
764 2791 940 2839 mater
972 2784 1100 2840 ﬁdei
1130 2785 1347 2840 dicatur
1365 2792 1425 2841 ut
1453 2785 1613 2852 ordo,

427 2876 809 2947 Jungaturque
844 2876 975 2931 dein
1006 2877 1257 2948 locuples
1277 2877 1452 2933 oratio
1484 2875 1706 2933 Christi.

431 2967 724 3039 Postquam
755 2976 1035 3041 perpetuae
1047 2970 1282 3041 sumpsit
1302 2969 1563 3042 mysteria
1587 2968 1735 3025 vitae.

430 3055 549 3112 Mox
582 3055 637 3111 in
667 3073 801 3128 pace
832 3058 926 3113 Dei
966 3074 1090 3114 sese
1115 3059 1382 3115 dimittier
1410 3066 1547 3116 orat.

431 3145 524 3199 Ast
544 3147 830 3219 compulsa
857 3146 961 3202 viri
988 3148 1271 3219 precibus,
1304 3149 1410 3205 tria
1448 3149 1680 3206 contulit
1699 3148 1783 3205 ori

431 3242 467 3290 A
500 3253 635 3293 sene
655 3239 929 3296 lenticula
954 3240 1150 3297 delatae
1176 3257 1347 3317 grana
1371 3242 1635 3299 canistro.

434 3329 572 3384 llinc
599 3331 739 3401 petit
765 3339 825 3387 ut
852 3332 1042 3389 senior
1055 3339 1289 3389 venturo
1313 3350 1505 3390 rursus
1526 3334 1583 3389 in
1614 3348 1761 3390 anno

427 3424 744 3482 Torrentem
770 3434 984 3499 repetat
1013 3444 1123 3501 quo
1162 3435 1293 3485 sunt
1322 3430 1486 3485 simul
1517 3435 1645 3486 ante
1677 3427 1865 3485 locuti.

432 3514 501 3568 Se
529 3515 675 3569 Deus
699 3523 760 3571 ut
782 3516 978 3585 jubeat
1003 3533 1316 3575 memorans
1343 3519 1436 3574 hic
1465 3534 1587 3574 esse
1615 3518 1934 3575 videndam.

430 3606 521 3661 Sic
543 3606 649 3661 sibi
676 3617 969 3678 poscentes
1000 3610 1205 3666 abeunt
1236 3610 1509 3667 solamina
1533 3610 1665 3666 ferri

429 3698 634 3767 Mutua,
667 3701 1003 3775 devotasque
1025 3718 1218 3775 preces
1245 3704 1504 3775 utrinque
1527 3702 1809 3774 profundi.

428 3788 562 3844 Tum
590 3805 759 3861 super
777 3793 955 3847 amnis
973 3809 1083 3848 anu
1114 3792 1312 3848 ﬂuctus
1332 3793 1636 3864 repedante
1655 3793 1836 3863 beata,

1151 281 1518 338 FLODOARDI
1560 284 1863 342 CANONICI
1905 288 2238 345 REMENSIS
2278 292 2616 352 OPUSCULA
2657 296 2967 356 METRICA.

2074 429 2129 498 Α
2154 422 2318 494 Septa
2350 426 2670 481 monasterii
2693 428 2894 498 repetit
2920 429 3232 486 laetissimus
3247 430 3416 486 abba.

2154 513 2351 569 Exacto
2385 515 2607 571 rediens
2635 532 2781 572 anno
2804 516 2924 573 loca
2947 518 3102 587 jussa
3131 521 3341 586 revisit,

2150 602 2578 676 Adveniensque
2605 605 2756 679 videt
2775 606 2888 675 jam
2904 608 3150 663 membra
3180 609 3369 664 relicta
3400 610 3614 677 calore,

2153 689 2481 761 Compositis
2500 693 2779 761 manibus,
2810 711 3142 767 versumque
3168 697 3355 766 jacere
3396 699 3640 755 cadaver

2156 778 2299 833 Solis
2328 780 2397 834 ad
2420 796 2705 855 egressum
2739 801 2754 851 ;
2787 784 3043 857 lacrymis
3085 786 3440 858 perfunditur
3479 790 3669 855 heros,

2156 870 2403 943 Dumque
2436 889 2629 943 preces
2660 875 2852 931 dicens
2880 884 2935 933 et
2965 879 3206 949 psalmos
3222 880 3415 934 usibus
3447 887 3615 951 aptos

2159 960 2457 1032 Exsequias
2479 962 2724 1020 celebrat
2752 983 2766 1031 ;
2800 966 2900 1021 sed
2931 967 3176 1023 nominis
3207 968 3418 1024 inscius
3444 970 3623 1025 haeret
3654 988 3669 1033 ;

2156 1054 2376 1109 Terram
2408 1056 2743 1128 despicieus,
2775 1061 2963 1132 apices
2988 1061 3044 1116 in
3073 1062 3298 1133 pulvere
3327 1062 3525 1119 ductos

2158 1148 2357 1211 Cernit.
2394 1150 2766 1223 decessusque
2793 1152 2943 1208 diem
2970 1169 3288 1226 nomenque
3313 1154 3608 1211 ferentem.

2157 1235 2537 1311 Conjicitergo
2568 1239 2743 1310 ipsam
2773 1241 3041 1314 migrasse
3070 1242 3127 1297 in
3167 1250 3329 1299 nocte
3355 1244 3605 1311 Mariam,

2159 1326 2441 1383 Praeterito
2472 1329 2676 1385 sanctis
2707 1345 2816 1401 qua
2844 1330 3267 1402 participaverat
3295 1348 3466 1401 anno,

2155 1414 2347 1486 Adque
2380 1416 2559 1471 locum
2590 1418 2747 1472 trina:
2785 1418 2963 1490 spatio
2997 1420 3228 1476 rediisse
3258 1421 3362 1475 sub
3392 1422 3567 1490 horae,

2155 1503 2233 1557 Ad
2254 1519 2420 1573 quem
2449 1504 2534 1559 his
2561 1505 2721 1560 denis
2759 1506 2847 1562 vix
2867 1514 3097 1563 venerat
3127 1509 3222 1564 ille
3252 1509 3478 1565 diebus.

2152 1591 2381 1665 Angitur
2417 1608 2548 1667 ergo
2578 1610 2751 1650 senex
2780 1595 2984 1650 desunt
3013 1596 3144 1667 quia
3175 1605 3347 1652 rastra
3384 1598 3563 1655 labori

2148 1680 2321 1749 Atque
2352 1682 2647 1751 sepulturae
2677 1698 2776 1753 per
2803 1698 2927 1754 quas
2961 1684 3238 1740 deserviat
3278 1702 3430 1741 arma
3461 1703 3477 1753 ;

2081 1758 2130 1825 Β
2155 1770 2537 1846 Exiguumque
2562 1772 2759 1827 videns
2788 1773 3001 1848 lignum
3031 1775 3140 1829 sibi
3178 1775 3316 1831 forte
3340 1777 3530 1845 jacere

2151 1861 2764 1934 Corripitﬁenitensque
2795 1860 2933 1919 fodit
2968 1865 3265 1921 durissima
3307 1876 3486 1935 terraa,

2148 1955 2320 2029 Terga
2350 1966 2555 2024 terens,
2590 1973 2691 2013 nec
2722 1956 3043 2029 proﬁciens,
3076 1960 3365 2032 imparque
3396 1961 3627 2016 laboris.

2147 2048 2210 2101 At
2239 2048 2439 2104 sudore
2470 2048 2656 2120 Operis
2685 2050 3044 2115 madefactus,
3081 2052 3277 2120 lassus,
3309 2053 3540 2109 anhelus

2150 2139 2471 2211 RCSpiciens
2508 2141 2658 2198 videt
2687 2142 2969 2217 ingentem
3010 2159 3183 2215 prope
3212 2152 3358 2200 stare
3390 2145 3613 2201 leonem

2146 2231 2395 2305 Pigneris
2422 2239 2588 2304 atque
2620 2233 2792 2304 pedes
2832 2234 2949 2288 miti
2981 2235 3328 2305 prolambare
3346 2236 3552 2309 lingua.

2144 2326 2386 2381 Territus
2414 2326 2506 2382 ille
2537 2343 2763 2398 pavore,
2794 2329 2975 2384 crucis
3001 2345 3061 2384 se
3088 2330 3289 2386 muniit
3315 2331 3505 2399 armis,

2146 2416 2386 2472 Motibus
2414 2425 2469 2473 et
2500 2417 2766 2474 blandum
2799 2436 3032 2476 cernens
3061 2420 3309 2490 tandem,
3344 2422 3449 2477 ista
3489 2422 3702 2478 volutat

2146 2508 2302 2563 Forte
2333 2508 2440 2563 sibi
2471 2510 2688 2565 socium
2718 2511 2987 2581 patranda
3011 2510 3078 2566 ad
3100 2512 3286 2567 munia
3316 2512 3568 2578 missum,

2148 2599 2386 2670 Imperat
2419 2600 2508 2655 hic
2534 2599 2715 2656 fidens
2739 2609 2914 2658 vertat
2951 2618 3063 2674 quo
3104 2603 3288 2659 bellua
3322 2603 3516 2677 glebas

2148 2693 2522 2766 Expediatque
2554 2695 2663 2766 piis
2693 2696 2959 2751 membris
2989 2696 3190 2753 festina
3219 2699 3565 2770 sepulcrum.

2148 2781 2305 2836 Paret
2333 2788 2395 2836 at’
2417 2782 2540 2853 ipsa
2567 2783 2739 2852 senis,
2769 2790 2990 2856 sumpto
3022 2785 3317 2853 leniminc,
3341 2786 3516 2858 jussis
3542 2800 3558 2854 ;

2148 2873 2211 2928 Et
2237 2873 2431 2929 didicit
2462 2876 2681 2931 tandem
2715 2874 2902 2932 feritas
2940 2877 3116 2933 oblita
3157 2877 3384 2946 furoris,
3602 2860 3621 2874 '

2149 2965 2346 3021 Nescia
2376 2966 2610 3035 servitii,
2641 2968 3055 3023 sanctoservire
3087 2968 3265 3025 labori
3300 2986 3315 3023 :

2149 3055 2345 3111 Libera
2376 3056 2547 3112 corda
2573 3072 2795 3132 gerens,
2829 3058 3062 3114 serviles
3087 3060 3331 3131 explicat
3358 3067 3515 3117 actus

2070 3132 2120 3203 C
2152 3147 2383 3203 Funeris
2412 3146 2597 3205 ofﬁcio
2626 3149 2849 3206 diverso
2881 3166 3037 3208 more
3064 3160 3314 3223 peracto,

2150 3239 2358 3296 Diversi
2396 3248 2649 3296 remeant
2678 3242 2928 3309 comites,
2960 3243 3180 3299 diversa
3203 3251 3477 3316 petentes.

2154 3332 2251 3388 llic
2280 3332 2499 3389 deserta
2528 3349 2771 3405 sequens
2809 3336 2946 3407 petit
2974 3335 3163 3391 abdita
3193 3337 3363 3392 lustra
3395 3336 3630 3393 ferarum
3658 3354 3671 3400 ;

2144 3427 2251 3482 Iste
2271 3427 2670 3483 monasterium
2704 3428 2930 3485 rediens
2960 3429 3074 3484 adit
3102 3429 3331 3505 agmina
3359 3429 3610 3496 fratrum,

2146 3522 2379 3579 Cernere
2417 3540 2542 3596 quat
2579 3524 2981 3581 meruitnarrat
3008 3525 3285 3599 magnalia
3311 3526 3536 3582 Christi.

2148 3612 2448 3667 Instituunt
2477 3611 2672 3669 fratres
2701 3612 2900 3668 festum
2929 3612 3216 3669 celebrare
3245 3614 3446 3682 beatae,

2153 3700 2597 3773 Grandaevusque
2613 3717 2785 3758 senex
2812 3701 3058 3759 Zozimas
3086 3702 3144 3758 in
3166 3719 3303 3775 pace
3324 3702 3578 3776 quiescit.

1944 3891 2155 3951 CAPUT
2193 3893 2254 3949 V.

1648 3998 1728 4059 De
1766 4006 1973 4060 sancto
2019 3997 2204 4059 Fabio
2246 4004 2537 4072 martyre.

428 4104 596 4162 Multa
631 4102 976 4160 Palaestinam
1009 4111 1223 4162 constat
1243 4104 1535 4163 decorasse
1564 4112 1793 4178 trepaaa,

430 4200 501 4255 Ex
528 4215 638 4273 quo
672 4199 947 4275 progressi
976 4199 1242 4254 mundum
1260 4214 1528 4257 ornavere
1559 4199 1851 4273 triumphis

429 4292 688 4369 Signiferi
710 4292 963 4368 insignes
991 4291 1211 4362 Christi,
1242 4293 1447 4365 pietate
1470 4291 1656 4349 viriles
1684 4311 1699 4361 ;

431 4385 532 4451 Qui
548 4385 818 4442 mundum
840 4391 897 4440 et
921 4385 1113 4441 mundi
1144 4401 1402 4458 proceres
1422 4386 1525 4442 sub
1545 4393 1763 4458 sceptra
1792 4400 2047 4458 premen-

1852 4478 1973 4550 [ιθεν

430 4571 579 4628 Hanc
606 4570 805 4643 palmis
831 4586 1058 4627 vacuam
1099 4585 1211 4627 non
1233 4569 1486 4640 abiecere
1513 4568 1748 4642 negatis.

429 4662 489 4716 ln
518 4676 627 4733 qua
651 4659 890 4716 victores
916 4656 1205 4730 veterique
1235 4673 1490 4729 novaque
1515 4663 1811 4713 coruscant

429 4753 573 4827 Lege
600 4751 808 4813 Patres,
840 4763 1074 4821 quorum
1100 4761 1307 4819 paucos
1332 4744 1569 4814 coluisse
1601 4744 1775 4801 relatu

425 4840 510 4895 Me
538 4838 717 4895 fateor
739 4836 950 4905 stricto,
981 4835 1169 4907 lepida
1198 4850 1305 4890 nec
1331 4835 1454 4890 luce
1475 4833 1670 4905 polito,

426 4927 559 4983 Nam
586 4926 716 4983 licet
744 4924 987 4997 antiquis
1002 4922 1309 4996 pictoribus
1330 4929 1494 4994 atque
1514 4922 1693 4994 poetis

426 5020 693 5088 Quaelibet
720 5019 962 5075 audendi
992 5017 1170 5074 fuerat
1199 5018 1478 5091 quondam
1497 5033 1654 5091 aequa
1672 5021 1937 5088 potestas,

425 5116 605 5171 Pauca
624 5114 802 5189 magis
828 5114 1045 5186 cupiam
1086 5113 1340 5182 strictim,
1362 5113 1462 5168 sed
1488 5128 1616 5168 vera
1647 5110 1914 5183 profatus,

424 5206 660 5260 Sirmate
684 5219 851 5275 quam
870 5202 1037 5277 longo
1069 5202 1301 5275 reperiri
1331 5202 1468 5257 falsa
1498 5208 1741 5258 secutus.

426 5292 581 5349 Unde
611 5308 716 5347 nec
741 5292 935 5347 admisi
966 5300 1026 5347 ut
1051 5307 1307 5348 canerem
1339 5290 1647 5346 certamina
1678 5303 1913 5361 quorum

424 5385 542 5442 Non
572 5384 764 5441 titulos
785 5383 896 5439 ulla
935 5384 1122 5441 inveni
1154 5384 1209 5439 in
1242 5383 1473 5460 regione
1501 5389 1718 5438 notatos

427 5476 640 5533 Incerta
666 5491 969 5548 quorumve
999 5475 1266 5549 leguntur
1290 5475 1358 5530 ab
1391 5475 1525 5531 urbe
1553 5473 1835 5546 triumphi.

421 5564 723 5636 Propterea
753 5566 981 5622 Fabium
1012 5567 1243 5622 rutilant
1279 5566 1572 5636 solemnia,
1604 5567 1764 5637 cujus

430 5654 686 5707 Extrema
712 5669 838 5708 cum
865 5654 999 5709 solis
1028 5654 1256 5709 humum
1283 5653 1400 5709 face
1424 5654 1601 5709 Julius
1621 5655 1729 5710 urit

438 5737 699 5791 Caesareae
722 5740 981 5807 expositae
1004 5755 1116 5795 non
1144 5741 1544 5811 assignavimus
1563 5742 1708 5809 urbi,

2146 4104 2408 4161 Caesareae
2435 4102 2699 4176 quoniam
2730 4102 2919 4175 plures
2947 4120 2979 4159 a
3005 4104 3217 4160 Caesare
3248 4105 3430 4172 dictae,

2146 4195 2209 4250 Et
2235 4210 2397 4267 quam
2428 4191 2656 4248 sacrarit
2678 4192 2872 4265 jugulo
2903 4208 3013 4248 non
3046 4194 3285 4267 legimus
3315 4196 3533 4249 harum.

2144 4289 2401 4345 Traditur
2428 4293 2489 4344 ut
2511 4287 2705 4343 Christi
2723 4288 3025 4343 certamine
3044 4287 3260 4344 fortiter
3294 4306 3452 4345 usus.

2146 4381 2397 4437 Praesidis
2426 4381 2545 4453 ipse
2575 4379 2799 4453 quidem
2833 4380 2963 4452 quia
2992 4396 3210 4436 sumere
3236 4382 3396 4457 signa
3414 4390 3661 4441 recusat,

2145 4470 2402 4527 Traditur
2432 4470 2486 4524 in
2517 4476 2658 4525 tetro
2689 4468 2844 4525 fortis
2865 4469 2962 4524 sed
2990 4485 3215 4525 carcere
3240 4470 3404 4526 miles
3437 4489 3451 4536 ;

2149 4564 2275 4619 Post
2300 4562 2623 4634 aliquotque
2648 4561 2770 4616 dies
2790 4562 2921 4617 hinc
2943 4560 3159 4617 sistitur
3189 4570 3316 4618 ante
3344 4563 3605 4629 tribunal,

2148 4650 2385 4706 Scitatur
2411 4648 2584 4704 semel
2606 4657 2772 4721 atque
2811 4649 3030 4715 iterum,
3062 4649 3341 4722 duratque
3364 4647 3565 4706 ﬁdelis.

2148 4739 2480 4815 Moxjugulo
2512 4739 2679 4811 plecti
2708 4737 3008 4796 furibundo
3040 4756 3072 4795 a
3097 4740 3288 4810 judice
3311 4742 3507 4811 jussus

2150 4832 2459 4888 Percutitur
2487 4830 2694 4906 gladio,
2725 4830 2945 4902 capitali
2979 4831 3103 4907 lege
3134 4832 3425 4889 subactus.

2148 4924 2281 4979 Tum
2312 4939 2383 4978 ne
2413 4922 2573 4978 detur
2584 4922 2749 4978 humo
2770 4929 2990 4979 servant
3012 4925 3242 4980 custode
3263 4926 3518 4993 cadaver,

2145 5019 2505 5091 Reticuloque
2533 5018 2696 5074 situm
2724 5019 2882 5074 salsis
2912 5021 3077 5075 maris
3108 5021 3323 5077 inditur
3344 5022 3531 5077 undis.

2145 5112 2271 5168 Post
2304 5113 2545 5168 triduum
2575 5129 2815 5167 mersum
2850 5129 3165 5187 corpusque
3205 5124 3484 5188 caputque
3514 5116 3761 5171 deorsum

2148 5205 2423 5273 Reticulo,
2462 5205 2560 5260 sed
2592 5205 2694 5261 sub
2726 5205 2942 5261 Domini
2986 5207 3188 5263 virtute
3220 5209 3439 5264 revulso

2147 5294 2368 5350 Sacrate
2402 5294 2565 5365 capiti
2595 5293 2964 5349 redhibentur
2993 5295 3239 5351 membra
3269 5295 3417 5352 beati

1968 5384 1983 5389 ’
2063 5356 2123 5425 D
2148 5384 2208 5438 Et
2233 5356 2484 5456 scapulis
2491 5384 2672 5440 cervix
2701 5385 2933 5440 servatis
2954 5385 3207 5459 jungitur
3236 5386 3379 5442 ictus

2147 5476 2395 5546 Iudiciis,
2425 5484 2711 5550 totumque
2738 5478 2905 5534 simul
2926 5486 3216 5535 revocatur
3248 5495 3429 5536 arenae

2146 5569 2420 5638 Littoreae,
2458 5569 2684 5625 blandis
2714 5570 2871 5626 oneri
2886 5568 3282 5627 famulantibus
3304 5572 3495 5639 undis,

2161 5656 2490 5732 lntegroque
2522 5658 2598 5729 pii
2630 5659 2809 5715 cultus
2834 5658 3101 5730 sepelitur
3128 5660 3363 5717 honore.
