3970 6200
214 330 326 383 549
778 329 859 383 DE
899 330 1259 387 TRIUMPIIIS
1301 332 1553 388 CHRISTI
1596 335 1782 389 ANTIO

2005 338 2224 393 GESTIS
2270 340 2443 395 LIBRI
2485 340 2633 397 DUO.
2676 373 2745 382 —
2784 343 2909 399 LIB.
2954 344 2995 397 I.
3444 349 3552 404 550

1715 466 1928 521 CAPUT
1970 469 2055 522 Vl.

1529 566 1607 625 De
1639 578 1849 627 sancta
1900 569 2243 632 Theodosia.

208 674 349 727 Huic
378 673 502 727 data
534 688 642 727 non
675 672 798 726 urbi
823 688 852 726 a
874 673 1034 727 nobis
1060 673 1370 729 Theodosia
1399 673 1553 747 virgo
1847 683 1898 749 Α
1933 679 2124 735 Omnia
2152 698 2273 753 quae
2307 682 2505 737 virtute
2540 685 2633 739 Dei
2665 686 2912 757 disrupta
2944 686 3224 741 facessunt

205 768 454 832 Constat,
499 765 887 836 Cappadocum
919 765 1122 838 legitur
1142 766 1290 837 quod
1313 766 1496 821 sidera
1525 775 1683 823 nacta
1930 768 2175 833 Vincula,
2197 770 2293 824 sed
2320 771 2516 826 vinclis
2545 782 2718 829 semet
2750 774 2871 829 sine
2898 777 3167 845 compede
3197 788 3375 832 servat

207 860 506 915 Caesaraea:
543 861 764 915 tradunt
790 869 975 915 tamen
1008 862 1150 915 hanc
1181 861 1310 931 quia
1342 861 1576 932 plurima
1605 870 1759 935 gesta
1931 856 2193 932 Mergitur
2221 858 2348 913 hinc
2374 859 2506 927 alto,
2540 878 2739 934 magna
2757 862 2864 916 sibi
2896 881 3033 934 rupe
3066 864 3265 939 ligata;

208 953 472 1008 Caesarea!
494 969 617 1009 esse
646 954 959 1019 Palestinze,
991 968 1328 1007 memorasse
1351 952 1583 1010 videbor
1937 952 2109 1015 Qoam
2135 965 2258 1005 mox
2289 950 2626 1008 incolumem
2657 955 2817 1009 siccis
2848 972 2997 1010 mare
3029 958 3207 1012 reddit
3236 961 3437 1017 arenis.

207 1045 363 1099 lianc
393 1045 478 1100 vel
511 1043 620 1098 fine
650 1043 799 1098 libri.
833 1045 962 1110 Quae
992 1044 1407 1100 confessoribus
1436 1045 1581 1101 ultro
1938 1044 2361 1119 Snbrigiturque
2392 1044 2543 1111 feris,
2578 1045 2747 1100 illaesa
2776 1048 2875 1100 sed
2907 1047 3016 1101 exit
3045 1048 3114 1102 ab
3156 1050 3310 1121 ipsis,

208 1138 287 1190 Se
324 1135 540 1191 socians
571 1134 794 1205 Christi,
827 1135 928 1190 sdb
950 1136 1101 1190 crede
1129 1135 1454 1191 Diocletiani
1940 1134 2093 1199 Quod
2126 1152 2273 1190 mare
2300 1135 2559 1207 quodque
2593 1134 2718 1188 fera:
2750 1136 2923 1191 vitant
2953 1137 3196 1207 explere,
3228 1144 3449 1199 satelles

207 1225 345 1278 Octo
365 1224 671 1294 decemque
702 1238 901 1297 gerens
925 1222 1124 1277 caelebs
1164 1222 1398 1277 feliciter
1427 1239 1621 1291 annos,
1943 1224 2179 1279 Funesto
2208 1233 2464 1295 properat
2490 1223 2698 1297 gladio,
2732 1241 2893 1295 quem
2929 1226 3051 1279 laeta
3074 1228 3311 1298 recepit:

207 1312 385 1366 Tenta
416 1320 471 1366 at
491 1312 559 1365 ab
583 1310 799 1366 Urbano
834 1310 1112 1381 praefecto,
1134 1310 1365 1365 verbere
1391 1327 1551 1378 caesa,
1942 1312 2373 1384 Ultroneumqnc
2402 1313 2591 1367 hilaris
2615 1313 2807 1368 victrix
2839 1313 3090 1385 implevit
3127 1334 3360 1389 agonem

212 1401 464 1471 Equuleo
484 1415 772 1470 suspensa,
806 1398 943 1454 truci
974 1400 1215 1454 cruciata
1243 1399 1443 1471 rigore,
1938 1402 2074 1457 Ante
2097 1403 2354 1459 thronum
2386 1403 2584 1474 Sponsi
2618 1402 2863 1459 referens
2893 1403 3094 1460 festina
3127 1414 3350 1479 trOpaza.

210 1493 446 1547 Carcere
478 1492 531 1546 in
559 1492 818 1558 obscuro,
848 1490 991 1546 ferro
1008 1490 1245 1546 vincitur
1274 1498 1504 1559 onusta;

600 1834 731 1979 DE
846 1830 1423 1981 TRIUMPHIS
1544 1831 1967 1980 CHRISTI
2078 1833 2692 1985 ANTIOCHW
2820 1839 3178 1987 GESTIS

1554 2127 1895 2227 LIBRI
1971 2133 2233 2231 DUO

882 2465 1501 2551 PBEFATIO
1569 2466 2212 2580 SEQUENTIS
2281 2468 2892 2591 OPUSCULI.

1713 2673 2073 2681 ———-—————_

333 2820 619 2891 Temporis
646 2820 815 2892 prisci
846 2835 1102 2890 proceres
1134 2821 1451 2875 Damascum
1870 2830 1919 2894 Β
2050 2825 2191 2880 Tum
2217 2826 2367 2881 ferax
2398 2845 2714 2884 accrescere
2744 2831 3126 2901 prteminentis

332 2910 592 2963 Dixerant
631 2910 848 2963 culmen
877 2908 1069 2978 Syriae,
1101 2916 1379 2980 caputque
2053 2920 2237 2975 Tritici
2267 2923 2443 2995 surgit
2471 2939 2651 2997 seges,
2683 2941 2745 2979 ac
2771 2924 2976 2979 referre

330 2996 507 3051 Patris
539 2996 769 3065 Abrahae
799 2997 1057 3051 Chanami
1092 3005 1339 3053 vecatam
2054 3011 2383 3081 Centuplum
2413 2996 2568 3067 cmlis
2598 3014 2873 3083 patienter
2901 3024 3062 3070 aucto

547 3092 703 3147 Prole
736 3093 1076 3147 Damascum.
1274 3166 1277 3169 Α
2269 3098 2496 3171 Mergite
2526 3098 2787 3156 fructum.

339 3178 513 3233 Cessit
540 3186 593 3233 at
622 3187 914 3251 postquam
943 3180 1112 3251 patris
1138 3197 1168 3235 a
1187 3180 1421 3237 Seleuco
2055 3190 2293 3260 Spiritus
2323 3191 2498 3246 sancti
2529 3193 2735 3248 radiata
2769 3194 2912 3262 luce,

340 3268 544 3323 Civitas
562 3276 645 3324 est
665 3269 916 3325 Antiochi
940 3270 1139 3326 decore
1741 3323 1747 3330 .
2058 3278 2283 3331 lntuens
2315 3285 2426 3332 toto
2450 3279 2583 3333 orbe
2615 3280 2813 3335 famem
2834 3282 3098 3351 futuram,

338 3360 577 3429 Structa,
609 3378 771 3433 quam
806 3372 1016 3417 cunctae
1048 3363 1217 3434 Syriae
1246 3363 1491 3419 eminere
2057 3365 2286 3420 Fertiles
2316 3374 2491 3420 certat
2521 3367 2781 3422 Solimam
2807 3372 3056 3441 patronis

551 3456 738 3511 Maluit
768 3465 977 3514 auctor.
2274 3454 2437 3509 Ferre
2462 3455 2756 3526 maniplos.

337 3546 526 3618 Nuper
552 3548 661 3603 huc
688 3548 884 3604 Christi
923 3549 1110 3603 famuli
1143 3549 1393 3605 feruntur
2058 3541 2190 3596 Nam
2223 3542 2530 3613 Prophelim
2558 3560 2783 3615 quoque
2814 3546 2960 3601 dona
2992 3551 3229 3621 SumPSit

336 3638 536 3693 Territi
566 3639 742 3710 prima
762 3639 1121 3695 tribulatione
2058 3632 2300 3688 Muneris
2329 3634 2683 3703 charismate,
2718 3652 2845 3708 quo,
2884 3639 3094 3695 tributo

334 3731 451 3794 Qua
489 3729 640 3799 pium
672 3736 883 3784 constat
904 3730 1242 3801 Stephanum
1278 3738 1508 3785 cruento
2063 3724 2355 3795 GentibUS,
2382 3727 2572 3782 Iudaea
2602 3736 2769 3796 caret,
2802 3729 2996 3784 salutis

555 3825 833 3880 Grandine
862 3842 1138 3896 pressum.
2280 3820 2450 3875 Fonte
2478 3831 2700 3896 negato.

336 3916 475 3970 llinc
496 3915 583 3970 via
617 3916 759 3973 facta
789 3918 966 3991 geruli
999 3918 1192 3972 fideles
2063 3912 2208 3967 Urbe
2234 3929 2342 3983 pua
2367 3914 2670 3969 certamina
2698 3922 2826 3969 sunt
2858 3914 3045 3970 labore

332 4004 473 4059 Iluic
498 4004 826 4060 ferunturbi
859 4006 1045 4061 radios
1062 4006 1209 4060 beati
2062 4001 2222 4056 Plura
2255 4002 2535 4058 decertata
2565 4004 2676 4074 pio,
2710 4002 2905 4058 ﬁdeles

336 4095 605 4162 Luminis,
628 4096 865 4152 fecunda
896 4097 991 4151 Dei
1013 4105 1264 4152 serentes
2063 4093 2217 4149 Clara
2247 4095 2371 4166 quis
2401 4095 2595 4150 Christi
2638 4095 2886 4151 referunt
2915 4096 3123 4151 alumni

552 4184 775 4239 Semina
804 4185 981 4239 verbi.
1887 4225 1932 4255 ρ
2283 4182 2512 4236 Przemia
2536 4183 2712 4255 regni.

341 4271 627 4343 Cmpithic
650 4272 760 4343 jam
794 4273 907 4336 lux,
931 4274 1176 4328 tenebris
1200 4274 1424 4347 fugatis,
1886 4225 1935 4294 C
2071 4270 2107 4323 E
2139 4270 2340 4341 quibus
2365 4271 2570 4338 multis,
2595 4225 2725 4341 quia
2753 4271 3047 4326 Christiani

340 4360 647 4430 Splendide
688 4361 905 4435 fulgens
933 4363 1069 4418 adeo
1100 4364 1326 4430 micare,
2070 4360 2318 4415 Nominis
2348 4360 2470 4415 fons
2503 4360 2592 4415 hic
2619 4368 2673 4428 et
2702 4361 2858 4433 origo
2891 4361 3084 4431 cmpit,

340 4452 561 4506 Nomini
602 4461 660 4507 nt
693 4453 996 4523 primordia
1028 4454 1342 4509 Christiano
2069 4452 2206 4509 Post
2237 4453 2555 4509 Palaestinos
2581 4454 2821 4509 breviter
2846 4454 3157 4525 triumphos

561 4543 698 4598 Urbs
725 4543 883 4600 daret
911 4545 1033 4599 ista.
2285 4542 2524 4597 Paucula
2556 4550 2799 4618 tangam.

1203 4719 1645 4809 INCIPIT
1714 4715 2067 4802 LIBER
2132 4711 2605 4800 PRIMUS.

1650 4898 1859 4956 CAPUT
1899 4895 2179 4951 PRIMUM.

234 5038 382 5093 Urbs
410 5042 570 5091 nacta
600 5036 853 5093 Antiochi
884 5052 1087 5091 nomen
1133 5037 1202 5092 de
1234 5037 1457 5092 nomine
1483 5036 1649 5111 regis,
1876 5046 1935 5115 D
1964 5031 2022 5085 Et
2053 5028 2489 5083 Machabaeorum
2524 5029 2716 5085 recolit
2746 5028 3016 5084 solemnia
3048 5028 3272 5084 fratrum
3299 5046 3311 5083 :

236 5129 419 5183 Sortis
439 5126 759 5197 apostolica:
797 5127 1013 5199 magnis
1040 5128 1304 5183 instructa
1332 5127 1643 5202 magistris;
1961 5126 2001 5177 A
2033 5121 2236 5193 quibus
2260 5120 2499 5191 antiquae
2532 5122 2663 5175 dum
2705 5120 3017 5177 testificatio
3052 5122 3193 5194 legis

237 5220 496 5276 Ierareha
524 5219 706 5285 Petro,
736 5219 823 5274 hic
852 5219 1031 5291 prima
1062 5220 1341 5275 residente
1359 5220 1640 5283 cathedra,
1962 5213 2193 5269 Fortiter
2217 5212 2501 5277 asserilur,
2530 5220 2702 5266 matre
2734 5213 3058 5266 exhortante
3083 5212 3260 5274 beata.

236 5308 499 5363 Praesulis
525 5315 579 5363 et
609 5308 762 5383 digni
793 5308 1037 5363 officium
1069 5310 1301 5364 solerter
1327 5318 1551 5383 agente,
1963 5304 2061 5359 Pro
2098 5304 2414 5376 legislatorc
2442 5304 2553 5357 Deo
2584 5310 2729 5357 stant
2768 5302 2960 5357 ultima
2994 5304 3156 5375 passi,

234 5400 416 5468 Atque
438 5396 639 5451 scholae
669 5397 836 5451 Paulo
861 5397 1027 5452 docili
1056 5398 1296 5454 caelestis
1325 5399 1570 5467 alumno,
1964 5397 2027 5452 Et
2055 5396 2184 5469 quia
2212 5411 2309 5467 pro
2340 5404 2488 5450 casta
2518 5395 2764 5449 mandati
2789 5394 2911 5467 lege
2934 5404 3218 5459 necantur,

238 5488 505 5562 Egregius
534 5486 799 5553 celebrat,
843 5488 1052 5544 Christo
1079 5489 1340 5552 donante,
1373 5488 1712 5557 triumphos;
1965 5486 2159 5542 Christi
2188 5494 2316 5541 sunt
2346 5493 2532 5553 testes,
2563 5485 2766 5541 veteris
2793 5484 2887 5556 qui
2930 5486 3069 5559 legis
3100 5487 3334 5541 habetur

235 5577 572 5648 Martyribns
602 5576 778 5642 factis,
810 5578 910 5633 isto
940 5579 1038 5632 sed
1070 5578 1291 5633 nomine
1318 5592 1420 5631 nec
1440 5578 1572 5631 dum
1962 5581 2112 5636 Finis
2134 5581 2582 5653 principiumque
2615 5596 2789 5647 novat,
2822 5580 3018 5651 probat
3043 5590 3236 5638 auctor
3264 5582 3507 5655 utrique.

236 5670 435 5736 Dictis,
467 5666 715 5737 martyrii
746 5682 967 5737 quoque
993 5668 1085 5722 dat
1116 5675 1432 5724 reverenter
1459 5668 1749 5731 honorem,
1963 5673 2063 5738 Qui
2094 5690 2250 5729 sacra
2279 5674 2409 5730 dum
2450 5681 2665 5730 certant
2704 5688 2814 5730 non
2841 5672 3095 5742 abiurare
3122 5682 3372 5745 paterna,
