3970 6200
412 286 511 342 551

414 411 659 466 lnterimi
694 426 795 465 nec
824 410 1009 465 seduci
1051 410 1264 467 vincive
1298 413 1583 479 valebant;

414 504 696 558 Terrorem
720 503 865 576 regis
887 520 1181 573 puerorum
1216 514 1437 574 pectora
1468 504 1746 576 frangunt,

416 595 598 649 Munia
629 611 730 649 nec
758 595 917 669 legis,
940 596 1198 650 tormenti
1242 596 1495 651 machina
1525 597 1685 670 fregit

414 685 585 750 Quem
602 686 827 741 vincunt
846 685 1001 757 pueri
1024 686 1279 742 barbatos
1300 688 1509 743 vicerat
1525 688 1741 755 hostes;

1172 286 1539 341 FLODOARDI
1581 286 1883 342 CANONlCl
1926 286 2257 343 REMENSIS
2300 286 2633 343 OPUSCULA
2672 286 2980 342 METRICA.

3634 291 3731 345 532

2051 422 2097 487 Α
2126 413 2394 469 Victorem
2427 430 2618 487 regum
2640 420 2866 485 superat
2886 413 3153 485 patientia
3186 412 3434 468 fratrum.

2129 506 2279 561 [laud
2306 505 2531 560 dubium
2554 521 2651 576 pro
2673 505 2796 577 lege
2824 506 2919 559 Dei
2951 505 3099 577 quod
3124 506 3275 560 caede
3307 507 3582 577 perempti

2127 598 2165 650 A
2207 597 2446 652 Domino
2479 597 2618 672 legis
2647 597 2869 667 capient
2900 596 2990 668 pia
3023 597 3247 667 praemia
3279 597 3466 664 morti,

2130 690 2423 746 Sumentes
2455 705 2664 760 roseas,
2699 689 2910 746 Christo
2950 689 3251 758 tribuente,
3281 705 3535 746 coronas.

1917 810 2127 865 CAPUT
2174 810 2239 865 ιι.
2389 864 2403 878 ,

1736 910 1810 967 De
1853 910 2050 986 Agabo
2090 910 2403 986 propheta.

416 1015 512 1071 llic
542 1015 708 1090 Agabi
742 1017 954 1088 pollent
980 1019 1152 1073 sancti
1182 1024 1536 1074 monumenta
1556 1018 1859 1088 praphctre,

418 1108 590 1180 [nque
624 1108 742 1165 rudi
774 1114 1117 1175 testamento,
1146 1108 1233 1163 cui
1267 1108 1441 1182 gratia
1456 1116 1640 1161 vatum

418 1201 623 1255 Enituit
651 1208 918 1267 veterum,
946 1199 1094 1254 claro
1116 1205 1342 1253 ventura
1373 1197 1613 1253 canenti.

418 1289 513 1343 llle
547 1288 745 1343 famem
777 1289 965 1343 multis
996 1288 1319 1359 praedixerat
1350 1296 1474 1341 ante
1509 1286 1707 1341 diebus

417 1378 546 1442 Qua)
574 1378 771 1449 pressit
800 1384 996 1440 totum,
1030 1385 1224 1449 regnat
1253 1376 1383 1431 dum
1417 1376 1695 1441 Claudius,
1730 1376 1923 1431 orbem

417 1467 663 1539 Namque
694 1468 1005 1539 prephetali
1040 1468 1233 1539 pulsus
1264 1484 1388 1523 cum
1408 1483 1657 1535 munere,
1689 1467 1832 1523 dona

418 1558 533 1615 Huc
561 1576 591 1614 a
611 1560 801 1615 Judwa
828 1560 1190 1616 manifestans
1210 1560 1400 1615 coelica
1426 1560 1594 1625 venit,

2130 1018 2357 1086 Judzeis,
2389 1018 2592 1085 ablata,
2626 1017 2729 1089 pia:
2753 1018 2851 1072 sed
2892 1017 3089 1073 tradita
3128 1017 3281 1093 genti
3309 1035 3324 1071 :

2136 1112 2340 1167 Lumen
2368 1112 2435 1166 ab
2480 1112 2722 1167 Hebraeis
2744 1119 3023 1167 extrusum
3047 1112 3312 1183 gentibus
3332 1116 3536 1166 ortum.

2135 1200 2230 1255 llic
2257 1207 2447 1254 sancto
2477 1200 2679 1255 cecinit
2709 1198 2877 1254 Paulo
2906 1214 3008 1254 sua
3045 1199 3224 1255 vincla
3249 1214 3513 1264 manere;

2134 1290 2295 1361 Cujus
2324 1291 2631 1362 corripiens
2661 1307 2877 1355 zonam,
2912 1291 3232 1362 palmasque
3260 1291 3580 1362 pedesque,

2133 1380 2387 1435 Devinxit
2421 1380 2551 1449 sibi,
2582 1380 2892 1436 vaticinans
2917 1379 2998 1435 sic
3025 1396 3147 1435 esse
3174 1379 3461 1452 ligandum

2138 1472 2196 1525 ln
2224 1471 2428 1527 Solima
2460 1470 2701 1540 fratrem,
2726 1471 2883 1541 cujus
2910 1472 3190 1528 vincimen
3220 1472 3277 1526 id
3307 1480 3478 1527 esset.

1914 1694 2121 1749 CAPUT
2161 1696 2256 1750 lll.

1514 1796 1591 1857 De
1633 1797 1952 1871 Manu/ten,
2004 1798 2253 1859 Procoro
2294 1805 2349 1857 et
2388 1796 2648 1858 Joanna.

423 1903 519 1958 llic
549 1904 712 1958 etiam
747 1901 1035 1969 Manahen,
1055 1903 1149 1975 qui
1178 1904 1549 1959 collactaneus
1579 1906 1684 1975 ipsi

418 1995 691 2050 Scribitur
714 1996 934 2063 Herodi,
968 1997 1159 2051 doctor
1184 1995 1349 2050 simul
1378 2006 1541 2068 atque
1574 1997 1861 2067 pr0pheta,

418 2088 476 2140 lu
511 2088 721 2143 Christo
735 2073 881 2143 clara
908 2088 1210 2143 tumulatus
1234 2098 1379 2143 sorte
1400 2088 1650 2159 quiescit.

417 2179 679 2253 Conjugis
700 2181 791 2235 hic
819 2181 1034 2247 Chuzar,
1067 2181 1160 2252 qui
1191 2180 1320 2236 olim
1354 2188 1573 2238 curator
1602 2181 1783 2235 alebat

420 2272 709 2342 llerodem,
744 2282 946 2344 pariter
975 2275 1292 2331 recoluntur
1318 2275 1454 2330 festa
1474 2275 1722 2330 Joanure.

2066 1913 2115 1980 Ο
2140 1905 2309 1969 Quam
2334 1905 2584 1960 meminit
2609 1903 2781 1959 Lucas
2800 1903 3022 1959 Domini
3050 1904 3281 1976 vestigia
3311 1903 3513 1957 Christi

2141 1996 2435 2061 Sectatam,
2463 1994 2744 2065 sociisque
2775 1993 2993 2065 ipsique
3016 1992 3185 2047 fuisse
3209 1991 3540 2046 ministram.

2142 2086 2289 2140 Hanc
2310 2102 2531 2158 quoque
2561 2086 2831 2141 Procorus
2862 2084 3112 2141 habitare
3133 2085 3403 2139 diaconus
3430 2082 3627 2137 urbem

2140 2180 2372 2253 Delegit,
2402 2180 2531 2235 fidei
2562 2181 2782 2247 merito,
2814 2181 3111 2236 virtutibus
3140 2187 3307 2252 atque

2140 2274 2398 2330 Pluribus
2416 2275 2671 2349 insignis,
2704 2275 2796 2331 hic
2815 2282 2872 2331 et
2895 2276 3197 2347 complevit
3216 2290 3476 2350 agonem.

1910 2404 2119 2459 CAPUT
2160 2406 2245 2460 IV.

1748 2508 1825 2567 De
1865 2507 2095 2569 Evodio
2139 2510 2426 2587 episcopo.

492 2618 628 2674 Huic
649 2618 861 2690 primus
894 2617 1114 2689 praesul,
1148 2625 1269 2687 post
1299 2616 1541 2679 Petrum,
1576 2614 1811 2669 Evodius
1841 2614 1964 2669 urbi

417 2715 547 2770 Jura
567 2714 889 2779 sacerdotis,
912 2714 1065 2768 I‘ctro
1090 2712 1364 2777 tradente,
1397 2710 1621 2765 subivit.

420 2806 629 2880 Dignus
654 2821 819 2877 quem
850 2805 1044 2858 Petrus
1071 2803 1164 2859 tali
1197 2803 1429 2857 donaret
1458 2803 1687 2866 honore,

420 2902 596 2969 Atque
615 2898 766 2953 vices
796 2897 930 2952 tanti
960 2902 1183 2968 caperet
1209 2895 1444 2967 pastoris
1472 2894 1540 2949 ab
1570 2893 1714 2964 ipso,

421 2987 524 3041 Pro
555 3002 723 3061 grege
748 2985 1044 3043 commisso
1075 2985 1201 3041 forti
1229 2985 1323 3056 qui
1355 2984 1553 3041 robore
1577 2984 1751 3040 fretus

419 3078 658 3150 Martyrii
686 3078 889 3134 meruit
909 3085 1127 3133 certans
1150 3079 1252 3133 hac
1281 3077 1420 3133 urbe
1445 3094 1721 3134 coronam.

421 3167 591 3231 Quam
623 3167 827 3242 dignus
856 3167 1067 3223 meritis
1094 3182 1347 3231 sucessor
1375 3167 1634 3223 laudibus
1664 3165 1841 3236 effert,

422 3256 675 3313 Ecclesia:
703 3257 958 3313 scribens
976 3258 1215 3333 lgnatius
1233 3257 1572 3327 Antichenm,

2006 3176 2036 3203 6

2139 2615 2263 2684 Ipse
2302 2613 2431 2669 feris
2452 2613 2645 2669 abiens
2677 2611 2978 2669 tradendus
2999 2625 3233 2682 corpore
3260 2609 3490 2665 Romam

2138 2706 2403 2778 Discipuli
2434 2705 2587 2773 estis,
2607 2706 2702 2771 ait,
2727 2705 2870 2761 Petri
2902 2703 3168 2775 Paulique
3190 2702 3369 2757 vocati

2137 2802 2456 2874 Depositum
2480 2802 2643 2858 vobis
2673 2801 2741 2856 ab
2773 2800 2855 2857 eis
2882 2807 3098 2856 servate
3129 2798 3407 2868 relictum,

2138 2896 2200 2951 Et
2229 2909 2505 2950 memores
2534 2902 2711 2950 estote
2741 2893 2820 2966 pii
2850 2892 3105 2964 pastoris,
3139 2891 3208 2945 ab
3237 2889 3375 2961 ipsis

2137 2989 2236 3056 Qui
2269 2990 2429 3045 datus
2456 2995 2540 3045 est
2565 2987 2741 3055 vobis,
2775 3003 2879 3043 nec
2903 2985 3310 3043 confundamur
3338 2982 3550 3040 alumni

2135 3087 2286 3142 Sicut
2316 3084 2589 3141 adulterio
2628 3083 2872 3154 corrupti
2904 3082 3133 3137 seminis
3163 3080 3289 3136 orti.

2135 3181 2265 3235 Tam
2286 3180 2503 3236 dulcem
2519 3184 2884 3250 sanctumque
2908 3177 3121 3232 Patrem
3135 3176 3233 3232 sed
3250 3174 3506 3230 moribus
3532 3172 3686 3227 almis

2136 3271 2447 3328 Efficiamur
2474 3286 2542 3328 eo
2569 3279 2682 3328 tam
2712 3269 2957 3328 castifico
2986 3269 3142 3326 Patre
3175 3267 3353 3343 digni.

1931 3409 2140 3467 CAPUT
2176 3409 2239 3466 V.

1758 3514 1838 3573 De
1878 3521 2084 3575 sancto
2126 3512 2390 3588 Ignatio.

418 3625 528 3683 Hac
557 3624 766 3681 etenim
790 3624 1042 3680 residens
1062 3623 1311 3700 Ignatius
1333 3621 1471 3678 urbe
1499 3620 1727 3687 nitebat,

422 3718 558 3774 lluic
588 3725 715 3789 post
737 3719 883 3773 hunc
908 3717 1107 3790 praesul
1139 3716 1268 3770 fidei
1302 3716 1393 3786 pia
1416 3715 1671 3786 dogmata
1700 3712 1931 3782 dedens,

420 3808 590 3864 Morte
620 3808 972 3878 triumphata,
1003 3822 1165 3878 quem
1197 3820 1255 3859 sc
1285 3803 1490 3860 vidisse
1521 3802 1742 3870 fatetur,

419 3905 665 3976 Sumpsit
694 3904 1000 3975 apostolico
1032 3901 1216 3957 socius
1243 3916 1364 3972 qua:
1389 3907 1645 3955 strenuus
1665 3914 1781 3954 ore.

420 3998 620 4053 Audito
651 3997 807 4065 cujus
837 3994 1043 4049 celebri
1077 4008 1296 4048 rumore
1326 4000 1572 4060 senatus,

418 4092 674 4163 Principe
700 4091 928 4159 Trajano
960 4088 1234 4145 fervorem
1265 4087 1463 4161 stragis
1492 4093 1691 4160 agente

421 4185 480 4238 In
513 4189 753 4246 nostros,
782 4178 973 4234 statuit
1002 4195 1111 4251 qua
1142 4185 1390 4250 pasceret
1417 4193 1513 4233 ora
1537 4176 1775 4232 ferarum

422 4277 745 4346 lnsanaaque
776 4273 931 4328 daret
959 4272 1141 4327 Romae
1164 4271 1442 4343 spetacula
1469 4270 1640 4341 plebi.

420 4368 722 4440 Abripitur,
751 4367 1078 4438 vinctusque
1108 4365 1268 4420 datur
1289 4363 1613 4420 custodibus
1637 4362 1800 4429 ultro,

419 4460 795 4531 Militibusque
826 4458 1017 4513 decem
1038 4455 1327 4511 ducendus
1352 4455 1585 4510 traditur
1612 4453 1765 4510 Urbi.

422 4551 523 4616 Qui
554 4550 675 4605 loca
701 4547 1025 4620 praeteriens
1058 4546 1214 4610 Asim,
1249 4545 1378 4599 dum
1406 4542 1608 4599 caerula
1639 4542 1787 4598 vadit

417 4637 665 4711 Navigio,
695 4634 1010 4692 veneranda
1040 4633 1146 4705 piis
1184 4633 1276 4687 dat
1306 4632 1519 4686 semina
1540 4630 1721 4696 terris,

419 4729 784 4800 Ecclesizeque
815 4726 978 4783 docet
997 4724 1233 4797 populos
1259 4723 1554 4794 persistere
1581 4728 1693 4777 toto

417 4827 479 4882 ln
508 4831 695 4881 sancta
713 4839 836 4880 cum
866 4822 1035 4878 corde
1059 4820 1189 4886 ﬁde,
1222 4818 1393 4874 vitare
1414 4816 1674 4888 profanas

417 4919 545 4985 Quae
572 4925 706 4972 tunc
735 4914 1042 4971 extulerant
1068 4912 1290 4967 hereses
1319 4917 1483 4981 caput
1503 4925 1600 4964 ore
1621 4907 1890 4980 chelydri,

418 5012 721 5068 Exhortans
752 5016 813 5064 ut
833 5004 1152 5079 apostolicis
1178 5002 1470 5060 nexamine
1503 5001 1629 5057 forti

417 5101 699 5157 Heererent
729 5095 974 5164 monitis,
1014 5095 1209 5151 horum
1252 5099 1527 5166 praecepta
1554 5090 1728 5148 secuti

414 5189 731 5248 Adveniens
750 5189 1058 5259 Smyrnam,
1082 5183 1368 5258 Polycarpi
1391 5183 1561 5238 fultus
1583 5197 1788 5245 amore,

415 5285 608 5361 Dirigit
628 5284 758 5340 hinc
788 5283 1061 5355 Ephesum
1092 5281 1312 5352 scriptis
1340 5279 1611 5336 solamina
1639 5277 1816 5334 verbi.

416 5376 554 5430 llinc
578 5374 741 5428 simul
762 5371 1050 5427 instruitur
1072 5370 1373 5444 Magnesia,
1405 5385 1584 5424 necne
1613 5368 1903 5433 Meander;

418 5462 673 5519 Ecclesiae
696 5460 889 5516 Trallis
916 5459 1119 5513 dantur
1138 5474 1363 5530 quoque
1393 5458 1607 5513 semina
1629 5458 1772 5514 vitae.

420 5548 684 5605 Romanis
713 5548 876 5604 etiam
904 5546 1153 5602 scribens
1175 5547 1265 5617 pia
1290 5553 1590 5619 grammata
1620 5545 1804 5600 mittit.

425 5640 669 5693 Poscens
695 5655 765 5692 ne
789 5653 888 5708 pro
911 5653 969 5692 se
1000 5636 1244 5706 doleant,
1277 5652 1347 5692 ne
1369 5653 1522 5707 spem
1554 5637 1661 5692 sibi
1689 5636 1881 5692 tollant

2067 3628 2118 3698 (ς
2140 3617 2407 3689 Martyrii;
2435 3616 2548 3686 jam
2581 3615 2763 3671 carnis
2785 3614 2870 3671 eis
2890 3612 3107 3669 affectio
3127 3612 3273 3668 desit

2143 3707 2280 3779 Erga
2305 3721 2386 3774 se,
2420 3720 2614 3777 poenas
2630 3704 2793 3759 hilari
2825 3703 2919 3775 qui
2938 3702 3105 3759 corde
3122 3706 3376 3772 receptet

2149 3822 2169 3850 ι
2214 3802 2351 3856 Eocc
2382 3801 2668 3864 salutares,
2706 3799 2906 3871 inquit,
2945 3796 3085 3852 mihi
3115 3811 3284 3852 nosco
3309 3794 3547 3849 ferarum

2142 3893 2343 3949 Exacui
2373 3892 2587 3958 dentes,
2620 3891 2866 3959 veniant,
2899 3889 2987 3945 his
3017 3889 3281 3945 carnibus
3312 3888 3415 3955 uti,

2142 3984 2356 4049 Quaeso,
2379 3983 2519 4039 meis
2548 3983 2714 4039 liceat
2743 3983 2914 4050 diras,
2937 3997 3074 4054 quas
3104 3989 3233 4053 opto
3264 3979 3467 4052 parari,

2136 4080 2211 4134 Ac
2236 4085 2366 4150 peto
2398 4093 2468 4133 ne
2498 4084 2745 4133 nostrum
2772 4083 3023 4133 metuant
3047 4076 3375 4149 contingere
3400 4089 3627 4146 corpus,

2137 4170 2509 4236 Quorumdam
2534 4169 2704 4225 veluti
2726 4169 2920 4225 crebro
2946 4168 3196 4224 timuisse
3222 4166 3491 4238 patescit:

2071 4290 2089 4318 ς
2136 4260 2277 4327 Quin
2309 4267 2365 4315 et
2384 4260 2429 4315 si
2452 4259 2729 4323 dubitent,
2766 4274 2870 4333 ego
2896 4274 3006 4326 me,
3032 4257 3251 4313 veniam
3281 4257 3411 4311 date
3430 4255 3689 4311 subdam.

2134 4350 2309 4406 Nosco
2340 4350 2477 4422 quid
2516 4348 2771 4421 expediat
2799 4349 2936 4403 mihi
2968 4347 3273 4419 discipulus
3305 4346 3423 4403 fore
3451 4347 3574 4418 [pro
3619 4344 3759 4413 esse]

3460 4437 3685 4510 [Christi

2137 4534 2293 4590 Nunc
2320 4534 2485 4604 ccepi,
2504 4549 2615 4589 non
2645 4532 2887 4588 invideat
2913 4548 3077 4604 quem
3108 4530 3401 4603 quisquam
3426 4530 3689 4602 adipisci.

2130 4625 2402 4682 Fornaces
2431 4625 2721 4701 ignesque,
2754 4640 3078 4696 crucesque,
3122 4624 3365 4695 feraeque
3396 4630 3688 4694 parentur,

2129 4717 2372 4774 Membra
2398 4718 2756 4785 revellantur,
2784 4726 3123 4790 pateantque
3144 4715 3469 4771 medullitus
3495 4731 3655 4781 ossa;

2133 4812 2192 4866 ln
2216 4827 2305 4866 me
2331 4810 2595 4882 supplicii
2623 4809 2933 4866 conﬂentur
2961 4808 3163 4863 robora
3193 4807 3409 4870 cuncti,

2136 4903 2203 4959 Ut
2233 4902 2399 4958 modo
2424 4902 2736 4973 pervaleam
2762 4900 3035 4956 Christum
3055 4899 3455 4970 comprendere
3485 4899 3700 4955 Jesum.
3734 4917 3763 4946 ιο

2061 4965 2118 5034 Ῑ)
2210 4994 2342 5050 Inde
2372 4965 2516 5050 datis
2548 4994 2790 5065 scriptis,
2819 4993 3119 5065 Polycarpo
3150 4965 3319 5048 tradit
3345 4993 3607 5049 alendam

2139 5084 2458 5150 Ecclesiam,
2490 5092 2732 5154 emptum
2760 5088 3022 5154 repetens
3050 5081 3176 5150 iter,
3208 5083 3610 5140 Antiochenam
3637 5101 3652 5149 ;

2138 5182 2200 5236 Et
2227 5179 2458 5236 veniens
2489 5180 2715 5235 Romam
2748 5177 2962 5247 Trajam
2989 5176 3219 5233 sedibus
3247 5185 3410 5233 astat.

2138 5272 2231 5327 Hic
2257 5272 2476 5327 oblatus
2514 5271 2565 5326 ei
2596 5271 2801 5340 pariter
2837 5270 3118 5326 residente
3148 5276 3344 5325 senatu

2136 5361 2580 5433 Prteponensque
2612 5361 2709 5416 Dei
2735 5360 2938 5416 cultum
2971 5361 3276 5417 terroribus
3308 5361 3528 5417 horum.

2136 5455 2452 5511 Plumbatas
2476 5455 2718 5527 scapulis
2749 5455 2925 5526 primo
2956 5455 3155 5526 accipit
3186 5456 3391 5511 ictibus
3415 5465 3600 5521 actas;

2139 5546 2274 5602 Hinc
2302 5548 2422 5616 cjus
2448 5547 2666 5602 lanians
2703 5547 2849 5602 latus
2883 5547 3087 5621 ungula
3124 5547 3303 5603 sulcat
3330 5554 3657 5620 utrumque,

2140 5638 2405 5711 Quodque
2422 5639 2662 5696 subinde
2684 5638 2883 5696 fricant
2909 5638 3091 5696 scabri
3115 5639 3396 5713 rigidique
3417 5640 3621 5713 lapilli,
