3970 6200
135 336 242 390 553
692 335 773 388 DE
808 333 1167 399 TRIUMPHIS
1207 334 1459 388 CHRISTI
1502 334 1873 389 ANTIOCHIIE
1913 336 2137 391 GESTIS
2179 338 2353 392 LIBRI
2394 340 2545 395 DUO.
2585 370 2655 380 --
2696 341 2818 396 LIB.
2862 344 2901 397 Ι.
3349 348 3448 403 554

141 456 346 511 Deinde
374 455 510 510 volze
533 471 792 509 manuum
818 456 941 509 vivo
963 456 1199 510 carbone
1240 456 1541 525 replentur,
1787 465 1834 529 Α
1862 458 1925 513 Ut
1955 460 2121 531 cmpit
2153 460 2421 527 fremitus,
2465 462 2784 536 flagramine
2816 464 2945 519 talia
2976 465 3118 521 fatur

142 550 437 620 lnfusoque
460 548 567 602 olei
590 548 703 602 fotu
738 547 1000 621 ﬂagrante
1024 564 1230 618 papyro
1862 554 2092 624 Martyrii
2122 562 2175 607 et
2206 570 2409 626 magno
2439 570 2742 610 succensus
2772 573 2957 613 amore
2980 558 3240 630 triumphi
3268 578 3281 615 :

142 642 417 695 Costarum
449 637 973 707 cratislaterumque
993 637 1180 691 arvina
1212 644 1546 705 cremantur,
1860 667 1887 693 (ι
1926 644 2157 710 Sumite,
2208 645 2471 711 Romani,
2516 654 2753 701 nostram
2804 651 3122 722 quicunque
3165 653 3472 722 palaestram

144 732 274 785 [nde
308 728 620 799 pavimento
647 744 944 798 prunarum
978 727 1290 801 aspergitur
1316 728 1481 798 ignis,
1859 734 2150 803 Spectatis,
2183 734 2479 805 cunctique
2512 734 2633 799 viri,
2664 751 2784 789 mea
2813 738 3013 792 sumite
3046 740 3213 794 verba
3245 758 3259 807 ;

143 822 199 875 Et
228 836 392 889 super
422 819 567 871 hunc
596 823 798 870 sanctae
826 816 1061 870 tolerant
1096 816 1397 870 consistere
1424 817 1646 886 plantae.
1859 828 1973 883 Non
2006 829 2104 883 abs
2133 846 2191 883 re
2224 831 2421 899 patior,
2454 847 2556 886 ηρο
2582 840 2805 903 propter
2830 849 2968 887 vam,
2992 834 3202 890 laboro.

140 908 273 962 Tum
308 906 696 977 requiesjusto
728 904 897 958 lectus
928 904 1251 993 conceditur
1283 904 1504 968 ardens,
1860 920 1937 974 Mc
1963 920 2159 991 pietas,
2192 937 2300 976 non
2334 922 2583 991 impietas
2615 924 2868 993 perducit
2896 921 3116 991 ad-ista,

144 998 367 1051 Vellitus
391 995 537 1048 unde
572 995 765 1047 iterum
803 991 1360 1047 trahiturdiscindere
1389 994 1610 1046 dorsum
1858 1008 1967 1063 Nec
1996 1019 2222 1080 pr0pter
2252 1010 2484 1075 facinus,
2504 991 2733 1081 sed—pro
2766 1014 2969 1082 pietate
3004 1015 3269 1082 trucidor,

146 1091 354 1163 Ungula
380 1088 688 1140 dilacerans
712 1100 905 1139 61111103
942 1095 995 1138 Cl
1024 1085 1089 1138 ad
1120 1101 1245 1139 0558
1279 1091 1581 1154 penetrans
1608 1103 1620 1150 ;
1859 1094 2213 1150 Frumentum
2248 1096 2468 1164 Christi,
2499 1097 2691 1165 fateor,
2725 1116 2810 1154 me
2843 1102 3101 1155 dentibus
3121 1104 3333 1168 harum,

143 1178 413 1240 Quaeritur
443 1174 571 1227 inde
603 1173 781 1238 dolor,
812 1174 1029 1243 patiens
1061 1173 1187 1225 dum
1221 1173 1345 1225 talia
1378 1171 1585 1237 suffert,

1860 1190 2090 1244 Mundus
2106 1200 2164 1244 ut
2194 1191 2449 1246 inveniar
2478 1194 2659 1263 panis,
2686 1194 2859 1248 molar
2890 1196 3004 1264 ipse
3039 1196 3295 1251 ferarum.
3344 1220 3366 1243 ιι

142 1271 215 1322 Ac
242 1268 355 1320 sale
383 1282 503 1319 cum
544 1264 723 1319 valido
747 1266 919 1338 plaga:
952 1264 1320 1318 infunduntur
1339 1271 1514 1329 aceto,

1859 1279 2112 1332 Permissi
2135 1280 2503 1349 veniunt,illo
2538 1283 2651 1336 haec
2682 1283 2921 1349 dicente,
2957 1285 3166 1348 leones,

147 1360 267 1413 llaec
282 1369 493 1426 passus,
521 1352 783 1424 fortisque
815 1370 1066 1418 manens,
1092 1356 1315 1408 horrore
1344 1353 1531 1428 fatigat
1861 1369 2269 1441 νηρςορδηιρυρ
2304 1372 2475 1440 pium,
2503 1372 2644 1440 iussi
2674 1389 3009 1444 componere
3042 1374 3265 1444 ludam,

142 1450 398 1503 Tortores
420 1448 691 1513 crucians,
720 1446 923 1519 subigit
949 1446 1258 1521 frangitque
1292 1447 1508 1520 ﬂagella

1863 1461 2065 1516 Caetera
2096 1479 2205 1517 non
2236 1465 2461 1532 audent,
2497 1482 2599 1519 nec
2633 1466 2779 1519 enim
2815 1467 3139 1538 contingere
3157 1483 3350 1521 carnes

147 1540 585 1611 νίριίειιιψιὶοἱίδ
609 1539 741 1592 lanii
767 1540 975 1593 νίηοίτθ
1009 1539 1169 1593 beata
1863 1550 2231 1612 Praesumunt.
2263 1562 2543 1608 tantumve
2568 1555 2690 1609 cibo
2710 1555 2915 1609 violare
2944 1557 3196 1612 cadaver.

150 1634 311 1687 ι”εΓΓο
340 1631 586 1685 membra
613 1636 829 1701 Parant,
862 1631 977 1684 ίωο
1010 1646 1234 1701 quoque
1266 1645 1485 1685 carcere
1513 1630 1758 1696 ῑτυάυηῐ,
1864 1638 2071 1693 Mortua
2099 1640 2344 1694 membra
2394 1642 2556 1709 feras,
2620 1644 2785 1698 homo
2834 1660 2955 1715 quae
3006 1644 3360 1710 laceraverat,
3394 1661 3483 1698 ar-

146 1722 648 1793 Constringuntque
676 1719 847 1789 pedes
873 1719 1057 1792 magni
1087 1720 1189 1773 sub
1222 1720 1464 1790 pondere
1496 1719 1652 1792 ligni.
1790 1780 1834 1806 ῃ
3247 1736 3411 1806 ptem.

146 1814 394 1883 Cumque
433 1812 625 1877 tribus.
658 1811 807 1865 ηυΙΙο
848 1811 1023 1865 νίοῐυε
1045 1811 1313 1865 δοιᾶῐηίηθ
1346 1821 1552 1880 Ραεῑῑιεν
1789 1780 1838 1846 Β
1866 1820 1993 1884 Quae
2022 1820 2235 1875 ratione
2269 1820 2464 1894 vigens
2494 1821 2707 1876 ratione
2738 1822 2981 1897 vigentia
3012 1823 3193 1892 torsit,

148 1910 253 1963 Sed
278 1923 461 1979 neque
492 1914 733 1978 potatus,
758 1907 1051 1960 mansisset
1078 1906 1281 1960 athleta
1313 1906 1527 1971 diebus,
1868 1912 1988 1965 llaec
2016 1912 2227 1967 ratione
2254 1929 2447 1967 carens
2477 1914 2685 1968 ratione
2709 1914 2950 1968 carentia
2972 1923 3172 1983 servat,

150 2001 237 2054 llis
270 1998 586 2054 indofessus
615 1998 979 2067 Trajanisede
1011 1998 1234 2067 superbi
1870 2003 2314 2075 Christicolisque
2348 2020 2460 2059 sua:
2489 2005 2811 2076 linquuntur
2850 2013 2905 2061 et
2928 2005 3139 2081 integra
3165 2006 3304 2059 sedi.

151 2089 603 2160 .\mphitheatrali
637 2086 930 2141 deducitur
961 2096 1085 2141 ante
1109 2087 1370 2150 tribunal.
1869 2096 1990 2149 llaec
2019 2096 2084 2148 ad
2117 2112 2281 2167 quam
2311 2097 2577 2149 revellunt
2608 2097 2838 2151 comites
2862 2097 3063 2153 invicta
3087 2097 3326 2151 ferentes

146 2186 283 2247 Quo,
319 2181 685 2235 Romanorum
727 2186 923 2234 cuncta
953 2187 1281 2250 preperante
1312 2187 1550 2245 caterva,
1868 2184 1996 2237 Ossa
2029 2184 2368 2254 triumphati,
2398 2200 2653 2255 proceres
2692 2186 2970 2240 vincentia
2995 2186 3206 2252 mundi,

148 2272 418 2339 Objicitur
441 2271 678 2342 geminis
706 2271 808 2325 sub
835 2271 1012 2325 vincla
1034 2270 1292 2324 leonibus
1322 2282 1497 2337 actus,
1871 2272 2361 2344 Daphniticamque
2388 2273 2570 2327 locant
2588 2284 2741 2327 extra
2768 2274 2857 2345 pia
2880 2275 3112 2348 pignora
3145 2283 3353 2345 portam

146 2365 381 2435 Jamque
412 2363 591 2429 datus,
625 2379 804 2418 caveae
836 2363 1058 2417 rabidos
1089 2364 1276 2417 audire
1316 2363 1554 2418 ferarum
1872 2363 2117 2419 Mortuus
2148 2372 2429 2438 uttegeret
2456 2365 2647 2421 vivens
2677 2383 2840 2438 quam
2869 2374 3082 2422 rexerat
3106 2366 3319 2421 urbem.

1653 2500 1862 2555 CAPUT
1900 2502 1985 2555 Vl.

1301 2605 1378 2663 De
1406 2605 1635 2664 Herone
1659 2614 1710 2663 et
1740 2604 2173 2663 successoribus
2200 2606 2351 2679 ejus.

153 2722 433 2796 Angelicis
457 2723 735 2793 quondam
768 2729 1126 2793 conspexerat
1156 2721 1260 2776 iste
1292 2720 1511 2776 choreis
1876 2720 2101 2775 Instruit
2133 2721 2276 2774 hanc
2303 2727 2427 2790 post
2457 2737 2621 2792 quem
2648 2722 2844 2793 praesul
2867 2722 3150 2777 Cornelius
3178 2724 3392 2777 urbem.

154 2818 418 2873 Sidereos
449 2818 650 2871 trinum
670 2818 817 2871 cives
846 2817 1041 2871 eﬂerre
1072 2816 1325 2871 decorem
1353 2834 1367 2881 ;
1874 2810 2005 2864 Tum
2038 2825 2257 2880 quoque
2291 2817 2413 2879 post
2444 2810 2658 2865 Petrum
2689 2812 2916 2882 quintus
2940 2811 3026 2865 hic
3055 2812 3273 2883 praefuit
3304 2812 3497 2875 "eros,

153 2907 390 2961 Coalicus
419 2906 736 2976 antiphonis
768 2907 1057 2960 modulans
1086 2906 1363 2960 recinebat
1386 2912 1442 2959 ut
1469 2906 1702 2976 hymnos
1876 2902 2215 2973 TheOphilus
2246 2910 2453 2971 sextus,
2482 2906 2705 2976 sapiens
2727 2913 3061 2978 sanctusque
3092 2907 3371 2975 sacerdos,

155 2998 323 3063 Ordo,
359 3004 671 3069 notansque
700 2997 893 3051 modos
925 2996 1196 3067 proprios,
1230 2996 1391 3051 docet
1421 3012 1626 3070 organa
1654 3003 1770 3050 tur—
1878 2993 2039 3060 Cujus
2068 2994 2354 3049 catholica;
2378 2995 2639 3050 doctrinae
2670 2998 2874 3067 scripta
2909 2997 3180 3063 feruntur,

1268 3080 1269 3087 “
1546 3086 1702 3156 [mas.
1807 3080 1854 3145 Ο
1883 3084 2086 3139 Contra
2118 3085 2367 3140 diversas
2392 3085 2553 3141 docte
2583 3088 2845 3143 bellantia
2882 3097 3078 3155 sectas,

157 3181 444 3256 Spargitur
473 3180 602 3235 hinc
630 3179 867 3235 celebris
892 3178 1082 3234 mundi
1114 3196 1212 3249 per
1239 3178 1457 3233 climata
1491 3179 1647 3233 ritus.
1882 3177 2282 3250 Hermogenem
2313 3186 2367 3233 et
2398 3179 2641 3250 reliquos
2668 3182 2761 3252 qui
2794 3182 3095 3237 confutavit
3126 3182 3364 3252 ineptos.

162 3273 293 3327 lluic
328 3270 734 3325 manifestatum
768 3269 1019 3343 pergenti
1050 3268 1116 3322 ad
1159 3268 1347 3339 praelia
1380 3268 1548 3322 fertur
1884 3266 2331 3340 Congressusque
2366 3268 2544 3337 palam
2578 3271 2858 3339 superavit
2880 3270 3014 3323 falsa
3046 3277 3365 3339 sequentes.

162 3362 287 3430 Ejus
331 3358 649 3431 pontificem
669 3366 789 3429 post
826 3374 885 3413 se
911 3357 1024 3413 fore
1041 3358 1191 3412 sedis
1215 3359 1506 3423 Heronem,
1888 3355 1988 3418 Qui
2020 3355 2208 3424 procul
2238 3355 2538 3409 exturbans
2568 3356 2713 3410 docti
2754 3357 3149 3411 celeberrimus
3178 3357 3291 3411 oris

168 3450 325 3503 Utilis
350 3448 521 3520 ipsius
550 3450 646 3520 qui
674 3455 803 3503 tunc
825 3448 986 3501 levita
1017 3447 1249 3511 nitebat,
1889 3442 1953 3496 Ut
1981 3441 2217 3514 vigilans
2250 3450 2435 3512 pastor
2462 3442 2629 3497 rictus
2657 3444 2895 3499 clamore
2935 3443 3175 3499 ferarum

167 3540 384 3611 Quique
414 3540 639 3611 gradum
681 3539 847 3614 digne
868 3538 1094 3593 subiens
1115 3537 1344 3604 hujusce
1370 3536 1608 3602 decoris,
1888 3536 2061 3607 Atque
2093 3536 2208 3606 lupi
2240 3535 2435 3591 Christi
2468 3537 2652 3612 gregis
2681 3538 2999 3593 insidiantis
3027 3539 3181 3607 ovili,

172 3630 346 3699 llujus
373 3635 428 3683 et
453 3628 763 3699 exemplum
795 3635 1012 3683 sectans
1045 3626 1287 3681 imitator
1316 3626 1572 3691 habetur,
1893 3629 2196 3685 Praesentes
2224 3638 2461 3705 vegetat,
2485 3631 2731 3686 venturis
2752 3648 2901 3685 arma
2928 3632 3226 3701 ministrat,

170 3721 387 3793 Proque
417 3720 600 3795 gregis
621 3719 817 3775 Christi
847 3736 977 3774 cura
1009 3718 1321 3791 procumbit
1352 3718 1557 3785 alendi,
1887 3720 2300 3795 Ecclesiamque
2327 3724 2420 3779 Dei
2452 3724 2563 3779 vita
2600 3724 2883 3796 verboque
2915 3730 3190 3780 venustat.

1663 3844 1866 3900 CAPUT
1904 3847 2014 3903 νη.

1376 3953 1453 4012 De
1485 3953 1815 4013 Maximino
1846 3963 1897 4013 et
1927 3954 2273 4033 Serapione.

246 4073 388 4128 Hinc
425 4070 749 4125 Maximinus
766 4070 869 4126 rite
886 4076 1011 4141 post
1030 4070 1312 4141 apostolos
1969 4071 2208 4140 Hujusce
2238 4071 2618 4142 subscripsere
2638 4071 2813 4126 sancti
2841 4070 3089 4142 epistolis

243 4164 348 4229 Qui
378 4164 514 4217 rexit
552 4161 743 4215 urbem
784 4160 956 4216 fertur
986 4161 1145 4215 istam
1174 4161 1464 4232 septimus.
1971 4165 2082 4219 Viri
2120 4166 2356 4236 probati,
2390 4166 2655 4236 pnesules
2686 4181 2747 4219 ac
2768 4172 3057 4236 martyres,

244 4253 518 4324 Serapion
550 4259 673 4323 post
698 4253 863 4318 hunc,
886 4250 993 4306 fide
1012 4251 1345 4306 clarissimus
1969 4253 2067 4317 Qui
2092 4253 2344 4324 pluribus
2373 4253 2588 4307 fervore
2617 4262 2807 4307 sancto
2840 4253 3179 4324 scriptitans,

247 4350 321 4402 Ac
345 4346 594 4401 eruditus
633 4346 837 4417 regulis
854 4344 1208 4411 authenticis,
1972 4345 2139 4399 Docet
2162 4343 2376 4410 fideles,
2411 4343 2667 4398 infideles
2694 4344 2891 4416 arguit,

246 4435 458 4501 Quibus
479 4434 678 4489 refutat
707 4433 1081 4505 improborum
1114 4433 1320 4488 umnias
1354 4451 1368 4499 ;
1814 4465 1867 4531 Ι)
1970 4433 2167 4487 Rectos
2189 4441 2390 4499 tuetur,
2421 4431 2707 4486 deviantes
2740 4432 2984 4503 corrigit,

245 4528 351 4593 Qui
390 4542 448 4581 se
479 4527 779 4597 prOphetas
805 4526 1129 4595 jactitabant
1159 4525 1404 4597 publice,
1814 4523 1858 4531 “’
1970 4525 2125 4579 Nunc
2155 4532 2280 4595 apta
2320 4523 2566 4590 firmans,
2598 4540 2747 4578 nunc
2778 4524 2967 4594 inepta
2991 4540 3265 4595 respuens
3302 4544 3315 4592 ;

248 4620 467 4676 Sanctis
486 4627 714 4692 agentes
726 4619 944 4675 vatibus
960 4619 1234 4673 contraria
1973 4616 2072 4681 Qui
2094 4615 2341 4671 Martiaui
2376 4615 2794 4686 reprehendens
2824 4615 3080 4688 dogmata

249 4714 313 4768 Et
353 4728 553 4782 spurca
582 4711 806 4765 mundis
833 4710 1148 4765 inserebant
1187 4710 1399 4764 semina
1973 4710 2233 4765 Monstrat
2253 4709 2361 4763 sibi
2384 4709 2517 4779 ipsis
2546 4708 2694 4779 quod
2726 4708 2871 4763 sient
2897 4708 3191 4763 contraria.

250 4803 390 4857 Dum
426 4800 608 4855 tritico
638 4806 1072 4873 conspergerent
1100 4797 1311 4851 Zizania
1340 4814 1353 4861 ς
1976 4804 2179 4858 Notans
2206 4819 2474 4874 sequaces
2502 4818 2642 4874 quos
2674 4802 2918 4857 dotcetas
2958 4802 3271 4869 nominant,

254 4896 354 4949 Hic
386 4892 689 4947 Maximillm
720 4892 991 4966 detegens
1032 4890 1343 4957 mendacia,
1979 4891 2279 4961 Servatque
2308 4892 2517 4965 agellos
2542 4908 2573 4945 a
2592 4891 2836 4965 maligno
2861 4890 3098 4958 semine,

256 4988 478 5041 Honore
503 4985 643 5040 vatis
673 5000 836 5056 quam
864 4984 1124 5039 colebant
1144 4982 1327 5049 inscii,
1983 4984 2040 5036 ln
2072 4983 2195 5055 quis
2226 4983 2468 5057 benigna
2498 4984 2780 5040 nutriebat
2800 4983 3068 5057 gramina.

259 5074 516 5131 Ostendit
536 5075 657 5147 ejus
686 5072 1022 5128 exsecranda
1050 5070 1297 5127 semina.

1687 5139 1897 5197 CAPUT
1936 5143 2072 5197 Vlll.

1125 5243 1204 5302 De
1232 5239 1600 5319 Asclepiade,
1638 5242 1890 5317 Phileto,
1925 5246 2203 5306 Zabenno
2234 5253 2286 5304 et
2319 5243 2582 5305 Gemino.

268 5362 367 5417 llic
386 5362 455 5417 ad
486 5375 780 5431 supernam
799 5359 929 5414 dum
950 5358 1179 5413 recessit
1202 5358 1455 5429 patriam,
1992 5360 2413 5433 Congratulatur
2441 5360 2571 5414 huic
2596 5357 2921 5426 Alexander,
2954 5358 3140 5415 datum

267 5453 625 5524 Asclepiades
655 5451 947 5522 praesulatu
968 5450 1215 5524 fungitur
1992 5451 2226 5523 Solyma:
2258 5470 2287 5507 a
2309 5452 2420 5507 Deo
2447 5466 2610 5522 quem
2639 5449 2929 5521 praesulem
2960 5451 3316 5525 signavimus.

273 5546 439 5601 Istius
469 5546 644 5609 urbis,
660 5546 803 5600 inter
833 5544 1008 5599 almos
1045 5544 1252 5598 milites
1992 5543 2187 5599 Soians
2213 5546 2464 5600 alumnos
2492 5544 2644 5598 urbis
2672 5542 2837 5611 hujus
2863 5542 3082 5609 litteris,

274 5635 634 5693 Confessione
665 5636 844 5691 clarus
861 5642 915 5690 et
938 5635 1285 5690 fortissimus.
2001 5655 2025 5685 α
2056 5635 2296 5704 Levavit,
2329 5636 2530 5708 inquit,
2564 5643 2749 5693 nostra
2771 5634 3017 5690 Christus
3036 5634 3253 5690 vincula

537 5803 815 5861 PATROL.
867 5799 1190 5859 CXXXV.
3135 5799 3206 5861 18
