3970 6200
399 242 507 298 555
1099 224 1467 292 FLODOARDI
1508 235 1809 290 CANONlCl
1852 234 2179 291 REMENSIS
2219 235 2556 291 OPUSCULA
2595 237 2905 293 METRICA.
3645 246 3756 299 556

471 373 540 427 Et
565 378 713 426 arcta
741 368 988 423 dilatavit
1018 365 1452 434 hujuscarceris,
2030 372 2084 437 Α
2177 363 2303 419 Post
2331 381 2495 436 quem
2528 365 2792 433 Philetus,
2819 367 2949 420 hinc
2976 367 3265 422 Zabennus
3290 370 3574 442 jungitur,

468 462 868 532 Asclepiadem,
901 460 1190 513 sanctitate
1221 457 1533 527 praeditum,
2181 459 2440 513 Geminus
2482 468 2674 514 senatu
2709 461 2964 531 splendet
2994 462 3156 529 hujus
3190 464 3494 535 presbyter

472 555 642 623 Hujus
672 555 880 608 honore
905 551 1164 605 culminis
1195 549 1602 624 dignissimum,
2187 549 2394 620 Lepore
2417 550 2617 618 clarus,
2651 552 2899 606 emicans
2925 553 3184 619 scientia,

471 645 975 716 Sumpsissevestra
1005 643 1247 714 comperi
1279 643 1426 714 quod
1450 639 1698 713 regmina
1745 660 1769 691 ι
2184 638 2521 694 Monimenta
2551 639 2710 694 libris
2737 641 3038 712 praedicant
3065 651 3125 696 ut
3154 642 3352 697 indita.

1902 737 2112 792 CAPUT
2157 737 2242 792 IX.

1557 840 1636 901 De
1663 848 1867 900 sancto
1897 841 2121 916 Btibyla
2151 848 2204 898 et
2242 840 2556 900 Theodoro.

468 955 681 1010 Abhinc
709 953 942 1010 Babillas
962 951 1117 1007 urbis
1144 951 1310 1020 hujus
1333 950 1579 1022 pontifex
2031 954 2085 1020 Α
2187 945 2476 1002 meectus
2501 948 2623 1016 ejus
2653 947 2844 1018 implet
2876 948 2980 1004 hoc
3005 949 3299 1016 Salustius,

472 1045 842 1102 Confessionis
868 1043 1132 1114 dignitate
1157 1042 1474 1113 praéminet:
2184 1042 2520 1113 Arctansque
2551 1043 2802 1114 quemvis
2827 1043 3197 1098 Christianum
3228 1045 3487 1115 primitus

473 1141 572 1204 Qut
605 1140 734 1193 dum
769 1138 1090 1208 frequenter
1128 1134 1480 1204 passionibus
1506 1133 1622 1187 suis
2186 1130 2301 1184 Sibi
2328 1130 2639 1184 obviantem
2672 1133 2898 1196 (nomen
2943 1133 3070 1188 huic
3096 1133 3463 1201 Theodorus),

475 1229 668 1284 Christi
698 1228 1047 1296 triumphans
1077 1223 1360 1278 extulisset
1389 1221 1642 1295 gloriam,
2189 1222 2228 1274 A
2251 1222 2372 1275 luce
2400 1221 2574 1292 prima
2603 1231 2826 1294 torquet
2857 1241 3037 1295 usque
3063 1241 3348 1296 vesperam

476 1322 535 1375 Et
561 1319 836 1374 innovatis
859 1317 1094 1370 invicem
1127 1312 1494 1384 carptoribus,
2193 1311 2524 1367 Crudelitate
2548 1320 2655 1368 tam
2680 1315 2840 1378 truci,
2874 1315 3173 1370 tortoribus

475 1410 711 1484 Flagella
741 1407 897 1462 fortis
922 1405 1235 1476 pertulisset
1263 1401 1519 1466 maxima,
2191 1407 2268 1459 Ad
2296 1406 2464 1480 ﬂagra
2495 1409 2736 1472 mutatis,
2770 1415 2828 1462 ut
2855 1425 3096 1480 unquam
3141 1410 3351 1466 diceret

474 1505 616 1558 Intra
649 1517 895 1556 caverna
921 1496 1211 1554 carceralis
1239 1495 1457 1549 vincula
2194 1502 2260 1555 Se
2293 1517 2456 1556 nemo
2494 1511 2600 1556 tam
2633 1502 2836 1556 vidisse
2868 1503 3072 1558 factum
3113 1506 3393 1560 atrociter.

472 1596 606 1649 Vitae
636 1593 873 1664 capessit
899 1591 1154 1665 gloriosm
1180 1587 1496 1642 terminum.
2201 1593 2456 1646 Pendens
2485 1594 2725 1664 equuleo
2757 1594 2855 1648 sed
2888 1594 3025 1648 nihil
3066 1603 3264 1666 praeter
3289 1597 3468 1667 pium,

473 1686 604 1740 Cum
636 1699 744 1754 quo
777 1682 1025 1736 feruntur
1052 1685 1162 1732 tres
1193 1675 1368 1730 necati
1404 1672 1612 1745 parvuli
2199 1682 2359 1736 Actus
2391 1681 2576 1754 ﬂagris
2608 1682 2736 1737 hinc
2767 1683 2895 1737 inde
2922 1682 3302 1751 saevientibus,

476 1777 817 1841 Philidanus,
849 1772 1142 1843 Epolanus,
1166 1769 1417 1824 Urbanus
1447 1766 1609 1846 simul

2199 1774 2428 1828 Dicebat
2449 1775 2711 1845 hymnum
2743 1791 2908 1846 quem
2941 1776 3171 1830 canebat
3203 1777 3399 1846 pridie.

481 1869 648 1935 Hujus
677 1866 848 1921 secuti
891 1863 1063 1918 Patris
1093 1862 1259 1915 altum
1295 1860 1593 1914 tramitem.
2200 1862 2565 1917 Considerans
2604 1864 2782 1937 egisse
2814 1865 2892 1918 nil
2922 1864 3192 1920 Salustius

478 1960 641 2028 Cujus
670 1957 816 2012 beati
849 1956 1100 2026 martyris
1128 1952 1472 2006 mausoleum
2201 1955 2544 2009 lmmanitate
2576 1965 2684 2009 tun
2715 1955 2844 2010 ferae
2875 1960 3188 2023 sententiae,

478 2051 720 2121 Daphnis
751 2048 988 2110 renidet,
1021 2045 1177 2100 urbis
1210 2045 1265 2097 in
1298 2042 1590 2097 suburbio.
2197 2050 2462 2104 Juvenem
2495 2050 2706 2120 recepit
2735 2050 3044 2121 obstupens
3072 2050 3376 2122 ergastulo,

476 2139 864 2204 Ουὶιῖυιίειηιιεν
901 2135 1166 2206 Ρθδῑίιεηδ
1192 2140 1462 2204 δροειειιειο
2206 2140 2277 2193 Ac
2309 2140 2628 2209 imperatori
2659 2141 2792 2213 quid
2821 2150 3003 2196 actum
3035 2143 3109 2197 sit
3135 2141 3325 2209 refert,

481 2237 635 2295 Dum,
670 2228 794 2283 fana
816 2226 1061 2281 Castaliae
1100 2226 1288 2279 colens
1327 2219 1675 2293 scaturiginis
2054 2271 2102 2304 ι)
2201 2230 2372 2294 Quem
2395 2240 2708 2287 commonet
2731 2248 2799 2286 ne
2832 2233 2939 2287 tale
2967 2232 3100 2304 quid
3133 2232 3202 2287 de
3233 2239 3436 2287 σείετο

482 2320 678 2374 Misero
709 2318 890 2371 litaret
922 2314 1218 2385 impudens
1246 2309 1504 2381 Apollini.
2053 2309 2105 2338 υ
2203 2322 2519 2386 Praesumat,
2554 2323 2669 2393 ipse
2697 2323 2799 2377 sibi
2827 2339 3026 2394 parans
3065 2323 3373 2388 infamiam,

482 2408 764 2478 Responsa
793 2421 896 2459 nec
927 2402 1222 2473 εῑίρυιδίυε
1252 2401 1363 2454 una
1384 2403 1646 2462 Sumeret:
2207 2411 2265 2464 Et
2297 2410 2619 2468 Christianis
2649 2413 2743 2482 qui
2788 2413 3048 2467 resistunt
3075 2413 3327 2486 gloriam.

482 2500 758 2570 Cujusque
790 2512 982 2552 causas
1008 2499 1281 2565 quzereret
1307 2489 1539 2554 silentii,
2078 2558 2084 2566 _
2206 2501 2442 2557 Minatur
2472 2519 2604 2578 ergo
2634 2504 2884 2558 Julianus
2914 2504 3186 2560 pel-sicam

481 2593 640 2647 Juxta
678 2588 901 2642 Babillae
923 2587 1083 2640 busta
1111 2582 1300 2637 haberi
1328 2579 1605 2650 martyris,
2211 2591 2268 2644 ln
2299 2591 2643 2646 Christianos
2670 2607 2820 2645 arma
2849 2599 2970 2661 post
2999 2592 3311 2660 victoriam,

481 2681 722 2736 Tandem
753 2678 939 2733 remisi
980 2676 1228 2730 detulere
1255 2675 1535 2727 dae-mones
2199 2681 2470 2754 Totasque
2509 2683 2654 2736 vires
2683 2699 2742 2737 sc
2769 2683 3024 2738 daturum
3058 2684 3252 2754 ρι-ωιίί,

485 2776 770 2844 Responsa
797 2788 857 2825 se
884 2786 995 2824 "0“
1027 2784 1186 2840 P055e
1219 2782 1389 2837 quam
1415 2764 1668 2819 Γθάίῖθνοι
2205 2776 2397 2830 Divina
2428 2777 2524 2831 sed
2555 2776 2760 2831 resistit
2783 2777 2868 2831 his
2897 2777 3230 2843 sublimitas,

483 2872 547 2924 At
577 2869 668 2922 ille
701 2882 828 2922 mox
848 2865 1036 2918 venire
1065 2862 1302 2916 Galileos
1331 2860 1494 2929 jubet

2204 2869 2462 2924 Miserum
2496 2869 2748 2943 relegans
2785 2885 2950 2940 quem
2981 2869 3256 2926 minacem
3272 2871 3541 2925 sustinet.

488 2957 1004 3030 (NamlChristianos
1034 2955 1114 3009 sic
1143 2968 1340 3008 vocare
1361 2949 1639 3017 sueverat)

2203 2961 2409 3031 Nempe
2437 2961 2595 3016 hoste
2625 2976 2799 3016 casus
2831 2959 3022 3015 abdito
3049 2960 3393 3017 subvertitur

487 3052 549 3105 Et
575 3050 704 3104 hinc
733 3046 1046 3119 sepulcrum
1081 3042 1338 3114 martyris
1380 3039 1713 3112 pr0pellere.
2211 3053 2510 3124 ﬁnemque
2541 3051 2665 3107 vim
2697 3053 2862 3106 sumit
2890 3059 3053 3123 atque
3084 3052 3340 3121 fascium,

485 3144 635 3198 Tunc
665 3139 956 3195 Christiani
986 3153 1115 3208 rege
1149 3134 1356 3189 Christo
1389 3131 1628 3204 praediti,
2209 3142 2420 3198 Christo
2450 3145 2689 3214 potentis
2719 3144 3006 3201 architecti
3043 3144 3157 3200 ﬁlio

488 3242 677 3293 Arcam
709 3237 955 3292 levantes
986 3230 1358 3304 bymnizando
1391 3226 1646 3298 martyris
2210 3234 2335 3288 Dim
2368 3232 2621 3288 locellum
2651 3232 2949 3288 fabricante
2984 3232 3184 3289 funeri,

489 3331 701 3386 Laudes
733 3329 788 3382 in
819 3325 1183 3383 exsultatione
1211 3325 1573 3392 concrepant,
2213 3322 2304 3375 Ast
2330 3321 2613 3376 intimasse
2649 3321 2880 3376 traditur
2907 3319 3230 3376 Theodorus

489 3420 658 3472 Aures
685 3415 899 3488 profani
933 3414 1198 3486 principis
1221 3428 1321 3483 per
1356 3409 1528 3464 millia
2211 3411 2379 3466 Saevis
2407 3412 2659 3467 adactum
2700 3428 2758 3466 se
2787 3429 2979 3482 parum
3003 3412 3310 3478 doloribus,

490 3508 597 3562 Sex
627 3507 954 3576 impetentes
984 3504 1098 3558 haec
1127 3500 1377 3556 canendo
1408 3497 1652 3554 carmina
1688 3513 1700 3550 :
2214 3500 2319 3554 Sed
2350 3501 2641 3555 allevatum
2673 3500 2907 3571 spiritali
2941 3501 3172 3567 lumine,

492 3601 530 3655 Ο
563 3600 794 3666 Christe,
827 3597 1238 3654 confundantur
1263 3609 1459 3649 omnes
1481 3590 1712 3655 ethnici,
2058 3643 2108 3710 C
2214 3589 2479 3644 Juvenem
2510 3588 2618 3642 sibi
2645 3588 2904 3654 astitissc,
2930 3589 3327 3645 candidissimo

496 3694 530 3710 Λ
578 3695 589 3705 ο
826 3693 865 3710 I,
923 3708 931 3710 ξ
962 3699 999 3710 ,ι
1040 3689 1408 3710 μ-γμᾼιξ--..ι,-
1440 3684 1721 3710 ,.-..1..ι;13,ι
2211 3681 2514 3710 Επιιηηῖι-ηςη
2544 3697 2603 3710 οη
2637 3680 2967 3710 οηηοη-ιῖιηηζ
2999 3679 3230 3710 nnnknan

493 3694 590 3759 Qui
609 3711 748 3749 vana
775 3693 1005 3748 adorant
1035 3689 1410 3761 supplicantes
1439 3684 1745 3756 sculptilio,
2058 3679 2108 3710 υ
2210 3681 2517 3737 Sudoribus
2544 3697 2604 3736 se
2637 3680 2970 3751 terseritqni
2999 3679 3254 3747 carbaso,

495 3788 557 3842 Et
586 3787 892 3860 gloriantur
923 3781 1016 3854 qui
1050 3781 1166 3835 suis
1197 3779 1253 3833 in
1287 3778 1471 3832 idolis.
2211 3773 2419 3842 Aquam
2451 3768 2771 3860 frequenter
2797 3767 3054 3860 frigidam
3082 3767 3176 3860 qui
3208 3765 3484 3823 infuderit

495 3856 704 3932 Coc-lum
744 3873 967 3928 resultat
996 3868 1184 3924 arduis
1209 3866 1568 3932 clamoribus,
2212 3861 2462 3931 Eumque
2479 3859 2583 3913 sub
2613 3857 2803 3913 labore
2835 3856 3176 3913 roboraverit
3211 3873 3224 3911 :

489 3969 774 4041 Tyrannus
803 3966 937 4021 atris
966 3961 1210 4017 infremit
1228 3960 1536 4016 doloribus.
2213 3951 2366 4006 Dolet
2396 3950 2542 4004 unde
2572 3949 2732 4041 fessis
2750 3947 3016 4041 hostibus
3049 3947 3196 4041 parci
3217 3946 3346 4010 sibi,

494 4037 630 4114 Tum
663 4057 998 4112 Christianos
1028 4052 1120 4107 ille
1146 4051 1369 4106 mandat
1398 4048 1576 4120 abripi
2216 4043 2282 4097 Se
2312 4039 2708 4115 gloriatusluce
2740 4037 2935 4092 Christi
2969 4037 3198 4110 perfrui.

498 4152 560 4206 Et
588 4147 825 4206 carceris
863 4155 1044 4202 trusos
1075 4143 1130 4198 in
1155 4143 1282 4198 imis
1309 4140 1454 4197 afﬁci

1941 4207 2145 4263 CAPUT
2181 4207 2243 4260 Χ.

1292 4318 1370 4376 De
1393 4316 1629 4375 ultione
1659 4315 1727 4372 in
1757 4311 2011 4390 perﬁdos
2041 4320 2092 4370 et
2124 4309 2524 4369 retributione
2550 4305 2847 4380 ﬁdelium.

498 4434 795 4504 Ipsumque
826 4428 1013 4483 fanum
1045 4426 1278 4481 fulmine
1315 4424 1474 4479 ardet
1497 4421 1717 4487 coelico,
2061 4422 2115 4489 ι)
2211 4416 2422 4471 Vacuus
2453 4418 2682 4484 repente
2712 4412 2807 4483 qui
2835 4409 3054 4466 facessit
3073 4411 3368 4504 sanguine.

499 4501 641 4578 Deus
657 4501 842 4576 favilla
870 4517 1143 4574 delitescit
1167 4515 1431 4587 Pythius:
2214 4507 2417 4579 Laquei
2448 4511 2709 4576 parantur
2739 4504 3062 4559 innocentes
3097 4501 3287 4557 fallere

498 4615 706 4689 Flagris
733 4612 946 4669 subacti
976 4611 1031 4665 id
1055 4609 1336 4664 clamitant
1359 4604 1653 4672 Neochori,
2215 4599 2525 4689 Pontesque
2552 4594 2753 4689 dapnis
2780 4593 3028 4689 sordidat
3058 4593 3401 4689 contaminc,

500 4706 559 4761 Id
585 4681 912 4760 rusticorum
942 4708 1055 4757 tota
1083 4699 1190 4754 fert
1207 4696 1431 4752 vicinia.
2214 4686 2329 4742 Cibi
2357 4685 2604 4741 forenses
2643 4683 2733 4738 hic
2755 4683 2981 4738 madent
3010 4681 3323 4756 aspergine.

499 4795 794 4853 Praefectus
815 4792 953 4847 alter
983 4795 1172 4845 sancta
1200 4785 1370 4841 mictu
1400 4782 1755 4847 attaminans,
2213 4779 2442 4845 Quidam
2470 4786 2757 4851 gementes
2788 4775 2994 4830 munda
3025 4775 3249 4830 mundis
3268 4774 3552 4843 judicant,

499 4887 811 4959 Christique
841 4883 1104 4955 templum
1127 4881 1291 4935 inane
1322 4891 1558 4933 censens
1586 4873 1837 4938 numine,
2217 4868 2445 4933 Quidam
2478 4871 2828 4921 exsecrantes
2858 4871 3130 4934 respuunt
3148 4863 3533 4934 spurcamina,

498 4953 1140 5050 Praesumptionis—digna
1164 4971 1358 5044 pendit
1376 4968 1621 5042 praemia,
2218 4959 2486 5013 Damnant
2508 4955 2764 5050 profana,
2806 4953 3453 5050 iandelucispppetunt,

499 5075 660 5135 Dum,
691 5044 1009 5142 putrefactis
1036 5044 1355 5120 abditorum
1381 5061 1662 5126 ductibus,
2219 5050 2428 5142 Palmas
2457 5047 2643 5142 adepti
2672 5047 2941 5142 dignitate
2977 5044 3209 5100 funeris.

498 5133 971 5232 Blaspliemiarum
993 5168 1209 5216 stercus
1239 5155 1395 5212 effert
1422 5168 1630 5228 organo
2217 5141 2420 5232 Bt?er
2445 5137 2950 5232 ffiPinaF‘HUidal“
2973 5143 3203 5232 (ξγδηίθε
3233 5133 3474 5190 efferum
3503 5152 3517 5189 ³

496 5227 760 5327 Saeva-ique
790 5254 976 5309 multae
1003 5259 1159 5325 peste
1198 5265 1402 5326 gnarus
1442 5227 1654 5301 interit.
2221 5229 2422 5327 Utdux_
2447 5228 2880 5327 Valentinianus,
2911 5227 3209 5301 indignans
3239 5243 3395 5282 sacra

497 5324 761 5402 Praelatus
783 5344 904 5415 ips’e
921 5324 1120 5413 probra
1144 5324 1292 5413 gaza:
1324 5337 1487 5410 regiae
2217 5325 2371 5380 Stilla
2410 5324 2710 5415 inquinari,
2741 5339 2852 5380 non
2884 5331 3101 5415 renutat
3132 5339 3413 5415 carcerem

495 5434 720 5493 Addens
750 5411 966 5500 σε’νίιιέ),
991 5435 1120 5488 dum
1148 5411 1466 5487 hachinnal,
1501 5426 1724 5490 εεπιυιο,
2219 5414 2366 5485 (167)
2396 5414 2540 5468 Laeto
2566 5411 2844 5476 ministro,
2878 5419 2971 5467 aut
3000 5411 3302 5466 iucolatum
3340 5411 3561 5482 perpeti

493 5529 718 5583 Manum
750 5525 995 5597 supremi
1027 5522 1328 5599 cognitoris
1354 5536 1464 5576 non
1489 5519 1655 5593 fugit,
2221 5505 2461 5599 Centena
2481 5504 2737 5599 adeptus,
2768 5503 2918 5558 unde
2942 5501 3116 5599 regni
3140 5517 3448 5599 purpuram

497 5613 621 5671 Oris
648 5593 834 5668 meatu
862 5614 1039 5667 fulcra
1065 5593 1306 5666 fundens
1347 5609 1618 5681 corporis,
2219 5598 2320 5654 Pro
2342 5597 2566 5653 militari
2596 5612 2724 5652 mox
2760 5593 3002 5669 capessit
3029 5595 3281 5651 baltheo.

428 5714 580 5783 (167)
611 5713 786 5768 Locus
814 5725 1123 5785 corruptus.
