3970 6200
206 378 310 433 557
734 376 816 429 DE
854 375 1217 430 TRIUMPIIIS
1259 375 1516 431 CHRISTI
1558 375 1973 431 ANTHIOCIIUE
2012 374 2231 429 GESTIS
2272 376 2446 431 LIBRI
2481 376 2637 433 DUO.
2680 409 2745 419 —
2788 379 2910 433 LIB.
2956 380 2997 435 I.
3426 384 3532 438 558

279 503 434 560 Cives
463 503 672 556 abactis
696 501 847 555 urbis
878 502 1041 569 hujus
1074 502 1352 557 mercibus
1858 511 1903 575 Α
2001 501 2251 566 Querulis
2282 510 2572 573 crepantes
2600 505 2858 559 insonant
2887 506 3169 574 conviciis,

279 596 622 650 Vesanientis
648 595 987 667 approbrant
1030 597 1297 651 socordia:
2004 590 2189 646 Barba:
2221 591 2330 646 imo
2361 598 2572 646 stamen
2604 599 2923 665 torqueatur
2943 594 3184 650 funibus.

274 688 511 741 Taurina
541 689 807 741 mundum
836 687 984 757 quod
1021 696 1138 742 erat
1167 688 1444 760 quassatio

1704 781 1914 837 CAPUT
1954 781 2041 834 XI.

1512 887 1589 945 De
1618 886 1962 946 constantia
1995 881 2241 943 Publice.

275 1031 515 1085 Matrona
546 1031 709 1085 castis
735 1030 879 1084 culta
916 1045 1017 1083 nec
1056 1044 1165 1084 non
1197 1029 1443 1083 moribus
1986 1026 2161 1081 Cboro
2192 1033 2435 1081 notatum
2459 1028 2599 1081 ridet
2633 1029 2848 1083 hostem
2886 1028 3101 1095 Publia,

277 1123 516 1188 (Tellure
548 1123 777 1191 pulcher
802 1127 1119 1191 procreatus
1138 1120 1371 1191 pullulat
1998 1117 2197 1171 Tacere
2215 1118 2369 1186 jussa
2400 1118 2634 1189 despicit
2654 1119 3013 1189 lyphaticum,

275 1211 387 1274 Qua
406 1210 507 1265 flos
531 1211 772 1265 Joannes
802 1210 963 1263 laude
995 1210 1163 1283 digna
1195 1208 1480 1279 presbyter
1790 1265 1795 1269 ,
2001 1205 2111 1259 Nec
2142 1222 2281 1261 caesa
2301 1207 2474 1277 parcit
2496 1206 2800 1261 carminare
2835 1222 3149 1262 erroneum.

278 1302 536 1376 Fugiens,
567 1302 773 1373 petitus
801 1316 968 1372 saepe,
990 1316 1205 1355 summa
1236 1300 1304 1354 ad
1338 1298 1628 1373 regmina),

1710 1397 1914 1452 CAPUT
1954 1397 2064 1450 XII.

1180 1502 1257 1560 De
1293 1501 1554 1559 Fabiano
1584 1500 1847 1577 episcopo
1876 1506 1926 1557 et
1956 1497 2385 1558 successoribus
2423 1498 2573 1573 ejus.

207 1636 335 1690 Post
365 1636 490 1691 vitze
520 1650 805 1691 excessum
827 1636 998 1690 sancti
1031 1636 1325 1709 magnique
1357 1634 1582 1689 Babillze
1845 1639 1894 1706 Β
1925 1632 2217 1703 Presbyter
2253 1632 2502 1687 ecclesiae
2534 1632 2801 1702 prudens,
2831 1632 2919 1687 cui
2957 1632 3188 1688 Malcbio
3221 1648 3422 1689 nomen
3449 1652 3461 1687 :

208 1727 464 1782 Ecclesiae
502 1729 745 1798 regimen
772 1728 1045 1798 capithac
1074 1728 1345 1782 Fabianus
1374 1729 1429 1782 in
1462 1730 1614 1793 urbe,
1927 1727 2016 1780 Vir
2054 1726 2252 1793 bonus,
2286 1734 2512 1781 ornatus
2541 1727 2753 1781 meritis
2785 1728 3047 1799 fandique
3082 1730 3309 1799 peritus,

208 1818 435 1874 Concilii
467 1820 686 1874 decreta
718 1820 801 1874 sui
836 1819 1125 1875 Cornelius
1157 1821 1310 1874 urbis
1928 1822 2183 1876 Doctrina
2204 1822 2456 1893 factoque
2483 1829 2701 1892 potens,
2733 1823 3029 1877 virtutibus
3056 1823 3219 1890 altus,

207 1910 468 1962 Romana:
500 1910 700 1979 prmsul
731 1911 819 1964 cui
854 1909 1228 1965 confirmanda
1246 1911 1469 1977 dicavit,
1929 1911 2057 1963 Cum
2100 1911 2456 1965 Samosateno
2490 1911 2575 1965 cui
2609 1911 2939 1981 disceptatio
2968 1912 3135 1966 Paulo

207 1998 335 2061 Qua:
355 1997 556 2051 feriunt
589 1998 829 2053 heresim
865 2006 1046 2052 natam
1072 2005 1296 2072 turgere
1329 1999 1540 2053 Novati.
1931 2004 2173 2059 Concilio
2201 2005 2645 2060 soliconeessum
2682 2005 2852 2059 fertur
2881 2006 2950 2059 ab
2989 2006 3161 2072 omni,

208 2086 413 2141 Scribit
443 2088 844 2141 Alexandrinus
869 2088 918 2142 ei
950 2088 1243 2159 Dionysius
1274 2089 1421 2142 unde
1929 2096 2263 2165 Scriptorum
2299 2096 2609 2167 excipiente
2641 2113 2826 2162 manu,
2861 2114 3024 2167 quam
3060 2097 3273 2151 naviter
3302 2104 3440 2163 acta,

206 2175 393 2241 Multa,
428 2183 626 2230 notans
655 2176 798 2231 istud
821 2194 985 2248 quam
1014 2178 1085 2232 sit
1115 2178 1427 2231 damnabile
1456 2178 1674 2251 dogma.
1930 2186 2191 2240 Servatur
2223 2194 2421 2241 cuncto
2453 2187 2621 2240 veluti
2646 2186 2920 2241 mirabilis
2947 2203 3082 2241 aevo.

205 2268 481 2322 Successit
508 2268 781 2324 cathedra
813 2270 1035 2323 Fabiani
1070 2271 1468 2334 Demetrianus,
1929 2278 2089 2331 Solus
2120 2278 2267 2331 enim
2287 2278 2527 2348 propriis
2550 2278 2725 2347 potuit
2756 2278 2966 2332 vincire
2993 2277 3219 2348 profatis

207 2357 302 2410 (ἶυί
334 2357 532 2411 Ρᾶυιυε
561 2358 971 2419 δειῐηοδᾶῐοηυει
1008 2360 1124 2429 (ἰαί,
1156 2360 1406 2429 regmine
1440 2367 1679 2429 sumpto,
1930 2370 2002 2422 Ac
2034 2376 2335 2423 monstrare
2366 2369 2543 2439 palam
2580 2370 2805 2423 Paulum
2840 2386 2897 2424 se
2939 2370 3406 2435 dissimulantem;

209 2448 418 2503 Erroris
438 2448 592 2518 lepra
631 2448 830 2503 Christi
858 2449 1151 2502 maculavit
1174 2450 1338 2511 ovile,

1932 2460 2092 2515 Solus
2123 2461 2190 2514 ab
2225 2461 2456 2515 internis
2479 2478 2716 2534 anguem
2751 2462 3039 2517 exturbare
3069 2461 3337 2525 cavernis,

207 2536 287 2590 De
315 2537 546 2591 Domino
564 2537 843 2591 malesana
875 2538 1079 2603 ferens,
1109 2538 1238 2590 dum
1269 2537 1538 2607 simplicis
1570 2538 1720 2592 illum
1933 2550 2246 2620 Deprensus
2277 2552 2421 2605 clara
2453 2552 2744 2605 damnatur
2770 2567 2905 2606 voce
2936 2550 3253 2621 chelydms;

208 2628 426 2684 Natura:
452 2636 659 2684 tantum
691 2630 854 2685 docet
886 2631 1250 2701 humanaeque
1282 2630 1473 2696 fuisse,

1933 2641 2374 2713 Monstraturque
2409 2643 2586 2713 palam
2618 2650 2735 2697 toto
2768 2643 3101 2697 damnabilis
3126 2642 3281 2697 orbe.

208 2723 464 2778 Divinum
500 2724 682 2777 nitens
715 2723 767 2776 in
800 2738 866 2777 ρο
905 2739 1138 2777 vacuare
1170 2723 1447 2777 decorem-
1932 2732 2189 2801 Deposito
2225 2732 2329 2785 hoc
2361 2732 2607 2786 Domnus
2639 2732 2837 2802 prsesul
2870 2732 3079 2786 latrone
3112 2732 3338 2786 levatur.

205 2815 553 2870 Conveniunt
574 2815 743 2888 igitur
772 2831 1030 2886 proceres
1064 2815 1270 2885 pietate
1310 2815 1502 2869 viriles
1934 2823 2061 2877 Post
2092 2838 2254 2894 quem
2289 2822 2567 2893 pontiﬁcis
2588 2823 2835 2894 suscepit
2859 2824 2984 2892 jura
3014 2824 3268 2877 Timzuus.

206 2905 569 2975 Pastoresque
592 2903 745 2970 boni,
786 2903 958 2957 Galliis
989 2904 1199 2957 belva!“
1238 2904 1595 2958 ίηδίάίίιιηθῐη
1856 2962 1899 2986 η
1938 2915 2046 2969 Hoc
2076 2931 2296 2986 quoque
2339 2915 2599 2970 defuncto
2622 2917 2891 2970 successit
2922 2916 3132 2970 honore
3162 2915 3415 2985 Cyrillus,

208 2962 538 3059 Discutiunt,
562 2994 847 3065 multoque
878 3003 1133 3064 premunt
1163 2994 1401 3049 clamore
1436 2994 1715 3048 latentem.

1938 2962 2045 2969 """'
2079 2962 2294 2986 Ί“’““’Ὶ“““’
2342 2962 2597 2970 “‘"“‘"""’
2623 2962 2890 2970 """""‘"’"
2924 2962 3132 2970 "“’""""
3167 2962 3415 2985 "J""“""

1929 3008 2100 3070 Quem
2137 3007 2388 3077 sequitur
2416 3008 2749 3074 Dorotheus,
2794 3007 2983 3062 divino
3024 3008 3279 3081 dogmate
3311 3007 3490 3061 clarus

212 3086 274 3138 In
296 3084 497 3156 quibus
529 3084 775 3158 insignes
814 3083 1041 3137 aderant
1074 3083 1327 3154 famaque
1359 3082 1613 3136 celebres

1932 3099 1992 3153 Et
2021 3097 2151 3152 satis
2176 3098 2445 3165 intentus,
2480 3116 2650 3171 quare
2683 3099 2946 3153 didicisse
2967 3098 3237 3170 loquelam

210 3176 597 3247 Cappadocum
628 3177 810 3249 gentis
832 3176 1033 3247 prazsul
1068 3183 1195 3229 tunc
1227 3175 1594 3241 Firmilianus,

1932 3186 2186 3241 Traditur
2220 3186 2567 3253 Hebraicam,
2599 3187 2785 3243 Graeco
2814 3204 3071 3243 sermone
3104 3188 3362 3242 disertus.

211 3264 509 3339 Gregorius
539 3265 718 3324 Ροηῐί.
757 3267 1029 3335 fraterque
1064 3263 1468 3331 AlhenOdOWS,
1499 3270 1665 3334 atque
1934 3276 2123 3330 Fertur
2156 3276 2245 3330 hic
2277 3277 2568 3330 eunuchus
2602 3277 2793 3331 matris
2824 3278 2892 3333 de
2923 3287 3113 3332 ventre
3136 3276 3328 3343 fuisse,

216 3357 391 3411 Ieonii
413 3356 725 3421 Nichomas,
760 3357 1000 3411 Helenus
1031 3357 1341 3421 Sardensis,
1365 3364 1417 3410 et
1440 3357 1637 3410 horum
1938 3367 2093 3421 Unde
2122 3373 2176 3420 et
2197 3366 2343 3437 apud
2369 3382 2527 3439 reges
2558 3374 2839 3422 terrenum
2863 3369 3098 3440 sumpsit
3121 3369 3412 3423 honorem.

213 3447 535 3517 Praecipuus
555 3447 773 3502 Solimze
798 3448 997 3518 praesul
1024 3449 1353 3519 Hymeneus,
1387 3454 1441 3501 et
1463 3449 1584 3516 ejus

1941 3458 1977 3511 A
2000 3458 2230 3513 Domino
2262 3466 2470 3529 partem
2501 3476 2721 3531 quoque
2748 3462 3075 3535 pignoribus
3105 3462 3418 3517 meliorem.

216 3539 352 3593 Urbi
384 3540 597 3594 vicinus
621 3539 956 3614 Theotignus
987 3539 1370 3602 Czesariensis;
1944 3547 2180 3621 Erigitur
2204 3549 2402 3617 praesul
2434 3564 2544 3619 quo
2569 3549 2875 3604 decedente
2905 3552 3211 3622 Tyrannus,

219 3627 488 3681 Maximus
514 3635 566 3681 et
593 3628 805 3699 synodo
838 3628 1146 3683 Bostrensis
1178 3628 1409 3681 idoneus
1438 3629 1661 3694 horum;
1946 3636 2203 3690 EccleSize
2231 3636 2449 3691 fervens
2476 3637 2576 3691 sub
2611 3652 2721 3708 quo
2742 3638 3024 3693 tribulatio
3047 3641 3219 3695 crevit

218 3718 351 3773 Cum
395 3720 599 3789 quibus
630 3729 685 3775 et
711 3721 865 3775 multi
893 3720 1061 3774 variis
1098 3737 1127 3775 Ο
1157 3722 1407 3791 partibus
1436 3722 1584 3775 OI‘IJIS
1947 3732 2117 3795 Quam
2151 3731 2377 3786 rabidus
2409 3731 2559 3786 furor
2584 3733 2839 3786 accendit
2870 3733 3217 3801 Diocletiani,

224 3811 523 3866 Pontifices
552 3813 716 3879 sacri,
749 3812 928 3868 levita:
961 3812 1403 3885 presbyteriquc,
1948 3825 2271 3900 Omnigenis
2301 3832 2520 3880 sanctos
2559 3824 2740 3896 ptenis
2771 3842 2878 3896 qua
2900 3826 3106 3881 vellere
3134 3827 3300 3901 legit;

220 3904 332 3958 IIac
379 3903 572 3959 urbem
603 3921 768 3960 causa
802 3905 1003 3960 conciti
1037 3905 1181 3975 apud
1211 3905 1606 3960 Antiochenam

1949 3917 2300 3990 Diversisque
2328 3918 2508 3974 modis
2539 3918 2785 3973 diversas
2826 3918 2956 3972 dum
2989 3919 3168 3989 quatit
3208 3922 3396 3988 urbes,

221 3995 479 4067 Obloquii
511 4003 699 4052 contra
729 3996 1056 4071 fugitantem
1087 3997 1300 4067 spicula
1320 3997 1547 4053 mittunt
1950 4006 2237 4063 Craticulis
2269 4009 2373 4064 hac
2401 4008 2541 4063 urbe
2568 4007 2645 4078 pii
2674 4014 2954 4063 torrentur
2983 4008 3183 4074 adusti,

222 4088 552 4157 Serpentem
592 4087 779 4141 multis
800 4088 931 4142 dum
966 4088 1178 4142 lusibus
1210 4086 1399 4163 effugit
1422 4097 1596 4155 aclUS,
1952 4097 2276 4169 Comprensi
2309 4100 2511 4170 hicque
2550 4099 2660 4154 duo
2686 4099 2942 4167 juvenes,
2979 4098 3178 4153 virtute
3209 4100 3433 4171 gemelli

224 4175 574 4230 Conveniunt
618 4177 946 4248 iterumque,
988 4177 1295 4248 iterumque
1339 4177 1607 4231 relabitur
1627 4176 1844 4248 anguis,
1950 4188 2068 4244 Non
2101 4195 2254 4255 nam,
2289 4188 2464 4243 libare
2497 4188 2604 4242 diis
2643 4188 2921 4244 ducuntur
2947 4188 3011 4242 ad
3045 4203 3167 4241 ams

225 4266 573 4322 Concurrunt
600 4284 823 4340 quoque
854 4269 1155 4336 multoties,
1195 4270 1323 4323 dum
1356 4270 1582 4323 numine
1614 4268 1735 4323 fulti
1953 4277 2288 4349 Injectisque
2319 4276 2443 4332 foco
2475 4276 2755 4344 manibus,
2794 4303 2816 4324 (ι
2854 4278 3075 4331 Libasse
3108 4282 3295 4345 putate

226 4358 444 4425 Divino,
475 4361 743 4415 tumidum
777 4361 994 4416 tandem
1023 4377 1352 4431 oppressere
1384 4362 1700 4417 draconem.
1954 4367 2082 4433 Nos,
2111 4367 2287 4433 aiunt,
2318 4366 2365 4420 si
2406 4366 2544 4420 forte
2574 4382 2773 4420 manus
2803 4366 3164 4420 subducimus
3193 4363 3331 4435 igni.
3374 4384 3401 4411 ν

224 4447 303 4500 Ad
335 4446 553 4520 figenda
578 4454 759 4503 tamen
791 4449 1014 4504 sinuosa
1046 4450 1329 4505 volumina
1369 4452 1597 4506 monstri
1878 4522 1915 4528 _
1958 4456 2108 4511 Dicta
2134 4456 2385 4527 probavit
2414 4471 2577 4527 epus,
2606 4455 2801 4525 palma:
2834 4472 2935 4511 nec
2966 4456 3034 4509 ab
3064 4454 3193 4528 igne
3226 4458 3449 4506 remotae

227 4541 423 4610 Hujus,
457 4543 733 4616 praecipue
754 4543 925 4599 valuit
950 4544 1170 4616 quidam
1211 4544 1568 4601 Antiochena
1876 4522 1931 4591 D
1958 4549 2144 4604 Donec
2171 4556 2282 4605 tota
2306 4550 2513 4606 cadens
2536 4565 2798 4605 manuum
2830 4565 2957 4605 caro
2988 4547 3145 4604 ﬂuxit
3180 4547 3232 4599 in
3267 4546 3442 4616 ignes.

1716 4693 1925 4751 CAPUT
1964 4697 2104 4752 XIII.

1398 4796 1476 4856 De
1512 4798 1738 4856 sanctis
1767 4796 2023 4861 Iuliano
2055 4809 2106 4859 et
2133 4799 2440 4859 Basilissa.

230 4928 341 4983 Hac
360 4924 499 4980 urbe
520 4930 723 4980 sancta:
746 4925 998 4980 Julianus
1029 4925 1232 4982 indolis
1971 4932 2191 5003 Septem
2224 4930 2437 4986 dierum
2468 4931 2562 5002 qui
2593 4939 2791 5001 petens
2820 4931 3093 4995 inducias,

232 5020 457 5076 Nitebat
476 5020 671 5087 almus,
696 5021 950 5075 eminens
970 5020 1288 5090 virtutibus,
1972 5021 2233 5077 Oratione
2257 5019 2425 5075 fultus
2457 5029 2512 5075 et
2535 5020 2771 5089 jejunio.

234 5116 449 5180 Quibus
487 5115 579 5187 pia
608 5114 842 5170 ﬂorebat
871 5130 934 5170 ex
962 5114 1216 5183 infantia,
1972 5113 2183 5169 Summi
2213 5113 2553 5168 voluntatem
2582 5113 2814 5183 requirit
2844 5112 3070 5178 Arbitri,

237 5206 560 5276 Quibusque
591 5220 845 5260 crescens
874 5204 961 5259 bis
990 5220 1185 5259 novem
1215 5214 1509 5277 peregerat
1974 5210 2328 5280 Tandemque
2356 5207 2522 5263 sumit
2548 5208 2669 5275 ejus
2699 5208 2804 5263 hoc
2827 5207 3133 5271 oraculum,

234 5298 472 5354 Adultus
500 5312 700 5365 annos,
729 5297 869 5372 legis
902 5297 959 5350 in
990 5297 1227 5353 scientia
1980 5299 2063 5353 Uti
2095 5306 2382 5369 parentum
2410 5303 2536 5352 vota
2565 5295 2721 5350 taedis
2753 5294 3002 5365 impleat,

236 5387 336 5443 Dei
368 5386 629 5441 laborans
654 5386 882 5440 sedulus
914 5393 1075 5440 nocte
1106 5401 1169 5442 ac
1199 5386 1290 5439 die
1980 5393 2092 5447 Nec
2123 5392 2471 5467 conjugalem
2504 5390 2758 5462 cepulam
2792 5390 3131 5460 perhorreat,

240 5482 305 5535 Αἰ
336 5480 469 5535 dum
500 5478 719 5533 renidet
749 5478 948 5533 unicus
979 5478 1318 5546 Parentibus,
1983 5488 2098 5552 Qua
2129 5504 2239 5542 non
2273 5487 2541 5559 pudorem
2573 5485 2897 5559 conjugatus
2927 5483 3223 5555 perderet:

240 5571 441 5628 Uxoris
464 5570 607 5624 hunc
632 5569 837 5624 vineil‘e
859 5567 1228 5623 contubernio
1988 5579 2329 5653 Integritatis
2359 5577 2689 5650 complicem
2721 5576 2854 5648 quin
2874 5581 3135 5631 sumeret.

243 5663 526 5724 Nituntur,
554 5666 715 5730 atque
747 5664 1098 5729 respuentem
1120 5663 1481 5711 commonent
1989 5665 2102 5720 Hoc
2121 5668 2407 5723 roboratus
2426 5667 2511 5722 vir
2548 5667 2765 5740 pudens
2794 5666 3040 5732 oraculo,

245 5752 404 5809 Pauli
433 5750 583 5805 beati
615 5748 833 5823 paginis
864 5745 1124 5815 apostoli-
1988 5755 2191 5811 Audire
2220 5758 2372 5829 jussa
2402 5772 2459 5813 se
2492 5758 2765 5815 editorum
2797 5754 3029 5812 rettulit.
