3970 6200
435 283 540 337 559
1190 283 1556 339 FLODOARDI
1596 284 1902 341 CANONlCl
1943 285 2271 341 REMENSIS
2309 285 2645 343 OPUSCULA
2683 285 2995 342 METRICA.

438 409 687 463 Gaudent
715 414 989 478 parentes,
1019 425 1081 463 ac
1109 410 1402 481 requirunt
1441 411 1704 472 nobilem.
2071 419 2123 484 Α
2147 411 2390 468 Tradunt
2421 414 2702 470 ministros
2731 421 2786 468 et
2815 414 3133 470 sacerdotes
3150 429 3306 489 rogo,

440 496 552 551 Mox
577 495 746 550 nobili
775 512 896 565 qna:
929 504 1261 563 necteretur,
1291 497 1584 570 virginem.
2150 504 2486 574 omnemque
2514 505 2744 570 clerum,
2773 504 2868 575 qui
2902 513 3096 574 petens
3121 504 3316 559 solatia

438 587 672 639 Favente
705 583 914 638 Christo
943 586 1260 655 repperitur
1285 591 1574 643 commoda
2147 596 2296 650 Tunc
2327 597 2393 650 ad
2425 597 2642 651 beatum
2669 596 2950 651 Julianum
2983 607 3207 652 venerat

438 676 563 740 Quae
583 686 731 730 casta
758 682 906 730 casto
931 676 1264 750 jungeretur
1289 694 1550 751 congrue.
2149 687 2538 740 Examinantur
2567 687 2693 759 igne
2725 686 2921 741 Christi
2950 687 3189 753 milites;

437 766 708 832 Basilissa,
735 764 898 820 claris
925 766 1188 835 prodiens
1219 767 1514 832 natalibus,
2149 776 2429 830 Conﬂatur
2457 793 2649 831 aurum
2685 777 2789 832 hoc
2817 775 3034 832 camino
3065 777 3442 848 splendidum,

437 859 532 912 Die
563 864 763 913 statuta
791 858 1109 928 nuptiarum
1132 858 1353 932 largiter
2149 868 2210 921 Et
2230 875 2356 922 ante
2396 868 2585 922 sedem
2619 869 2764 944 regis
2791 869 2885 923 alti
2920 877 3186 940 martyres

438 952 614 1021 Dapes
644 958 924 1022 parantur,
957 952 1274 1007 convocatis
1302 951 1586 1022 plurimis;
2148 957 2526 1030 Fulgentiores
2555 957 2677 1012 luce
2719 964 2959 1032 pergunt
2987 973 3187 1023 aurea;

436 1047 730 1100 Thalamus
760 1047 988 1111 locatur,
1021 1046 1175 1120 virgo
1203 1046 1357 1101 ducit
1383 1047 1651 1118 virginem
1680 1067 1692 1104 :
2148 1045 2224 1098 Ad
2252 1045 2412 1100 busta
2441 1062 2673 1116 Quorum
2706 1047 2968 1102 sanitates
2998 1047 3252 1118 plurimae

441 1139 649 1192 lntrant
677 1136 883 1203 cubile,
923 1137 1533 1209 sentiuntfragrantiam
2149 1134 2452 1201 Patrantur,
2495 1136 2683 1206 hymni
2712 1144 3050 1208 concrepant
3077 1136 3408 1192 caelestium.

438 1223 595 1278 Velut
622 1240 868 1278 rosarum
901 1241 964 1280 ac
996 1226 1231 1281 liliorum
1263 1226 1440 1297 copia.
2150 1224 2348 1278 Beatus
2376 1241 2507 1298 ergo
2535 1225 2788 1280 Julianus
2816 1227 3022 1281 carceri

439 1317 688 1388 Sponsus
717 1321 920 1374 revelat
949 1320 1096 1374 hunc
1122 1321 1349 1375 odorem
1382 1321 1599 1376 coalitus
2147 1315 2280 1372 Tum
2314 1319 2678 1389 mancipatur,
2719 1321 3068 1374 exhibendus
3096 1319 3341 1390 prtesidi-

437 1409 655 1463 Missum
685 1425 952 1476 rosarum,
983 1427 1106 1466 cum
1139 1428 1242 1466 nec
1275 1421 1463 1466 essent
1483 1419 1750 1485 tempora,
2151 1409 2283 1464 Nam
2312 1417 2498 1464 sancta
2521 1410 2636 1478 jam
2666 1410 2917 1466 Basilissa
2943 1413 3401 1484 commigraverat

437 1504 547 1558 Nec
576 1505 626 1558 id
654 1505 836 1560 cubile
852 1516 1202 1581 spargeretur
1223 1508 1487 1562 ﬂoribus:
2150 1498 2227 1551 Ad
2259 1501 2579 1572 angelorum
2610 1500 2754 1554 clara
2781 1501 3163 1563 contubernia.

438 1593 557 1647 Hinc
586 1595 850 1649 castitatis
879 1611 1000 1650 esse
1029 1597 1189 1670 signa
1219 1597 1440 1667 ριιωνῑει,
2151 1587 2357 1642 Vallata
2389 1589 2580 1643 turmis
2609 1590 2918 1645 candidatis
2946 1590 3222 1664 virginum

439 1688 666 1743 Servare
695 1689 941 1744 Christus
967 1707 1130 1761 quam
1153 1691 1393 1758 juberet.
1424 1692 1654 1764 gloriam
2081 1733 2128 1764 η
2153 1678 2446 1751 Niveisque
2477 1689 2695 1754 compta
2719 1682 2961 1738 liliorum
2988 1682 3235 1738 ﬂoribus.

440 1782 503 1836 Ut
529 1784 851 1856 angelorum
876 1784 1349 1856 comprehendant
1379 1787 1601 1841 caelibes
1626 1806 1638 1841 :
2083 1770 2128 1800 u
2152 1770 2367 1824 “me”
2398 1771 2818 1828 fortiSJunanus
2851 1775 3074 1844 Ρτίθδίάί

439 1874 650 1930 lmbuta
679 1893 833 1932 sacro
861 1892 1065 1948 sponsa
1094 1879 1216 1933 οωιί
1250 1886 1491 1939 nectare.

2151 1869 2398 1935 Oblatus,
2427 1868 2620 1942 anguis
2648 1867 2922 1942 ﬂagitatur
2951 1867 3117 1921 sibilo

439 1968 648 2022 Gaudet
674 1969 902 2039 pudoris
931 1970 1175 2024 dedicari
1206 1977 1514 2036 stemmate,

2150 1954 2505 2009 Terrestrium
2541 1967 2757 2027 patrare
2791 1959 2945 2027 jussa
2980 1959 3315 2030 principum,

440 2057 499 2110 Et
529 2058 841 2112 caelibatum
874 2059 998 2112 laeta
1030 2058 1248 2128 praefert
1273 2060 1506 2129 c0pulie.
2155 2044 2216 2097 Et
2247 2046 2638 2116 imperatorum
2668 2047 2910 2103 favorem
2939 2051 3227 2122 οοηδθίῖυίο

439 2150 746 2206 Firmantur
774 2169 905 2226 ergo
943 2165 1072 2208 vota
1102 2155 1466 2209 contubernio
2159 2134 2373 2226 Rerum
2395 2136 2486 2190 me
2522 2137 2774 2192 Μθτίίδηί
2808 2139 3039 2206 ηαδηίδεν

441 2239 505 2293 Ut
533 2241 810 2314 conjugali
843 2225 1162 2297 intaminata
1194 2245 1416 2298 castitas
2160 2225 2502 2297 Dominoque
2533 2243 2661 2282 vero
2688 2228 3038 2283 serviendum
3073 2228 3358 2300 praedicat,

440 2333 772 2402 Enutriamr’
804 2353 942 2392 vana
969 2338 1147 2392 vitans
1174 2339 1413 2410 gaudia;
2155 2317 2253 2410 Qui
2286 2331 2460 2388 regna
2487 2318 2638 2372 solus
2669 2317 2923 2373 universa
2953 2319 3220 2374 continet.

438 2427 499 2482 Et
527 2445 650 2500 qua,
680 2437 942 2500 putamur
970 2432 1152 2487 carnis
1177 2408 1298 2488 esse
1327 2433 1533 2489 (Φάραξ
2155 2408 2253 2474 Qui
2277 2425 2406 2464 vero
2429 2409 2660 2465 adorant
2685 2411 3038 2482 impudenter
3067 2410 3346 2481 sculptile,

439 2516 592 2572 piam
623 2518 797 2573 beam,
835 2529 983 2575 casm
1007 2521 1130 2576 vim,
1163 2521 1354 2576 femora
2157 2500 2347 2555 Errore
2377 2517 2554 2556 caecos
2585 2502 2718 2556 dicit
2749 2511 2917 2574 atque
2949 2503 3247 2558 morbidos.

441 2605 566 2660 Post
595 2607 730 2674 haec,
764 2606 915 2662 brevi
943 2618 1163 2663 meante
1195 2625 1359 2664 cursu
1393 2611 1658 2680 temporis
2159 2593 2282 2648 "me
2313 2601 2370 2647 ιη
2402 2595 2619 2650 loculus
2651 2594 2888 2667 indi/"13
2919 2596 3021 2664 νίν,
3051 2597 3282 2651 "aditu"

438 2696 740 2768 Utrumque
771 2697 1047 2754 defunctis
1070 2700 1173 2753 sibi
1197 2701 1542 2769 parentibus,
2159 2688 2318 2743 Duris
2345 2690 2539 2744 acerbe
2564 2690 2856 2745 laniandus
2887 2691 3145 2758 Ϊυειίδιιεν

439 2791 534 2845 Pio
565 2799 863 2861 capescunt
879 2792 1004 2858 jure
1045 2793 1395 2863 patrimonia,
2160 2781 2294 2834 Dum
2329 2781 2574 2836 membra
2596 2798 2742 2838 83³3νο
2767 2791 3123 2854 proteruntur
3148 2783 3399 2839 verbere.

442 2879 503 2934 ει
532 2887 719 2933 sancta
741 2879 923 2954 dignis
951 2887 1074 2936 νοιει
1101 2891 1359 2952 promum
1385 2883 1631 2951 actibus;
2160 2870 2423 2924 Grassans
2443 2871 2680 2926 ocellum
2703 2871 2900 2927 verber
2929 2872 3106 2926 aufert
3135 2872 3350 2940 militis,

440 2969 827 3024 Possessiones
856 2986 1095 3040 namque
1127 2977 1286 3024 terra?
1303 2971 1594 3027 conferunt

1559 2980 1594 3027 η
2160 2959 2300 3014 Deos
2329 2969 2584 3030 precatur
2613 2959 2908 3015 Martianus
2939 2959 3127 3015 fusiles

442 3059 797 3116 "terminales
824 3061 972 3116 unde
995 3061 1118 3116 οωιί
1147 3071 1486 3133 comparant.
1639 3109 1646 3116 Α
2082 3100 2128 3133 ρ
2159 3048 2449 3121 Poscitque
2481 3051 2666 3104 lumen
2695 3050 2851 3104 reddi
2880 3049 3134 3106 abactum
3167 3049 3350 3106 militi.

444 3100 797 3116 ..ιυυυηιηυο
828 3100 972 3116 um...
995 3100 1118 3116 cu...
1147 3100 1486 3133 w...,,.........
1639 3109 1646 3116 .
2160 3100 2178 3102 —
2209 3100 2444 3121 ν--ητη
2481 3100 2666 3104 ——~--——
2696 3100 2851 3104 --——-
2884 3100 3134 3106 -ηηη--η

440 3150 614 3203 Cellas
646 3150 884 3224 benigne
915 3159 1240 3206 construunt
1271 3154 1623 3222 monasticas,
2082 3100 2130 3167 Ο
2162 3138 2346 3194 Ruunt
2375 3145 2607 3209 repente
2647 3138 2776 3193 dum
2810 3139 2996 3194 matur
3025 3140 3210 3195 omnia

439 3244 770 3314 Animasque
802 3243 1074 3298 Christum
1109 3244 1407 3319 diligentes
1437 3247 1728 3323 colligunt.
2159 3230 2220 3283 Et
2250 3229 2590 3284 comminuta
2618 3229 2958 3301 dissipantur
2995 3230 3162 3285 idola-

443 3333 536 3386 Hic
564 3331 647 3386 vir
669 3332 906 3387 virorum
940 3350 1284 3408 congregans
1307 3337 1580 3392 exercitus
2161 3325 2357 3379 Beatus
2375 3332 2559 3379 amem
2587 3325 2840 3381 δυιίδιιιιε
2869 3325 3162 3397 Palpebras

441 3422 638 3476 Contra
661 3421 961 3495 phalanges
993 3425 1310 3494 przeliantes
1338 3425 1649 3481 diemonum
2161 3413 2295 3467 Dum
2317 3413 2672 3487 ίδηὲίίοτδηδ
2700 3413 2973 3468 vvlnera“
2995 3413 3209 3482 minus:

441 3509 564 3564 Haec
593 3510 747 3583 virgo
773 3511 1044 3583 virginum
1079 3513 1271 3588 legens
1311 3515 1589 3569 consortia
2161 3500 2430 3556 Christum
2458 3510 2678 3574 recepto
2708 3501 2893 3557 laudat
2912 3501 3006 3557 ille
3047 3503 3276 3559 lumine.

440 3599 635 3654 Contra
656 3599 912 3656 draconis
945 3601 1228 3656 machinas
1261 3603 1543 3658 luctantia.

2161 3593 2315 3648 Hunc
2347 3609 2552 3665 praeses
2581 3595 2649 3649 ad
2679 3593 3091 3650 confessionem
3123 3596 3367 3652 nominis

439 3691 728 3748 Crescebat
758 3710 823 3748 ex
853 3695 941 3748 his
969 3695 1265 3750 multitudo
1293 3697 1551 3762 maxima,
2160 3686 2330 3754 Hujus
2351 3687 2605 3753 tFUCidat-i
2638 3703 2804 3758 quem
2836 3687 3048 3742 οιύονίε
3078 3686 3307 3743 ﬂumine

443 3784 610 3856 Hujus
637 3786 957 3858 relinquens
989 3787 1176 3841 smculi
1194 3788 1466 3861 contagia,
2161 3779 2348 3835 Lotum
2381 3781 2716 3852 Redemptor
2732 3782 3073 3837 consecravit
3103 3789 3422 3854 martyrem.

509 3880 715 3935 Videns
745 3881 1017 3955 malignus
1047 3881 1200 3935 lucra
1228 3881 1351 3936 cceli
1383 3897 1653 3950 crescere,
2155 3873 2385 3929 Posthac
2413 3873 2607 3928 beatus
2626 3873 2880 3928 Julianus
2908 3873 3128 3930 ducitur

439 3970 630 4026 Livore
661 3979 801 4026 tetro
817 3971 1125 4025 concitatus
1145 3970 1386 4046 angitur,

2153 3961 2289 4016 Dum
2321 3977 2417 4031 per
2437 3961 2646 4032 plateas
2671 3962 2822 4017 urbis
2843 3961 2914 4017 ob
2945 3962 3339 4032 spectaculum.

439 4060 664 4133 lnstigat
693 4066 747 4114 et
776 4059 1176 4114 Diocletianum
1209 4061 1539 4132 principem,

1494 4079 1539 4127 τι,
2151 4052 2313 4107 Videt
2337 4068 2598 4107 coronam
2629 4052 2874 4107 Martiani
2915 4051 3062 4109 filius

440 4150 504 4204 Ut
534 4152 602 4204 ad
633 4150 849 4221 piorum
879 4149 1158 4220 punienda
1189 4151 1440 4204 examina
2152 4146 2299 4201 Ferri
2327 4163 2566 4218 superne
2593 4147 2811 4204 Juliano
2841 4147 2910 4202 ab
2942 4148 3181 4222 angelis;

435 4242 785 4296 Transmittat
823 4241 1000 4296 isthuc
1027 4241 1348 4297 Martianum
1384 4242 1698 4314 praisidem,
1801 4241 1814 4252 ’
2157 4243 2486 4315 Fultumque
2517 4260 2752 4299 cernens
2782 4245 2932 4300 hunc
2959 4245 3169 4301 honore
3187 4246 3436 4303 caelitum

437 4336 536 4400 Qui
572 4335 907 4389 Christianos
936 4335 1065 4388 dum
1100 4343 1356 4410 perurget
1387 4337 1571 4402 idolis,
2155 4333 2367 4402 Abjecit
2392 4349 2586 4390 omnes
2615 4350 2753 4406 quas
2783 4333 3003 4407 legebat
3029 4335 3276 4410 paginas,

440 4428 626 4482 Fidem
659 4427 806 4482 beati
835 4427 1035 4482 Juliani
1057 4429 1348 4499 comperit,
2075 4454 2132 4522 D
2152 4425 2478 4522 Yestemque
2502 4426 2699 4522 patris;
2727 4425 2929 4522 Iuliani
2962 4427 3206 4522 tegmina

438 4520 572 4575 Mori
600 4529 815 4590 paratos
844 4520 989 4592 quod
1021 4519 1230 4575 foveret
1261 4521 1565 4591 plurimos;
2075 4519 2113 4522 —
2151 4519 2349 4575 Petens
2387 4519 2636 4591 requirit,
2664 4519 2944 4575 osculatur
2969 4521 3218 4586 vulnera,

440 4612 771 4684 Mittensque
803 4612 1025 4667 mandat
1053 4611 1272 4667 Juliano
1290 4613 1602 4684 principum
2153 4612 2479 4684 Patremque
2510 4613 2689 4668 solum
2730 4613 2878 4668 hunc
2906 4613 3221 4680 confitetur,
3254 4625 3309 4670 et
3340 4617 3534 4673 Deum.

437 4705 668 4760 Decreta
689 4705 839 4772 faxit,
873 4721 937 4760 ac
955 4703 1071 4759 suis
1092 4705 1223 4759 libet
1248 4705 1374 4771 diis,
2155 4699 2279 4754 Haec
2301 4716 2505 4770 praeses
2535 4700 2709 4767 audit,
2740 4700 2896 4756 audit
2923 4701 3104 4756 omnis
3133 4703 3346 4769 civitas,

439 4797 694 4852 Hortetur
712 4803 767 4851 et
790 4795 946 4851 litare
975 4811 1162 4850 secum
1193 4803 1444 4863 ceteros,
2151 4789 2317 4846 Jubet
2345 4797 2610 4862 tyrannus
2629 4792 2870 4863 separari
2903 4791 3077 4847 filium

438 4885 746 4941 Contemnit
773 4887 892 4941 haec
921 4884 1179 4939 mandata
1200 4892 1425 4940 sanctus
1453 4883 1726 4956 praesidis,
2153 4881 2193 4934 Α
2222 4880 2397 4935 Patris
2425 4880 2553 4935 almi
2581 4880 2782 4936 Iuliani
2814 4880 3181 4952 amplexibus.

437 4977 730 5047 Monetque
754 4973 951 5030 Christi
970 4974 1282 5030 roboranda
1312 4974 1518 5029 milites
2151 4969 2386 5048 :I‘entant
2413 4969 2673 5039 ministri,
2707 4973 3108 5028 contrahuntur
3136 4973 3385 5045 brachia,
3460 4965 3470 4972 ’

436 5065 687 5138 Pugnare
717 5073 907 5119 contra
937 5063 1252 5118 daamonum
1282 5063 1564 5119 satellites.
2157 5063 2388 5135 lmplere
2413 5065 2566 5134 jussa
2596 5082 2702 5121 nec
2724 5067 2982 5122 sinuntur
2999 5068 3276 5139 praesidis,

436 5161 747 5215 Firmantur
772 5175 905 5232 ergo
933 5158 1079 5214 clara
1109 5158 1275 5233 Regis
1296 5159 1536 5232 agmina,
2155 5157 2437 5212 Ducuntur
2464 5173 2575 5212 una
2603 5157 2734 5213 dum
2763 5158 3024 5230 dirempti
3055 5163 3169 5231 (sic)
3200 5177 3312 5217 non
3343 5163 3547 5221 valent.

432 5251 629 5306 Parere
654 5265 758 5305 nec
786 5267 847 5305 se
873 5249 1138 5304 Martiano
1161 5250 1477 5320 perhibent.
2156 5249 2390 5320 Stupent
2415 5255 2691 5320 parentes,
2721 5257 2776 5306 et
2803 5266 3089 5325 magorum
3121 5253 3421 5323 perhibent

433 5345 720 5412 Responsa
758 5343 1086 5398 nuntiantur
1113 5342 1219 5397 ista
1247 5342 1493 5413 praesidi,
2153 5342 2266 5398 Hoc
2294 5349 2408 5398 arte
2433 5341 2657 5411 factum,
2684 5343 2960 5400 Iulianum
2990 5346 3088 5402 sed
3115 5355 3315 5418 petunt

431 5433 532 5499 Qui
558 5447 680 5487 mox
710 5435 890 5505 parari
921 5433 1217 5488 maximam
1249 5451 1436 5505 pyram
1466 5432 1629 5502 jubet
2155 5440 2335 5494 Artem
2376 5439 2658 5496 resolvens
2682 5447 2741 5496 ut
2770 5441 3011 5501 remittat
3037 5443 3266 5500 unicum

430 5527 770 5594 sanctosque
802 5524 1038 5579 ﬂammis
1062 5532 1428 5598 congregatos
1456 5523 1679 5593 conjici,
2156 5529 2360 5601 Eatque
2388 5529 2530 5585 liber
2557 5547 2691 5601 pace
2721 5538 2937 5604 sumpta
2962 5533 3297 5605 principum.

431 5611 662 5679 Sibique
689 5615 864 5670 solum
883 5616 1161 5670 Julianum
1191 5617 1374 5690 dirigi.
2155 5620 2468 5677 Contemnit
2485 5623 2603 5678 haec
2627 5623 2713 5678 vir
2739 5623 2992 5680 eminens
3019 5624 3308 5699 suﬂragia;

432 5701 578 5752 Eunt
603 5701 862 5769 ministri,
885 5705 1040 5771 jussa
1059 5707 1339 5774 complent
1362 5705 1654 5776 principis,
2153 5709 2294 5765 Puer
2322 5717 2576 5781 parentes
2595 5711 2864 5787 abnegat:
2899 5713 3190 5770 Dominum
3219 5721 3430 5786 patrem
