3970 6200
266 296 367 350 561
825 292 908 345 DE
945 290 1304 345 TRIUMPIIIS
1346 291 1604 347 CHRISTI
1646 292 2015 348 ANTIOCHI/Ii
2055 292 2278 346 GESTIS
2319 291 2494 347 LIBRI
2535 292 2683 347 DUO.
2716 324 2785 333 —
2824 293 2949 349 LIB.
2993 296 3032 350 Ι.

272 422 483 477 Habere
522 419 791 494 gaudens,
823 417 1036 489 spernit
1063 432 1227 472 omne
1247 418 1528 473 saeculum.

270 519 481 573 Privata
510 520 783 577 temnunt,
816 522 998 568 servet
1017 521 1073 568 ut
1098 515 1368 582 custodia,

268 615 481 684 Eosqne
506 617 691 682 pascat
714 616 870 663 torva
900 608 1217 664 liberalitas.

266 706 581 760 Traduntur
601 718 731 775 ergo
762 701 999 756 carceris
1029 701 1294 755 teterrimi

268 793 663 862 lmo,tenebris
691 793 1061 863 sordibusque
1093 792 1343 863 pessimi.

265 883 455 939 Aufert
486 883 736 938 nidorem
763 882 1011 938 Christus
1041 882 1170 936 inde
1201 881 1429 937 fetidum

266 975 538 1029 Preestans
566 973 794 1028 odorem
824 972 1042 1028 cmlitus
1081 971 1502 1039 suavissimum,

269 1066 588 1136 Lumenque
615 1064 819 1120 sanctis
849 1064 1119 1118 exhibens
1140 1064 1528 1119 clarissimum.

262 1158 462 1212 Vident
491 1156 750 1223 ministri,
781 1156 875 1228 qui
908 1156 1031 1226 pios
1061 1156 1424 1221 deduxerant,

258 1251 488 1304 Tantam
516 1250 665 1304 beati
694 1249 997 1305 claritatem
1032 1249 1279 1315 luminis,

261 1338 476 1394 Christo
510 1337 699 1393 refecti
721 1338 1046 1393 suavitatem
1080 1337 1315 1392 nectaris

261 1427 520 1482 Pmbent
546 1428 815 1481 honorem
847 1426 941 1497 qui
975 1441 1106 1481 suos
1137 1426 1216 1481 sic
1245 1427 1445 1481 allevat
1478 1444 1492 1491 ;

263 1524 546 1594 Spernunt
577 1522 758 1576 redire
780 1521 849 1574 ad
882 1531 1098 1576 noctem
1132 1521 1199 1575 ab
1219 1521 1322 1576 isto
1346 1521 1577 1587 lumine,

262 1613 345 1667 Ad
376 1610 570 1668 mortis
584 1618 865 1666 auctorem
894 1610 986 1681 pia
1006 1610 1115 1664 vita
1142 1611 1344 1684 agnita.

264 1707 432 1762 Audit
450 1717 734 1778 tyrannus,
761 1712 815 1760 et
845 1705 1006 1759 simul
1024 1705 1204 1759 claudi
1230 1705 1391 1773 jubet

269 1802 400 1867 IIos,
420 1800 550 1854 dum
583 1798 819 1853 trucidet
839 1796 1051 1851 ultione
1080 1796 1312 1851 fervida.

267 1897 438 1951 Orant
466 1894 697 1949 salutem
725 1893 868 1948 ferre
891 1893 1303 1949 confessoribus

275 1985 544 2040 Christum
587 1983 733 2038 beati
760 1981 1077 2038 confitendo
1104 1988 1389 2054 martyres.

271 2075 486 2128 Fratres
508 2072 564 2126 in
596 2072 733 2126 urbe
762 2055 972 2142 septem
1005 2078 1182 2137 erant,
1216 2078 1269 2125 et
1298 2071 1396 2126 filii

270 2162 530 2217 Primatis
555 2160 728 2227 urbis,
756 2160 1098 2215 Christianus
1128 2162 1222 2231 qui
1253 2160 1377 2232 pius

272 2256 514 2310 Dilectus
542 2263 705 2324 atque
737 2252 961 2327 regibus
1000 2252 1312 2308 decesserat
1345 2271 1358 2317 ;

274 2348 512 2418 Ejusque
538 2353 732 2418 gnatos
755 2346 856 2399 hac
886 2345 1128 2415 procella
1155 2344 1433 2416 principes

269 2436 495 2490 Jussere
524 2442 670 2489 tutos
698 2434 816 2507 lege
847 2440 1025 2503 ccepta
1046 2433 1248 2488 vivere.

274 2529 545 2584 Antonius
571 2544 692 2582 cum
726 2528 849 2599 quis
874 2527 1134 2582 manebat
1166 2527 1470 2599 presbyter.

280 2620 342 2673 lli
370 2618 569 2674 ccelico
595 2618 859 2686 jubentur
885 2617 990 2672 acti
1016 2617 1264 2683 numine,

279 2713 455 2767 Simul
485 2712 766 2777 sacerdos,
785 2712 1006 2766 visitare
1037 2727 1310 2768 carcerem
1341 2730 1355 2778 ;

276 2806 450 2870 Quem
480 2819 607 2859 mox
635 2810 887 2874 petentes
915 2819 1046 2858 ecce
1072 2813 1308 2859 cernunt
1332 2805 1595 2876 praevium

274 2896 393 2950 Sibi
413 2911 663 2966 supernae
685 2894 969 2968 dignitatis
998 2894 1277 2969 angelum,

276 2987 402 3051 Qui,
428 2984 709 3055 dissipatis
732 2984 918 3053 januis
947 2983 1230 3059 ergastuli,

276 3074 485 3130 C(Blum
511 3080 756 3128 meantes
784 3072 1084 3127 introducit
1118 3073 1356 3143 puberes
1393 3091 1405 3127 :

278 3168 519 3237 Visoque
536 3165 732 3221 fratres
761 3172 869 3221 tam
896 3165 1060 3219 beato
1083 3165 1311 3232 lumine,

281 3258 496 3312 Haerere
513 3256 757 3327 gaudent
786 3262 983 3326 sponte
1009 3255 1442 3310 confessoribus.

281 3347 587 3417 Implentur
607 3342 738 3417 ergo
769 3360 923 3399 sacra
941 3352 1064 3398 vota
1096 3351 1419 3413 martyrum,

276 3433 586 3506 Tinguntur
614 3442 781 3504 atque
810 3432 1013 3487 milites
1040 3433 1370 3502 baptismate
1398 3452 1412 3499 ;

279 3526 514 3582 Domino
544 3525 637 3579 dat
662 3525 838 3578 almus
865 3524 1118 3578 Julianus
1146 3525 1351 3598 gratias

281 3622 549 3689 Saevoque
573 3618 897 3672 nuntiantur
927 3619 1030 3672 ista
1058 3618 1298 3688 praesidi.

279 3714 503 3783 Septem
534 3710 625 3765 ille
652 3710 848 3765 fratres
877 3710 1127 3765 exhiberi
1156 3710 1403 3782 praecipit

280 3804 588 3875 Verbisque
613 3802 1074 3858 curatadmonere
1100 3803 1341 3856 lenibus.

279 3897 551 3951 Temnunt
581 3892 795 3946 athletae
823 3892 1104 3963 viperinos
1132 3893 1346 3959 sibilos,

283 3986 621 4056 Fraudisque
650 3998 814 4039 voces
842 4001 976 4039 aure
1005 3984 1173 4039 surda
1203 3984 1509 4057 transigunt

285 4078 349 4132 Et
376 4093 435 4131 se
467 4081 685 4146 paratos
723 4074 791 4129 ad
818 4074 1123 4145 palzestram
1148 4075 1466 4144 praedicant.

281 4168 592 4237 Torquetur
620 4163 835 4238 anguis,
854 4171 909 4217 et
937 4178 1151 4217 venena
1182 4164 1448 4237 colligens

284 4256 532 4313 Remittit
562 4256 713 4326 ipsos
741 4254 959 4309 curioso
991 4255 1218 4320 carceri,

285 4356 487 4410 Horum
523 4352 698 4406 salute
724 4365 834 4422 quo
858 4356 1116 4405 tenentur
1144 4349 1311 4403 anxii.

281 4446 437 4500 Tunc
465 4441 633 4497 caedis
660 4439 897 4509 hujusid
930 4438 1095 4493 refert
1126 4438 1445 4493 auctoribus

285 4536 346 4590 Et
368 4534 645 4589 lulianum
664 4536 884 4586 accusat
913 4529 1044 4584 artis
1075 4529 1291 4593 robore,

287 4623 470 4678 Nitore
508 4621 652 4676 culta
677 4617 901 4690 fregerit
940 4616 1087 4689 quod
1117 4616 1282 4681 idola,

284 4716 510 4784 Tropaea
536 4716 859 4783 prosecutus
889 4708 1008 4777 ejus
1048 4717 1265 4774 caetera,

289 4808 519 4861 Decreta
545 4817 781 4874 poscens
808 4799 939 4855 inde
969 4799 1099 4871 quid
1125 4799 1451 4855 deliberent.

288 4892 549 4950 Mandant
579 4896 840 4961 parentur
866 4887 1100 4962 singulis
1123 4893 1181 4941 ut
1213 4887 1362 4943 dolia

288 4985 501 5057 Adipis,
528 4983 741 5055 liquore
763 4998 886 5037 cum
912 4982 1051 5053 picis
1084 4981 1375 5051 ferventia,

290 5081 371 5135 Ab
396 5079 523 5153 igne
554 5077 672 5132 sani
697 5076 834 5131 forte
865 5075 911 5129 si
944 5075 1277 5130 recesserint

291 5171 463 5227 Pinna
492 5165 637 5222 afﬁci
669 5182 777 5238 qua
805 5174 1014 5231 censet,
1050 5166 1150 5220 hos
1173 5176 1453 5222 exerceat.

292 5265 415 5320 Mox
446 5260 697 5317 exhiberi
732 5274 934 5330 praeses
965 5275 996 5312 a
1034 5260 1285 5316 custodia

290 5353 465 5410 Jubet
493 5352 687 5407 beatos
715 5349 816 5404 sub
847 5349 1056 5405 catenis
1086 5348 1306 5405 milites.

292 5447 483 5500 Datam
505 5442 611 5497 sibi
632 5442 892 5512 proponit
920 5441 1006 5494 his
1034 5440 1307 5496 licentiam
1346 5460 1357 5495 :

292 5536 466 5606 Eique
492 5531 667 5587 sancti
696 5546 816 5601 qua:
844 5529 1094 5605 ligabunt
1124 5530 1324 5601 impios

290 5632 491 5686 Poenas
509 5624 774 5690 revelant,
805 5632 859 5679 et
888 5628 1113 5677 manent
1141 5623 1396 5680 interriti.

299 5720 425 5775 Haec
455 5716 586 5772 dum
613 5719 886 5781 teruntur,
908 5726 1109 5780 corpus
1139 5727 1266 5766 ecce
1288 5719 1563 5768 mortuum

1909 427 1957 492 Α
1990 420 2236 474 Dandum
2263 419 2436 473 suetis
2462 418 2735 487 bajulatur
2765 418 2985 494 ignibus
3013 437 3027 487 ;

1990 516 2141 579 Quod
2164 515 2460 570 Martianus
2480 524 2539 569 ut
2564 515 2733 581 videt,
2772 515 2903 586 poni
2923 516 3101 584 jubet,

1992 606 2287 662 EtJuliano
2312 608 2535 661 mandat
2564 606 2619 662 id
2649 608 2960 675 resuscitat,

1990 699 2205 753 Fecisse
2238 699 2483 755 Christus
2512 708 2570 754 ut
2593 699 2852 773 magister
2868 701 3139 772 proditur.

1994 812 2016 840 α
2038 790 2251 845 Caecum
2277 792 2409 863 quid
2438 791 2903 863 inquitJulianus,
2937 793 3155 862 adjuvat

1990 885 2103 951 Sol,
2139 885 2361 957 quando
2390 886 2584 941 lustret
2608 896 2928 943 caeterorum
2961 887 3170 943 lumina
3205 889 3233 941 ?

1990 977 2099 1031 Sed
2120 984 2300 1032 vestra
2327 978 2580 1049 quamvis
2612 993 2721 1033 non
2753 986 2997 1034 meretur
3024 997 3099 1035 ore
3113 981 3271 1045 citas,

1992 1068 2109 1123 Jam
2147 1076 2365 1139 tempus
2404 1078 2488 1124 est
2518 1068 2713 1124 Christi
2746 1078 2803 1124 ut
2830 1079 3076 1141 patescat
3092 1072 3338 1128 claritas:

1995 1156 2199 1212 Fidelis
2220 1158 2340 1225 ejus
2370 1173 2494 1210 nam
2526 1166 2711 1212 manet
2740 1160 3056 1230 promissio,

1991 1254 2069 1307 Ne
2097 1261 2280 1307 nostra
2304 1267 2443 1307 vane
2474 1251 2693 1306 decidat
2720 1252 2929 1322 petitio.
2956 1274 2986 1303 ι)

1994 1344 2115 1397 Haec
2136 1340 2293 1405 dixit,
2317 1350 2486 1412 utque
2518 1339 2657 1394 fudit
2679 1341 2747 1394 ad
2782 1341 3071 1396 Dominum
3097 1359 3334 1413 precem,

1992 1432 2323 1488 Refunditur
2350 1447 2474 1486 mox
2506 1431 2617 1485 vita
2648 1431 2908 1485 membris
2934 1432 3166 1488 reddita.

1990 1526 2251 1595 Astatque
2281 1523 2455 1590 vivus,
2490 1532 2679 1594 raptus
2710 1523 2820 1578 imo
2846 1523 3089 1589 Tartaro,

1990 1613 2376 1684 Christumque
2414 1612 2601 1666 laudat
2631 1628 2793 1683 quem
2814 1611 2965 1681 prius
2998 1612 3324 1677 nesciverat,

1990 1702 2372 1757 Teterrimiset
2394 1700 2578 1770 impiis
2599 1700 2933 1773 gigantibus,

1913 1778 1965 1844 Β
1995 1796 2290 1865 Poenisque
2320 1810 2381 1847 se
2409 1794 2608 1848 fatetur
2639 1794 2768 1847 atris
2798 1800 3039 1858 erutum,

1994 1864 2238 1957 Vitaaque
2271 1894 2497 1957 propter
2526 1884 2801 1939 Julianum
2832 1885 3128 1940 redditum.

1990 1978 2185 2033 Tactus
2214 1976 2405 2031 dolore
2434 1974 2677 2030 carnifex
2705 1974 2987 2049 ergastulo

1992 2067 2155 2122 Jubet
2181 2068 2385 2123 retrudi
2408 2069 2556 2122 hunc
2577 2082 2845 2139 agregans
2874 2066 3213 2121 certantibus
3241 2084 3252 2120 :

1994 2160 2428 2226 QuemJulianus
2451 2158 2597 2212 ablui
2619 2157 2945 2228 baptismate

1994 2251 2161 2316 Facit,
2180 2250 2392 2320 piorum
2410 2247 2677 2319 copulans
2693 2246 2992 2301 consortio.

2064 2343 2315 2398 Mandata
2340 2355 2504 2411 puma
2536 2346 2875 2409 praeparatur
2905 2336 3122 2391 interim
3148 2355 3160 2391 :

1992 2433 2234 2507 Triginta
2265 2437 2319 2485 et
2349 2445 2519 2484 unum
2548 2429 2892 2483 destinantur
2930 2427 3099 2495 dolia,

1999 2526 2147 2599 Ignis
2177 2524 2388 2593 repleta
2408 2528 2712 2593 praenotato
2745 2521 2948 2591 pabulo
2976 2538 2989 2585 ;

2001 2619 2285 2672 Ducuntur
2313 2615 2381 2670 ad
2416 2621 2604 2686 parata
2628 2614 2801 2669 sancti
2835 2612 3092 2667 incendia
3123 2631 3136 2677 ;

1995 2712 2269 2766 Vocantur
2298 2724 2493 2763 omnes
2524 2706 2660 2761 illud
2690 2706 2758 2760 ad
2788 2706 3185 2776 spectaculum.

1998 2800 2172 2873 Rogat
2203 2797 2407 2852 remitti
2439 2796 2736 2851 Martianus
2776 2792 2971 2862 ﬁlium,

1997 2890 2335 2960 Sanctosque
2368 2888 2520 2943 reddi
2556 2887 2847 2959 pollicetur
2875 2886 3102 2941 liberos.

1999 2982 2190 3037 Oblata
2218 2986 2487 3051 spernunt
2515 2979 2632 3033 haec
2663 2978 2808 3032 beati
2840 2982 3129 3047 martyres,

2000 3076 2251 3146 Puerqne
2279 3072 2449 3145 patris
2477 3072 2686 3143 respuit
2713 3071 3085 3137 clementiam,

1922 3143 1971 3211 Ο
2002 3143 2327 3237 Patremque
2357 3164 2533 3235 poscit
2562 3164 2663 3217 ista
2695 3171 2982 3233 postquam
3014 3161 3207 3216 vicerit

1996 3263 2308 3325 Tormenta,
2342 3265 2571 3312 matrem
2601 3255 2927 3310 commorari
2960 3256 3054 3309 det
3084 3254 3191 3309 sibi

1998 3351 2196 3405 Tribus
2221 3348 2452 3411 diebus;
2477 3346 2615 3399 dans
2637 3352 2793 3415 pater
2823 3344 2966 3398 redit
2996 3343 3242 3405 domum,

2001 3439 2078 3493 Ad
2114 3439 2229 3493 haec
2255 3436 2469 3511 agenda
2492 3434 2790 3506 providens
2815 3433 3104 3495 vicarium,

1999 3531 2155 3587 Gnati
2189 3530 2378 3584 videre
2409 3544 2519 3583 non
2562 3526 2743 3581 ferens
2773 3526 3113 3581 incendium.

2000 3622 2287 3677 Ponuntur
2315 3617 2443 3671 almi
2476 3618 2531 3671 in
2556 3622 2857 3688 pra3parata
2880 3615 3048 3682 dolia,

2002 3714 2065 3769 Et
2091 3720 2277 3767 vastus
2296 3710 2438 3785 ignis
2459 3710 2567 3763 alte
2590 3706 3052 3765 circumfunditur
3081 3725 3095 3772 ;

2002 3807 2257 3861 Flammae
2289 3804 2540 3859 feruntur
2562 3802 2745 3856 arduae
2774 3817 2872 3872 per
2910 3816 3037 3854 acra
3069 3817 3082 3853 :

2004 3895 2247 3951 Psallunt
2275 3893 2420 3949 beati
2444 3909 2577 3947 voce
2599 3892 2744 3946 clara
2767 3888 3032 3955 carmina,

2004 3988 2245 4059 Fideque
2272 3987 2418 4042 celsa
2457 3984 2811 4056 supprimunt
2842 3970 3119 4051 incendia,

2004 4087 2259 4155 Auroque
2292 4082 2360 4137 ab
2393 4081 2520 4153 igne
2550 4080 2816 4136 clariores
2845 4086 3067 4143 exeunt,

2004 4180 2227 4247 Deoque
2260 4173 2450 4229 laudes
2486 4172 2654 4227 corde
2683 4171 2808 4225 laeto
2838 4170 3157 4232 concinunt,

2004 4266 2256 4338 Magnum
2280 4262 2522 4316 ferentes
2539 4259 2755 4314 civibus
2792 4257 3115 4312 miraculum
3142 4276 3157 4310 :

2008 4354 2114 4408 Sed
2156 4350 2448 4406 circulator
2478 4349 2583 4402 hoc
2613 4363 2900 4421 magorum
2933 4347 3163 4417 deputat

2011 4448 2216 4503 Virtute
2247 4450 2485 4519 gestum,
2510 4443 2648 4497 dans
2677 4440 2936 4496 tenebras
2966 4442 3021 4495 in
3044 4440 3193 4496 diem

1930 4510 1981 4576 θ
2005 4535 2215 4592 Dextris
2235 4533 2479 4597 sinistra,
2512 4547 2695 4585 amara
2726 4531 2965 4585 miscens
2996 4530 3272 4585 dulcibus.

2009 4628 2071 4683 Ut
2097 4625 2376 4697 expetivit,
2407 4630 2583 4677 matre
2604 4629 2821 4692 sumpta
2854 4619 2999 4674 filius

2008 4717 2183 4770 Laetus
2212 4714 2388 4768 beatis
2409 4711 2660 4785 jungitur
2683 4709 3052 4771 consortibus,

2015 4811 2227 4865 Privata
2255 4808 2489 4863 claustra
2517 4821 2656 4878 quos
2686 4811 2972 4875 receptant
2999 4802 3239 4858 carceris

2015 4905 2190 4959 Odore
2222 4917 2344 4974 quae
2366 4899 2649 4971 replentur
2678 4898 2805 4952 almi
2831 4898 3087 4953 nectaris.

2019 4997 2251 5068 Captans
2280 4995 2508 5050 choreas
2535 4993 2916 5065 concinentes,
2946 4990 3171 5054 femina,

2021 5086 2243 5158 Expleta
2271 5082 2540 5137 suavitate
2570 5089 2677 5134 tam
2700 5079 3034 5153 gratissima,

2023 5176 2294 5232 Christum
2317 5173 2508 5227 dolore
2539 5170 2830 5225 confitetur
2855 5168 3052 5223 obruto
3084 5187 3099 5221 :

2023 5271 2190 5334 Quam
2223 5266 2345 5319 luce
2371 5261 2525 5319 verbi
2554 5261 2807 5316 Julianus
2829 5259 3030 5326 erudit,

2019 5361 2327 5431 Firmatque
2355 5355 2558 5410 blanda
2586 5354 2846 5408 charitate
2866 5351 3010 5407 filius
3042 5369 3056 5417 ;

2018 5450 2223 5504 Gnatus
2241 5446 2453 5518 parenti
2484 5444 2542 5499 fit
2563 5450 2717 5515 pater
2738 5440 3092 5513 baptismate,

2016 5540 2350 5610 Matremque
2379 5538 2565 5609 proles
2593 5534 2707 5589 edit
2736 5536 2879 5589 almo
2918 5533 3195 5606 germine.

2016 5629 2269 5684 Gaudent
2296 5629 2515 5684 athletae
2534 5645 2655 5683 cum
2687 5624 2943 5697 supernis
2968 5624 3180 5680 civibus

2017 5718 2183 5771 Ovem
2215 5717 2425 5787 lupinis
2454 5734 2513 5774 se
2531 5716 2805 5789 eXpulisse
2837 5713 3105 5770 faucibus.

3482 299 3588 353 562
