3970 6200
367 278 472 333 563
1129 272 1495 329 FLODOARDI
1535 272 1838 328 CANONlCl
1881 271 2207 328 REMENSIS
2248 271 2585 328 OPIlSCULA
2627 271 2936 328 METRICA.

369 408 532 465 Audit
556 403 800 478 jugalem
832 400 1128 456 Martianus
1147 401 1472 472 complicem

371 503 582 556 Factam
606 496 819 568 piorum
853 491 1062 562 filiique
1087 507 1381 563 supparem
1417 510 1430 558 ;

371 595 600 649 Domum
631 587 841 653 reduci,
875 602 1037 657 quam
1073 585 1233 654 jubet
1271 585 1560 653 secretius,

372 685 510 750 Quid
540 683 668 736 huic
697 680 767 734 sit
795 685 974 734 actum
1006 677 1292 732 sciscitans
1320 694 1350 731 a
1381 677 1512 732 filio.

372 773 474 827 Pro
506 768 832 824 liberatione
865 765 1050 820 matris
1080 766 1278 819 arduas

374 864 584 920 Christo
616 863 806 916 beatas
835 860 1019 914 celsus
1043 858 1201 914 effert
1227 859 1450 934 gratias.

373 959 527 1014 Domi
562 965 828 1029 tyrannus
860 953 1094 1009 detineri
1127 955 1417 1026 conjugem

371 1051 533 1105 Jubet
558 1066 571 1114 ;
596 1046 830 1101 ministri
863 1045 1157 1099 molientes
1187 1045 1422 1116 obsequi

379 1142 658 1195 Caaeantur
691 1135 930 1207 ;accipit
960 1135 1081 1206 pios
1112 1135 1469 1209 ergastulum.

375 1238 468 1292 Die
498 1233 752 1307 sequenti
783 1232 1078 1286 Martianus
1115 1216 1337 1285 milites.

375 1330 670 1384 Obtruncat
696 1325 870 1380 almos
895 1324 981 1378 his
1012 1325 1228 1389 decem,
1259 1323 1375 1394 qui,
1409 1323 1615 1378 lumine

377 1416 529 1472 Ducti
561 1430 821 1486 superno,
855 1413 1153 1468 vanitatem
1195 1413 1492 1484 liquerant,

375 1511 706 1582 Septemque
731 1507 923 1562 fratres
954 1505 1078 1579 igne
1111 1521 1348 1577 pugnam
1385 1503 1602 1567 finiunt,

379 1605 578 1656 Aurum
604 1600 885 1672 refulgens
915 1614 1017 1654 ceu
1049 1597 1265 1652 camino
1299 1597 1566 1663 redditur,

378 1693 520 1748 Facti
564 1709 664 1764 per
693 1692 879 1764 ignem
899 1689 1021 1743 luce
1051 1688 1196 1743 clara
1225 1687 1524 1758 splendidi.

450 1786 681 1841 Posthac
711 1792 940 1855 tyranno
971 1787 1339 1855 suggeruntur
1367 1780 1555 1836 caeteri
1590 1801 1606 1835 :

378 1875 571 1929 Tentat
601 1871 862 1943 profanus
884 1886 1110 1924 avocare
1152 1875 1424 1940 martyres

382 1971 417 2022 A
445 1969 569 2037 jure
600 1966 797 2021 Christi
829 1973 883 2019 et
913 1964 1210 2037 subjugare
1239 1963 1503 2034 sculptili.

380 2058 580 2112 Ornare
613 2053 877 2123 templum
908 2068 1015 2123 quo
1048 2051 1250 2105 resedit
1289 2051 1573 2122 pulchrius

381 2144 766 2214 Secretiusque
799 2141 1024 2195 mandat
1053 2155 1187 2194 auro
1219 2138 1508 2213 fulgidum,

383 2236 629 2306 Ducique
651 2238 869 2287 sanctos
895 2246 960 2284 ac
990 2229 1146 2284 litare
1179 2229 1430 2300 perditis,

383 2332 606 2387 Placare
643 2346 782 2385 vana
805 2329 1057 2384 laeserant
1087 2343 1211 2398 qua
1235 2325 1482 2380 numina.

385 2423 565 2479 Cmtus
589 2421 795 2493 p0pelli
826 2420 1004 2494 pergit
1033 2417 1180 2473 istud
1209 2417 1387 2472 visere
1416 2437 1431 2487 ;

385 2516 595 2570 Adsunt
615 2513 787 2579 beati,
817 2521 869 2567 et
899 2513 1056 2586 signa
1087 2510 1282 2564 Christi
1312 2508 1588 2565 frontibus

386 2606 582 2678 Figunt
611 2610 822 2659 sacrata
852 2601 1154 2656 muniendo
1183 2615 1450 2670 corpora:

392 2697 602 2749 lntrant
630 2692 890 2748 sacellum
915 2690 1154 2746 roborati
1180 2703 1408 2742 munere

391 2782 608 2848 Christi,
639 2785 933 2851 precantur
963 2778 1083 2846 ejus
1118 2787 1282 2848 atque
1308 2775 1539 2849 gloriam

389 2871 584 2937 Pandi,
615 2876 775 2924 ruant
804 2874 863 2923 ut
896 2867 986 2920 illa
1016 2866 1204 2935 templi
1232 2864 1456 2930 moenia,

395 2965 456 3018 Et
486 2970 683 3018 cuncta
713 2961 1195 3015 fanieonterantur
1220 2956 1382 3012 idola.

391 3057 844 3126 Auditsupernus
875 3059 998 3108 vota
1025 3067 1308 3107 servorum
1340 3052 1483 3107 Deus
1517 3069 1529 3106 :

392 3149 518 3203 Ruit
545 3146 830 3211 sacellum,
860 3143 1190 3198 defatiscunt
1219 3141 1442 3197 coctiles
1467 3159 1481 3206 ;

392 3241 570 3295 Ruina
599 3237 790 3309 templi
822 3236 1166 3308 apparitores
1187 3235 1470 3306 Opprimit,

395 3331 652 3406 lgnisque
677 3334 872 3383 cuneta
899 3325 1158 3392 absumit,
1189 3325 1306 3381 hate
1337 3325 1663 3386 demoliens.

395 3420 625 3475 Insultat
651 3419 828 3474 almus
851 3417 1102 3472 Julianus
1133 3416 1356 3488 praesidi
1389 3436 1404 3484 ;

395 3511 618 3567 Furoris
649 3511 741 3565 ille
768 3508 1080 3582 perforatur
1101 3509 1348 3579 spiculis,

394 3605 730 3675 Sanctosque
759 3603 813 3656 in
845 3602 947 3656 atri
977 3601 1182 3656 claudit
1223 3601 1331 3656 ima
1359 3602 1614 3658 carceris.

396 3697 489 3752 llic
511 3703 670 3751 nocte
700 3695 892 3750 laudes
921 3695 1052 3748 dum
1082 3695 1195 3749 Deo
1222 3694 1618 3764 persolverent,

395 3788 607 3843 Adsunt
632 3785 776 3840 beati
809 3785 904 3856 qui
933 3784 1275 3855 triumphum
1306 3783 1688 3854 impleverant,

395 3879 594 3934 Horum
626 3875 717 3947 pia
744 3873 1091 3930 confessione
1129 3887 1438 3942 compares,

397 3968 596 4024 Omnes
622 3963 805 4020 amicti
830 3963 1074 4018 vestibus
1098 3959 1484 4033 praecandidis,

399 4063 462 4118 Et
481 4059 702 4116 alleluia
727 4057 1086 4114 concinentes
1104 4053 1360 4109 dulciter.

399 4155 636 4210 Chorum
668 4151 830 4205 beata
858 4147 1011 4204 ducit
1038 4147 1150 4203 illic
1168 4146 1445 4221 virginum

400 4241 700 4306 Basillissa,
742 4246 932 4294 sancto
963 4253 1085 4309 qua:
1110 4235 1286 4309 jugali
1323 4235 1623 4308 gratulans,

401 4335 599 4403 Aperta
624 4329 750 4386 coeli
774 4343 941 4401 regna
966 4326 1172 4382 sanctis
1209 4325 1443 4391 nuntiat,

403 4428 511 4481 Hos
536 4434 591 4481 et
617 4425 705 4479 die
721 4422 990 4496 promittit
1015 4422 1133 4493 ipsa
1159 4421 1363 4492 suscipi

402 4521 516 4586 Qua
555 4517 796 4572 Christus
827 4515 946 4571 orbi
975 4515 1118 4570 clara
1144 4513 1235 4569 lux
1262 4515 1538 4585 apparuit,

402 4611 468 4666 Ut
497 4612 600 4664 hac
627 4607 876 4679 polorum
908 4611 1208 4676 appareant
1241 4621 1365 4659 cum
1397 4604 1613 4660 civibus

403 4700 466 4759 Et
491 4703 545 4757 in
558 4718 621 4757 su
631 4700 814 4772 pernis
845 4704 1202 4770 perseverent
1231 4697 1478 4751 sedibus.

403 4795 528 4849 Post
555 4793 672 4846 haec
698 4789 941 4845 tribunal
975 4787 1029 4841 in
1062 4787 1180 4842 foro
1213 4786 1591 4856 praesesjubet

404 4883 521 4938 Sibi
543 4879 720 4953 parari
744 4886 797 4934 et
822 4876 1074 4933 exhiberi
1103 4881 1390 4946 martyres.

405 4973 750 5030 Crudelitatis
778 4971 866 5026 hic
896 4969 1135 5024 furorem
1178 4969 1484 5024 exercitans

405 5063 598 5140 Digitis
627 5062 842 5133 piorum
877 5075 975 5130 per
1003 5074 1199 5112 manus
1230 5057 1415 5128 lychni
1445 5063 1500 5112 et
1527 5057 1699 5128 pedes

407 5159 538 5214 Oleo
567 5156 856 5211 madentes
875 5153 1172 5228 alligentur
1192 5150 1440 5222 przecipit
1469 5168 1483 5218 ;

406 5250 561 5316 Quod
583 5255 642 5304 ut
669 5253 974 5319 peractum,
1005 5261 1130 5300 mox
1158 5260 1424 5316 papyrum
1455 5243 1773 5298 accenditur

404 5342 720 5413 Ardentque
751 5337 841 5393 fila
869 5355 882 5392 :
912 5336 1110 5392 annexi
1141 5335 1265 5390 laedi
1296 5350 1404 5389 non
1437 5333 1642 5401 valent,

408 5433 612 5486 Intacta
639 5437 694 5484 et
723 5428 860 5483 ustis
887 5425 1136 5482 membra
1164 5423 1377 5495 lychnis
1406 5431 1753 5495 permanent,

406 5519 542 5572 Dein
568 5518 732 5572 beato
762 5516 981 5570 Juliano
1019 5511 1245 5568 verticis

409 5608 698 5679 Pueroque
725 5616 914 5663 saneto
943 5604 1182 5662 detrahit
1204 5602 1351 5658 ferus
1379 5612 1558 5660 cutem

410 5694 606 5748 Oculos
635 5695 903 5750 sacerdoti
934 5709 1136 5749 eruens
1157 5691 1414 5755 Antonio,

2094 400 2176 466 Et,
2198 415 2364 471 quem
2396 398 2593 455 beaus
2617 399 2870 472 Julianus
2898 410 3171 458 mortuum

2091 489 2261 543 Orans
2292 489 2656 556 resuscitavit,
2690 492 2997 547 Anastasio.

2093 576 2251 631 Pueri
2284 592 2415 650 ergo
2449 584 2675 633 matrem
2696 579 3076 636 Martianillam
3111 583 3253 638 Deus

2089 669 2207 723 Non
2235 685 2396 739 posse
2424 685 2663 725 cernens
2695 669 2834 727 ferre
2857 672 2993 727 dura
3022 675 3280 742 tormina,

2089 758 2336 812 Caecabat
2365 773 2558 813 omnes
2583 759 2711 815 huic
2737 777 2932 816 manus
2953 763 3045 834 qui
3078 764 3382 834 injecerant
3413 786 3428 832 ;

2089 844 2306 899 Curavit
2344 855 2526 902 autem
2560 850 2833 906 sauciatos
2861 858 3149 923 martyres,

2091 932 2432 991 llluminavit
2467 937 2825 1012 integrosque
2855 939 3117 1007 reddidit,

2092 1018 2373 1077 Cruciatur
2399 1025 2571 1079 hostis
2601 1028 2788 1094 corde,
2823 1028 2987 1082 saevis
3017 1028 3251 1101 tigribus

2095 1114 2347 1190 Dirisque
2380 1120 2553 1175 factus
2584 1123 2809 1178 crudior
2838 1127 3212 1196 serpentibus.

2093 1208 2321 1262 Sanctos
2343 1209 2396 1262 in
2419 1210 2880 1280 amphitheatrum
2913 1216 3044 1289 agit,
3074 1232 3214 1288 quos
3236 1217 3432 1273 bestiis

2102 1296 2353 1367 Exponit,
2391 1299 2509 1369 ipse
2533 1301 2647 1355 suis
2679 1301 2915 1358 ferocior
2941 1303 3091 1360 feris.

2099 1385 2298 1441 Venire
2331 1386 2520 1442 belvas
2546 1391 2833 1460 etpiorum
2866 1392 3082 1468 lingere

2099 1479 2275 1533 Pedes
2304 1479 2542 1544 videres,
2574 1481 2823 1538 mitiores
2844 1485 3061 1541 catulis.

2096 1573 2272 1628 Furiis
2304 1576 2543 1646 repletus
2568 1585 2623 1632 et
2651 1579 2920 1653 gehennae
2951 1581 3221 1639 incendiis

2094 1668 2258 1723 Jubet
2279 1669 2483 1739 requiri
2511 1669 2803 1726 Martianus
2835 1673 3045 1729 noxios.

2093 1756 2204 1810 Acti
2234 1756 2525 1812 trahuntur
2553 1759 2831 1815 criminosi
2862 1762 3152 1834 ergastulis

2095 1845 2311 1917 Piisque
2341 1847 2744 1916 permiscentur
2766 1851 2986 1906 athletis
3010 1853 3109 1919 rei,

2098 1937 2370 2010 Missoque
2398 1939 2452 1993 in
2486 1941 2950 2010 amphitheatrum
2985 1945 3053 1998 ad
3094 1946 3198 2002 hoc
3223 1949 3487 2004 satellite.

2100 2029 2378 2084 Necantur
2405 2031 2625 2086 admisti
2657 2033 2983 2090 innocentes
3013 2037 3229 2103 noxiis;

2103 2119 2358 2191 Exempla
2389 2121 2583 2176 Christi
2608 2135 3040 2196 consequentes,
3074 2127 3166 2182 hic
3191 2145 3418 2202 quoque

2103 2208 2201 2271 Qui
2230 2210 2284 2263 in
2320 2210 2576 2279 passione
2599 2211 2824 2279 junctus
2854 2220 2936 2268 est
2967 2215 3292 2271 latronibus.

2102 2303 2318 2357 Tellure
2351 2310 2498 2358 mota
2523 2311 2791 2359 corruunt
2823 2321 2947 2361 mox
2979 2307 3149 2377 idola,

2104 2393 2208 2447 Aer
2238 2394 2437 2448 minaci
2474 2403 2732 2464 personat
2754 2396 3019 2459 tonitruo.

2104 2484 2438 2556 Miserosque
2465 2502 2664 2560 magna
2697 2494 2939 2542 terruere
2965 2487 3204 2564 fulgura.

2108 2574 2244 2628 Hine
2273 2575 2573 2630 semivivus
2603 2576 2896 2632 Martianus
2923 2578 3119 2654 effugit
3148 2599 3162 2648 ;

2107 2665 2317 2721 Efavit
2347 2673 2527 2722 autem
2561 2669 2855 2725 devoratus
2881 2672 3160 2727 vermibus

2105 2758 2300 2813 Paucis
2330 2759 2528 2815 diebus
2549 2763 2783 2817 evolutis
2815 2767 3191 2834 postmodum.

2109 2854 2172 2907 At
2199 2851 2490 2908 Christiani
2521 2861 2679 2910 nocte
2707 2856 2800 2927 qui
2834 2865 3230 2925 remanserant,

2109 2945 2401 3018 Postquam
2437 2947 2580 3001 beati
2610 2963 2778 3021 regna
2809 2951 3085 3006 scandunt
3115 2933 3408 3025 martyres,

2109 3033 2253 3089 Eunt
2285 3035 2499 3105 piorum
2533 3045 2722 3092 sancta
2751 3038 2954 3093 lectum
2985 3054 3216 3110 corpora
3251 3059 3264 3095 :

2109 3127 2238 3192 Quae
2272 3144 2394 3182 eum
2427 3127 2678 3184 laborant
2711 3146 3007 3205 segregare
3036 3133 3301 3202 sontium,

2107 3216 2362 3272 Oratione
2389 3217 2627 3288 supplici
2661 3218 2938 3275 Christum
2974 3227 3171 3292 petunt

2109 3309 2198 3363 Eis
2229 3309 2442 3378 piorum
2471 3325 2579 3380 quo
2594 3309 2800 3366 rcvelet
2839 3312 3092 3386 pignera,

2112 3398 2173 3452 Et
2202 3413 2333 3452 ecce
2362 3397 2493 3452 vism
2516 3414 2617 3454 ceu
2646 3399 2862 3455 decora:
2895 3402 3139 3476 virgines

2111 3488 2320 3544 Thecas
2350 3491 2544 3544 sedere
2576 3492 2806 3565 singulae
2834 3508 3004 3564 super
3029 3509 3174 3549 suas.

2114 3581 2226 3635 Hoc
2253 3581 2391 3635 lecta
2424 3581 2542 3636 viso
2565 3581 2808 3634 membra
2837 3581 2997 3656 signo
3029 3582 3239 3654 fulgida

2116 3669 2394 3739 Cruorque
2421 3670 2573 3738 juxta
2601 3671 2923 3745 congelatus
2961 3672 3266 3743 splenduit,

2115 3758 2309 3813 Altaris
2334 3767 2392 3814 et
2417 3759 2632 3831 sepulta
2671 3762 2774 3817 sub
2817 3761 3156 3825 fundamine.

2117 3852 2371 3908 Procedit
2403 3853 2551 3908 unde
2582 3852 2706 3908 fons
2733 3852 2956 3907 abunde
2989 3852 3273 3923 prouens

2115 3944 2318 3999 Locum
2348 3943 2575 4013 superni
2605 3942 2700 4014 qui
2732 3944 2908 4014 replet
2937 3942 3305 4014 baptismatis,

2118 4037 2215 4092 Hic
2237 4037 2409 4092 multa
2434 4037 2681 4092 Christus
2701 4036 2973 4091 exhibens
3008 4034 3286 4092 beneficia

2117 4128 2316 4183 Pendit
2346 4129 2505 4184 vietis
2525 4128 2728 4200 saepius
2757 4128 3051 4183 solamina.

2119 4222 2215 4277 Die
2243 4222 2388 4277 beati
2415 4222 2614 4278 Juliani
2643 4223 2896 4298 martyris

2117 4314 2267 4369 Vecti
2289 4314 2490 4386 leprosi
2511 4330 2621 4387 quo
2650 4314 2841 4369 decem
2875 4314 3000 4370 tabo
3031 4313 3262 4380 horridi,

2125 4406 2439 4462 Exulcerata
2465 4422 2626 4462 carne
2659 4421 2801 4477 pene
2830 4406 3059 4477 putridi,

2047 4477 2100 4544 )
2124 4498 2298 4553 Tincti
2320 4505 2378 4552 ut
2407 4498 2605 4553 lavacri
2631 4499 2953 4570 suntaquis,
2988 4498 3425 4570 pulcherrimum

2123 4592 2357 4645 Sumunt
2383 4592 2663 4657 decorem,
2692 4589 2988 4645 sanitatem
3015 4598 3070 4645 et
3091 4591 3384 4666 integram.

2123 4684 2422 4756 Ferturque
2462 4699 2566 4738 vox
2595 4683 2820 4753 delapsa
2842 4683 2984 4738 coelo
3006 4683 3346 4751 hujusmodi.

2125 4773 2249 4828 Haec
2275 4773 2478 4828 Juliani
2511 4789 2676 4839 nunc,
2711 4772 2818 4827 mei
2850 4773 3186 4839 eharissimi,

2115 4867 2310 4922 Meruit
2334 4866 2491 4922 des.
2522 4866 2728 4935 majora
2763 4882 2886 4938 quae
2917 4866 3240 4922 merebitur.

2122 4959 2184 5013 Et
2212 4957 2299 5012 hic
2329 4964 2386 5012 et
2414 4958 2469 5011 in
2509 4972 2619 5029 quo
2648 4956 2910 5010 fabricata
2936 4962 3064 5011 sunt
3095 4957 3215 5012 loco

2121 5047 2431 5103 Orationem
2463 5046 2564 5102 sub
2590 5047 2795 5101 honore
2827 5045 3047 5100 domata

2122 5136 2388 5191 Basilissze
2411 5142 2465 5190 et
2492 5135 2620 5189 almi
2648 5134 2850 5189 Juliani
2879 5134 3154 5204 martyris,

2128 5227 2446 5283 Praebentur
2477 5226 2656 5298 ampla
2681 5225 2976 5280 sanitatum
3000 5241 3250 5291 munera,

2126 5319 2190 5375 Et
2211 5327 2336 5374 vota
2355 5319 2704 5389 complentur
2728 5315 2944 5389 piorum
2975 5315 3284 5372 commoda.

2129 5416 2366 5480 Quorum
2401 5414 2562 5468 beata
2601 5412 2880 5484 postulent
2901 5410 3128 5467 amina

2128 5511 2297 5567 Nobis
2323 5509 2520 5565 resolvi
2562 5508 2854 5564 criminum
2877 5507 3175 5563 nodamina

2129 5605 2192 5660 Et
2212 5603 2347 5657 dent
2378 5616 2618 5673 superna
2644 5599 2931 5673 possidere
2945 5599 3171 5674 gaudia.
