3970 6200
765 279 849 333 DE
889 278 1250 335 TRIUMPHIS
1290 281 1552 338 CHRISTI
1596 285 1967 342 ANTIOCHI/EI
2004 287 2227 345 GESTIS
2268 286 2443 341 LIBRI
2484 286 2634 342 DUO.
2678 316 2747 326 —
2786 285 2890 340 LIB
2955 286 2997 339 I.

3434 286 3540 340 566

1685 430 1894 486 CAPUT
1942 432 2072 486 XIV.

1551 533 1629 593 De
1671 543 1875 595 sancto
1919 534 2201 594 Romano.

196 636 434 694 Romani
468 635 669 690 luctam
696 634 923 690 aureolo
951 635 1281 692 Prudentius
1312 654 1405 694 ore

200 727 485 793 Intonuit;
512 742 680 798 quare
720 727 852 781 satis
876 735 960 781 est
991 728 1161 783 libare
1201 737 1423 801 tropaea.

194 819 449 891 Denique
473 818 761 890 praefectus
789 819 895 873 hoc
927 819 1159 875 mittitur
1185 821 1553 893 Asclepiades,

196 912 607 983 Ecclesiamque
639 911 765 965 dolo
794 911 1067 966 meditans
1094 913 1403 985 irrumpere
1426 916 1602 984 furvo,

194 1005 542 1059 Mansuetum
574 1002 767 1057 Christi
808 1003 1127 1075 disperdere
1167 1006 1309 1061 ovile
1341 1008 1566 1064 volutat.

195 1096 465 1150 Panditur
500 1095 550 1149 id
582 1101 771 1150 sancto
802 1096 988 1166 superi
1019 1097 1346 1153 charismate
1377 1100 1542 1175 Regis

195 1185 467 1249 Romano,
500 1182 754 1239 monachi
787 1184 879 1255 qui
911 1184 1203 1259 relligione
1236 1187 1500 1242 decenter

191 1278 552 1349 Pmpollens,
582 1278 764 1332 valido
797 1278 1040 1350 reliquos
1073 1279 1355 1335 fulcimine
1387 1282 1565 1337 munit

192 1370 264 1425 Ut
294 1377 438 1425 stent
468 1370 764 1424 exhortans
780 1379 970 1425 contra
1000 1371 1276 1444 licantque
1310 1382 1539 1443 tyranno
1568 1392 1581 1428 :

193 1459 355 1512 Unde
380 1458 483 1512 sibi
511 1458 806 1529 sistijubet
829 1458 975 1513 hunc
1006 1459 1295 1530 praefectus
1316 1461 1562 1515 utaudit.

190 1545 434 1612 Sistitur,
457 1545 724 1618 arguitur,
751 1547 1025 1617 reperitur
1052 1547 1224 1611 fortis,
1248 1564 1424 1621 agone

192 1634 527 1704 Intrepidus,
555 1641 837 1700 constans,
867 1635 1082 1689 Domini
1115 1636 1382 1690 subnixus
1420 1653 1634 1693 amore:

191 1722 519 1777 Concutitur
536 1722 743 1793 ﬂagris,
777 1730 1049 1778 tormento
1078 1740 1359 1795 appensus
1390 1726 1595 1796 equino
1621 1744 1634 1792 ;

188 1812 393 1867 Laetior
407 1811 663 1876 efﬁcitur,
697 1818 871 1867 tortus
896 1820 1167 1868 tormenta
1198 1816 1571 1885 triumphans.

191 1903 501 1974 Exprobrat
530 1904 852 1958 excrucians
882 1911 1163 1971 tortorem,
1198 1907 1426 1961 verbera
1454 1908 1630 1963 nescit
1656 1927 1670 1975 ;

187 1992 460 2047 Tristibus
489 1992 710 2046 athletis
740 1992 932 2047 Christi
965 1995 1239 2064 przeponit
1277 2011 1541 2063 amorem,

190 2084 371 2153 Atque
402 2082 498 2135 Dei
525 2097 714 2136 servos
747 2082 1003 2137 meliores
1032 2084 1256 2155 regibus
1278 2082 1452 2138 effert.

190 2173 487 2244 Depositus
518 2173 761 2244 quatitur
791 2174 969 2228 librati
1002 2175 1227 2229 verbere
1262 2175 1474 2246 plumbi
1508 2194 1521 2242 ;

191 2263 335 2319 Ilinc
364 2264 537 2319 lectus
565 2264 870 2336 spondetur
908 2265 1105 2331 honos,
1150 2266 1241 2319 ille
1270 2267 1455 2320 omnia
1486 2267 1701 2333 temnit,

190 2358 259 2411 Et
275 2356 419 2411 saecli
450 2357 619 2411 decus
641 2372 803 2412 omne
834 2357 929 2411 Dei
962 2358 1241 2428 postponit
1271 2359 1485 2413 honori.

192 2445 436 2499 Caeditur
463 2445 589 2499 hinc
615 2444 799 2519 lignis,
824 2455 1015 2499 tensus
1047 2446 1237 2500 lictore
1261 2454 1526 2516 quaterno
1551 2464 1564 2511 ;

187 2538 329 2591 Tum
358 2553 578 2608 quoque
599 2537 844 2591 maxillas
870 2537 1134 2592 subacuta
1166 2539 1428 2593 novacula
1460 2537 1608 2605 rasit,

188 2627 439 2682 Facundi
464 2642 654 2681 vocem
686 2628 843 2682 dolor
872 2635 929 2681 ut
958 2636 1336 2699 compesceret
1365 2630 1475 2683 oris
1509 2647 1521 2683 :

190 2715 490 2771 Confessor
508 2715 659 2771 nullo
681 2716 1053 2771 substernitur
1083 2724 1197 2772 arte
1231 2734 1515 2788 repressus
1540 2738 1555 2783 ;

186 2808 502 2878 Promptius
522 2808 840 2879 alloquitur,
866 2826 1209 2881 puerumque
1226 2811 1503 2865 admittier
1529 2822 1649 2867 orat

191 2897 535 2963 Quemlibet,
559 2913 623 2952 ac
651 2913 781 2952 vera
807 2898 873 2952 de
906 2898 1192 2971 relligione
1222 2900 1400 2972 rogari

191 2994 377 3048 Unum
404 2992 518 3047 sive
558 2994 727 3047 Deum
760 2994 946 3063 plures
971 2995 1184 3049 dicatve
1212 2994 1495 3051 colendos.

187 3085 455 3154 Raptatur
478 3099 636 3153 puer,
660 3084 878 3138 ostendi
905 3092 1107 3155 martyr
1125 3086 1261 3155 petit
1288 3085 1379 3138 alti

190 3178 461 3232 Virtutem
493 3177 708 3242 Christi,
742 3194 971 3248 puerum
999 3179 1077 3233 sic
1103 3194 1229 3233 vera
1260 3194 1576 3249 reposcens,

186 3273 267 3326 De
288 3256 435 3324 cultu
462 3286 676 3325 summo
708 3271 916 3342 absque
942 3272 1068 3326 dolo
1103 3271 1265 3340 jubet
1295 3278 1419 3341 apta
1452 3271 1626 3326 fateri.

186 3364 347 3419 Ilicet
375 3360 570 3417 eﬁ'atur
591 3363 767 3417 solum
798 3379 936 3433 puer
966 3379 1088 3418 esse
1110 3364 1405 3418 colendum

184 3461 426 3517 ZEtheris
453 3467 618 3532 atque
649 3461 751 3516 soli
783 3460 1096 3525 Dominum,
1156 3476 1263 3515 non
1298 3460 1555 3531 sculptile
1587 3477 1806 3515 vanum.

186 3550 426 3622 Angitur
455 3550 557 3604 hoc
585 3550 796 3604 haerens
815 3550 1072 3621 stupidus
1101 3566 1355 3605 sermone
1381 3557 1682 3621 tyrannus;

184 3641 391 3694 Versus
417 3638 471 3692 in
503 3637 767 3693 infantem
800 3640 925 3710 quis
950 3640 1017 3693 ad
1037 3640 1149 3694 haec
1182 3638 1497 3693 instruxerit
1529 3639 1683 3694 illum

190 3735 451 3789 Scitatur.
472 3734 695 3789 Matrem
722 3750 778 3789 se
802 3735 961 3806 pusio
994 3735 1137 3790 fatur
1168 3735 1372 3789 habere

187 3825 591 3892 Christicolam,
621 3825 951 3897 doctumque
983 3826 1049 3880 ab
1079 3842 1144 3880 ea
1187 3841 1247 3880 se
1303 3825 1529 3881 credere
1570 3825 1799 3882 Christo.

186 3917 416 3971 Mittitur
440 3917 673 3972 accitum
704 3925 932 3973 matrem
962 3936 976 3986 ;
1009 3917 1329 3989 perducitur
1354 3917 1445 3972 illa
1479 3935 1492 3972 :

192 4010 513 4080 Prmcipitur
540 4010 713 4083 geniti
744 4011 979 4083 genitrix
1009 4018 1280 4066 tormenta
1308 4011 1468 4067 tueri.

195 4100 490 4157 Confessus
520 4118 580 4156 se
611 4103 987 4159 Christicolam
1022 4103 1384 4175 suSpenditur
1407 4102 1520 4170 ille,

191 4192 629 4264 Torqueturque,
654 4193 931 4265 piomater
955 4209 1120 4265 quem
1152 4194 1351 4249 robore
1384 4192 1562 4247 firmat

194 4282 399 4337 fEterni
430 4288 485 4337 et
515 4282 679 4339 fontis
702 4283 910 4339 sitienti
936 4284 1134 4355 pocula
1148 4283 1314 4338 suftit.

1846 645 1897 713 Α
1931 642 2060 698 Cum
2083 658 2253 715 puero
2278 642 2469 697 Barula
2496 641 2682 715 ﬂagris
2704 640 2982 697 Romanus
3003 640 3248 695 adactus.

1927 734 2081 789 Miles
2098 752 2221 790 cum
2251 734 2448 803 tirone,
2475 750 2648 789 novus
2666 750 2786 788 cum
2817 734 2993 787 milite
3026 732 3128 787 tiro
3162 750 3176 797 ;

1926 823 2375 894 Claudunturque
2395 823 2557 878 simul
2582 824 2706 879 torti
2743 824 2849 877 imo
2881 822 3115 877 carceris
3144 832 3321 878 antro.

1995 914 2208 969 Interea
2237 912 2465 967 coluber
2490 913 2637 967 diras
2653 912 2929 984 excogitat
2959 919 3120 977 artes,

1921 1002 2328 1076 Lignorumquc
2352 1018 2539 1073 pyram
2564 1002 2721 1069 jubet
2744 1008 2893 1054 extra
2920 1000 3124 1053 moenia
3137 1000 3289 1071 poni.

1920 1094 2187 1169 Fulgebat
2218 1096 2445 1166 posthac
2476 1092 2719 1148 tenebris
2746 1092 2833 1145 lux
2857 1092 3030 1145 altera
3066 1090 3241 1161 pulsis

1918 1183 2329 1255 Prmfectusque
2358 1182 2471 1236 ibat
2506 1181 2709 1252 pepulo
2729 1181 3019 1235 comitatus
3036 1183 3252 1252 Opimo:

1918 1277 2075 1332 Ibant
2095 1285 2148 1331 et
2174 1276 2346 1330 sancti
2388 1274 2693 1348 gaudentes
2724 1274 2848 1345 igne
2866 1272 3087 1343 probari

1918 1374 2314 1445 Ingentemqne
2344 1383 2533 1442 rogum
2569 1367 2844 1422 Romanus
2866 1366 3075 1421 fervere
3106 1382 3337 1421 cernens

1918 1464 2135 1519 lnvocat
2163 1461 2438 1517 excelsum
2469 1460 2816 1531 lymplueque
2846 1460 3103 1534 ignisque
3136 1467 3439 1531 potentem.

1916 1556 2052 1611 Ecce
2091 1562 2317 1624 repente
2347 1553 2532 1607 nitens
2558 1551 2859 1606 obscurant
2887 1551 3075 1605 nubila
3106 1552 3326 1606 caelum.

1917 1643 2166 1698 Nubibus
2205 1650 2259 1696 et
2288 1641 2478 1695 densis
2518 1638 2847 1710 tranquillus
2866 1640 3080 1711 cogitur
3111 1656 3207 1693 aer

1918 1735 2310 1805 Demissusque
2339 1733 2465 1803 polo
2495 1733 2725 1787 veniens
2758 1732 3098 1805 largissimus
3130 1730 3306 1785 imber

1919 1827 2119 1881 Imbuit
2146 1826 2515 1895 exstinxitque
2539 1840 2753 1894 pyram,
2784 1822 3017 1878 fervoris
3045 1823 3253 1877 ademit

1917 1918 2032 1971 Vim
2060 1923 2263 1982 totam;
2298 1916 2431 1969 nihil
2460 1915 2546 1969 hic
2575 1914 2831 1980 flammae,
2866 1914 3000 1967 nihil
3030 1914 3174 1987 ignis
3205 1914 3421 1985 agebat.

1839 1974 1889 2040 Β
1914 2010 2228 2065 Glorificant
2254 1974 2531 2063 Christum
2563 2007 2775 2079 populi,
2811 1974 2960 2061 ferus
2991 1974 3169 2061 uritur
3195 1974 3391 2075 hostis,

1912 2102 2104 2157 Deficit
2134 2109 2295 2173 atque
2329 2101 2525 2155 iterum
2555 2106 2776 2154 sanctos
2805 2098 2860 2152 in
2892 2115 3110 2153 carcere
3143 2100 3327 2156 trudit.

1914 2197 2049 2252 Hinc
2080 2198 2271 2251 iterum
2290 2196 2497 2267 spargit
2528 2211 2650 2250 cum
2677 2194 2787 2262 jam
2820 2193 2911 2247 lux
2928 2194 3165 2247 crastina
3194 2202 3385 2259 terras,

1911 2287 2218 2353 Pelluntur,
2242 2286 2591 2340 deducuntur
2618 2283 2788 2339 trucis
2817 2290 2943 2337 ante
2970 2282 3211 2337 tribunal

1908 2375 2136 2431 Judicis.
2172 2374 2270 2429 Ille
2310 2373 2505 2427 dolens
2540 2388 2648 2427 non
2679 2388 2738 2425 se
2769 2371 2965 2426 vicisse
2994 2387 3094 2442 per
3136 2372 3319 2444 ignes,

1910 2468 2330 2536 Succensusque
2358 2465 2515 2532 jubet
2546 2463 2734 2537 Stygia
2752 2462 2871 2518 face
2902 2470 2956 2517 et
2986 2464 3114 2536 igne
3144 2463 3348 2533 Cocyti.

1909 2558 2027 2612 Mox
2059 2572 2231 2627 puero
2263 2565 2450 2610 tenera
2471 2563 2633 2625 caput
2661 2572 2690 2609 a
2713 2556 2928 2609 cervice
2958 2555 3151 2620 recidi,

1912 2649 2271 2719 Romanoque
2304 2648 2472 2702 Deum
2506 2649 2740 2702 laudans
2764 2646 3028 2718 plectrum
3055 2663 3150 2702 ore
3192 2646 3400 2701 revelli.

1912 2738 2047 2792 Tum
2077 2737 2484 2811 gnatigenitrix
2517 2737 2797 2790 exsultans
2814 2736 3061 2789 membra
3092 2743 3357 2805 receptat.

1913 2831 2137 2885 Ducitur
2164 2829 2295 2883 hinc
2316 2830 2562 2884 medicus
2593 2826 3169 2884 Itomaniabscindere
3200 2829 3392 2895 verba,

1912 2922 2123 2993 Accipit
2148 2929 2201 2976 et
2229 2922 2493 2997 regimem
2518 2921 2780 2976 radicitus
2810 2926 3058 2991 amputat
3079 2920 3209 2975 oris.

1914 3012 2008 3066 Ille
2027 3027 2254 3085 gemens
2283 3012 2595 3082 ccelumque
2628 3018 2788 3065 tuens
2810 3010 3148 3064 benedicere
3190 3014 3360 3063 certat

1912 3100 2063 3154 Clara
2083 3114 2219 3154 voce
2246 3100 2438 3166 Deum,
2471 3099 2575 3152 sibi
2600 3099 2693 3170 qui
2726 3114 2917 3153 vocem
2951 3099 3071 3152 sine
3107 3098 3318 3171 lingua,

1911 3194 2231 3247 Sermonem
2264 3192 2383 3246 sine
2403 3208 2535 3247 voce
2577 3192 2749 3257 dedit,
2791 3192 2911 3246 sine
2940 3190 3168 3245 verbere
3200 3191 3389 3245 verba.

1915 3284 2208 3339 Praefectus
2246 3284 2460 3337 medico
2492 3289 2763 3338 tormenta
2790 3282 2993 3337 inferre
3023 3281 3263 3335 minatur

1873 3370 1885 3392 ⁸
1915 3376 2067 3441 Quod
2100 3375 2269 3430 decus
2296 3374 2481 3429 invicti
2523 3389 2755 3444 parcens
2781 3388 2891 3428 non
2924 3371 3228 3443 dempserit
3257 3373 3389 3429 oris.

1916 3464 2010 3518 Ille
2048 3463 2226 3535 palam
2258 3469 2524 3517 monstrat
2554 3468 2666 3516 toto
2695 3460 3001 3515 abscidisse
3035 3460 3215 3531 palato

1914 3553 2185 3609 Plectrum
2212 3551 2348 3617 oris,
2372 3557 2577 3605 testans
2598 3549 2746 3605 aliud
2779 3564 2888 3603 non
2924 3548 3109 3602 vivere
3133 3563 3295 3618 posse

1912 3645 2000 3700 Sic
2032 3644 2336 3699 abscissum
2359 3642 2579 3697 animal.
2596 3640 2761 3697 Jubet
2784 3640 2873 3696 ille
2896 3639 3171 3695 adducere
3191 3656 3446 3710 porcum,

1908 3737 2010 3791 Cui
2044 3735 2201 3807 parili
2233 3742 2293 3790 ut
2324 3734 2501 3790 secuit
2528 3733 2820 3807 chirurgus
2844 3731 3100 3788 acumine
3130 3730 3397 3805 linguam,

1906 3828 2131 3885 Labitur
2163 3835 2217 3883 et
2242 3828 2444 3899 pariter
2482 3843 2605 3882 cum
2637 3825 2823 3903 lingua
2854 3824 3214 3881 commoritnr
3245 3840 3355 3878 sus.

1909 3919 2101 3975 Evadit
2133 3918 2402 3973 medicus.
2437 3916 2734 3972 Praefectus
2761 3914 3083 3970 Maximiano

1912 4009 2135 4065 Nuntiat
2156 4008 2292 4063 haec.
2328 4007 2421 4062 Ille
2452 4006 2665 4061 occulte
2686 4004 2787 4059 sub
2819 4019 3041 4059 carcere
3070 4002 3314 4058 clausum

1911 4100 2397 4170 Romanumjubet
2423 4099 2600 4155 occidi
2632 4116 2645 4163 ;
2674 4097 2734 4152 ﬁt
2758 4098 2937 4167 jussio
2965 4098 3098 4152 smvi

1910 4192 2204 4263 Principis,
2220 4199 2276 4245 et
2299 4196 2503 4260 martyr
2524 4188 2795 4243 celebrem
2828 4192 3171 4241 consummat
3198 4199 3453 4257 agonem,

1911 4282 2298 4352 [Eternamque
2328 4276 2474 4349 capit
2504 4276 2770 4332 ccelorum
2811 4291 2842 4329 a
2871 4290 3001 4350 rege
3029 4289 3308 4331 coronam.

1683 4409 1893 4464 CAPUT
1941 4408 2046 4463 XV.

1520 4514 1600 4572 De
1639 4523 1847 4573 sancto
1891 4512 2203 4586 Hesychia.

191 4628 496 4700 Ilesychius
526 4644 716 4701 regum
748 4636 879 4683 tunc
907 4627 1047 4683 forte
1080 4630 1291 4684 nitebat
1330 4631 1384 4685 in
1408 4631 1550 4686 aula.

192 4719 525 4789 Praecipiunt
547 4718 712 4792 igitur
744 4734 1001 4788 proceres
1021 4717 1106 4772 dis
1143 4719 1465 4774 sacrificare.

190 4812 362 4867 Omne
389 4810 690 4881 palatinum
722 4810 807 4864 vel
834 4810 1055 4883 cingula
1086 4826 1294 4881 ponere
1321 4812 1537 4884 vulgus.

190 4904 287 4959 Ille
319 4904 416 4958 ubi
438 4903 593 4971 jussa
622 4902 789 4972 capit,
813 4903 1062 4976 gaudens
1083 4902 1411 4976 discingitur
1432 4904 1596 4969 ultro,

188 4993 530 5063 Abjectoque
572 4992 814 5063 palatino
844 4991 1081 5046 discedit
1122 4992 1351 5046 honore.

188 5082 520 5155 Indignatur
547 5080 614 5133 ad
644 5081 761 5135 haec
792 5079 1050 5150 princeps
1082 5087 1201 5133 trux
1234 5079 1619 5145 Maximianus,

187 5169 409 5224 Mandat
435 5175 492 5223 ut
518 5168 744 5223 indutus
771 5168 955 5223 tunica
983 5169 1227 5241 gynaecia
1260 5176 1440 5223 servet

182 5260 464 5331 Turpiter,
496 5267 551 5312 et
578 5258 978 5313 condemnatus
1000 5259 1293 5312 muliebria
1318 5265 1529 5313 tractet.

190 5354 286 5407 llic
316 5350 555 5422 positum
590 5350 743 5405 multi
776 5349 1048 5407 visebant.
1082 5350 1201 5417 ejus
1239 5351 1306 5404 ab
1325 5367 1419 5405 ore

187 5442 371 5498 Verba
400 5440 694 5495 salutiferae
724 5440 1030 5512 gaudentes
1060 5455 1281 5494 sumere
1303 5441 1526 5513 lingua},

191 5532 622 5600 Praebentesque
660 5531 751 5584 Dei
774 5530 981 5583 famulo
1007 5530 1253 5583 solamen
1271 5529 1491 5583 amoris.

189 5623 377 5689 Audit,
405 5627 460 5674 et
487 5619 632 5673 hunc
658 5617 779 5672 sisti
808 5616 1031 5671 mandat
1060 5617 1162 5669 sibi
1196 5618 1553 5671 Maximianus

189 5713 416 5769 Sistitur
445 5727 460 5777 ;
491 5709 621 5765 hinc
651 5709 845 5780 rogitat
874 5705 1080 5761 melius
1108 5707 1213 5761 sibi
1255 5707 1402 5778 quod
1432 5706 1570 5773 {fore
1607 5704 1813 5770 credat,

1907 4626 2030 4680 Sive
2058 4622 2299 4695 palatino
2327 4620 2571 4675 renitens
2594 4617 2884 4672 decoretur
2914 4616 3144 4681 honore,

1909 4717 2033 4771 Sive
2074 4715 2216 4769 colat
2244 4712 2385 4783 turpi
2420 4710 2668 4783 gynaacia
2696 4710 2815 4764 laxa
2840 4708 3051 4779 pudore
3079 4707 3107 4759 ‘P

1916 4809 2010 4863 Ille
2034 4804 2415 4861 refertmelius
2445 4803 2691 4877 gynzecia
2723 4800 2948 4856 nomine
2976 4797 3170 4853 Christi

1914 4897 2126 4959 Servet,
2159 4894 2501 4950 daemonibus
2532 4892 2801 4947 famulans
2832 4905 2994 4961 quam
3026 4886 3228 4942 serviat
3261 4886 3422 4938 aulze.

1918 4986 2008 5039 llis
2032 4985 2210 5039 verbis
2241 4984 2473 5053 ejusque
2505 4983 2738 5037 aliorum
2771 4979 3015 5051 pondere
3051 4990 3295 5048 pressus,

1920 5030 2007 5039 ...υ
2042 5030 2210 5039 ινα-ν
2244 5030 2471 5053 νοω-,η
2506 5030 2738 5037 ρ-η--η-
2772 5030 2971 5051 rw“-
2995 5030 3009 5032 -
3052 5030 3063 5048 .
3286 5030 3294 5038 ,

1842 5030 1895 5097 D
1917 5074 2045 5139 Quis
2085 5072 2191 5127 sibi
2223 5070 2466 5142 praeferri
2511 5070 2706 5124 Christi
2739 5067 3058 5139 indignatur
3086 5078 3354 5128 amorem,

1913 5167 2147 5220 Insanus
2174 5162 2451 5233 princeps,
2474 5159 2632 5214 furiis
2663 5159 2899 5232 agitatus
2932 5155 3151 5217 Averni,
3234 5171 3237 5174 ‘

1914 5253 2165 5323 Praecipit
2195 5265 2467 5305 annexum
2497 5247 2742 5321 demergi
2775 5246 2830 5300 in
2864 5243 3091 5299 flumine
3123 5255 3251 5297 saxo

1917 5344 2261 5418 Hesychium.
2293 5340 2524 5396 Exuvias
2551 5339 2672 5408 ejus
2701 5339 2799 5394 sed
2829 5337 3216 5409 repperientcs

1917 5436 2182 5509 Colligere
2211 5432 2312 5486 viri
2342 5446 2463 5485 cum
2488 5428 2773 5500 relligione
2800 5426 3050 5501 benigni,

1919 5526 2354 5594 Sanctorumque
2382 5536 2542 5575 secus
2568 5519 2761 5593 glebas
2792 5532 3025 5587 posuere
3056 5516 3339 5569 decenter.

1923 5618 2045 5672 Haec
2071 5616 2272 5688 pressit
2289 5614 2491 5669 multos
2512 5611 2677 5666 isthic
2708 5616 2761 5664 et
2788 5610 2994 5680 ubique
3018 5606 3261 5678 procella

1923 5706 2295 5775 Christicolas,
2325 5704 2530 5762 celebri
2572 5701 2863 5759 Dominum
2880 5698 3081 5753 virtute
3120 5702 3437 5767 sequentes.
