3970 6200
431 302 535 356 567

500 431 846 499 Tempestate
863 425 965 478 sub
996 424 1098 476 hac
1117 419 1325 475 validos
1353 418 1654 490 Cyprianus
1676 430 1882 488 agones

432 516 675 580 Sudavit,
701 513 913 568 meritis
933 511 1158 566 Justinie
1182 507 1408 580 virginis
1437 514 1548 561 arte

434 611 505 664 De
537 607 748 680 magica
771 603 837 658 ad
866 610 1114 656 sanctum
1147 598 1343 653 Christi
1371 612 1671 652 conversus
1701 610 1961 650 amorem.

436 699 554 752 Haec
579 712 701 749 nam
735 694 888 767 virgo
918 692 1143 756 decens,
1177 690 1277 744 hac
1311 688 1445 742 urbe
1475 687 1796 758 parentibus
1825 696 1944 741 orta

434 785 737 849 Prteclaris,
760 783 1053 847 Christum,
1098 779 1346 833 tradente
1378 778 1609 833 diacone
1641 777 1904 848 quodam,

433 875 719 950 Cognovit,
751 873 1021 944 traxitque
1052 869 1214 923 simul
1245 869 1453 923 lucrata
1479 877 1738 939 parentes

437 971 732 1023 lnstructos
764 968 960 1033 sacris,
992 982 1132 1038 quos
1160 964 1319 1018 tinxit
1346 963 1640 1034 episcopus
1672 963 1836 1017 undis

435 1060 683 1128 Optatus,
716 1057 1012 1127 docuitque
1041 1056 1179 1108 viam
1222 1070 1440 1109 servare
1481 1053 1688 1106 salutis.

436 1145 732 1199 Ecclesiam
763 1146 890 1199 dum
923 1144 1075 1217 virgo
1105 1141 1197 1196 Dei
1227 1139 1442 1196 Justiua
1475 1139 1802 1212 frequentat,

434 1236 688 1309 Aglaidas
723 1236 836 1306 [ms.
868 1236 922 1296 2,
965 1233 1234 1303 Acladius]
1274 1247 1418 1287 caeco
1445 1231 1668 1299 juvenis
1696 1230 2049 1286 succenditur

1770 1323 1936 1398 [igne.

436 1418 800 1490 Allegansque
823 1413 969 1468 viros
1001 1413 1206 1484 plures,
1237 1417 1551 1483 matresque
1594 1413 1809 1482 puella).

436 1509 705 1565 Connubii
740 1507 873 1578 petit
904 1508 1044 1560 hanc
1065 1505 1170 1559 sibi
1200 1513 1349 1559 certo
1373 1504 1581 1558 findere
1615 1505 1780 1559 necti.

437 1606 562 1667 Quae
595 1601 1092 1670 paranymphorum
1128 1598 1288 1651 simul
1321 1597 1507 1651 omnia
1537 1598 1682 1651 dicta
1716 1597 1982 1666 refutans,

440 1695 728 1763 Depactam
759 1690 968 1744 Christo
998 1689 1110 1761 regi
1141 1704 1200 1742 se
1230 1687 1444 1742 nuntiat
1475 1689 1608 1753 alto,

438 1786 615 1854 Seque
646 1783 804 1835 fidem
827 1796 1033 1851 sponso
1056 1779 1235 1833 ﬁrmat
1263 1795 1480 1833 servare
1505 1795 1768 1851 superno.

437 1877 549 1929 Vim
577 1890 774 1946 procus
800 1880 1028 1926 attentat
1057 1871 1310 1926 renuenti
1342 1872 1544 1926 inferre
1590 1871 1808 1942 puellze,

437 1967 543 2021 Sed
569 1964 754 2036 superi
785 1965 931 2019 cedit
960 1963 1177 2018 Domini
1207 1964 1405 2018 virtute
1437 1963 1707 2033 repulsus.

436 2060 550 2120 Quo
576 2055 757 2108 minus
775 2053 1087 2123 assequitur
1113 2051 1355 2120 juvenis,
1393 2053 1566 2124 magis
1595 2052 1750 2106 ardet
1777 2067 1962 2107 amore

437 2149 828 2216 Desertumquc
859 2143 1055 2197 videns
1085 2143 1367 2198 hominum
1391 2160 1450 2197 se
1483 2143 1716 2209 viribus,
1749 2145 1913 2198 audet

439 2233 776 2288 Daemonicos
806 2239 1016 2286 tentare
1041 2231 1218 2295 dolos,
1247 2239 1540 2302 artemque
1582 2231 1912 2307 nigrantem.

439 2327 731 2398 Experiens
763 2324 977 2398 magico
1001 2323 1330 2395 Cyprianum
1361 2325 1601 2378 carmine
1629 2324 1875 2390 doctum,

437 2416 764 2488 Alloquitur,
794 2415 952 2482 cujus
978 2413 1154 2487 frangi
1189 2415 1323 2484 petit
1351 2421 1464 2468 arte
1494 2414 1786 2484 pudorem,

440 2514 565 2568 Auri
593 2530 651 2568 80
678 2512 962 2583 spondens
983 2510 1060 2564 illi
1086 2511 1335 2566 conferre
1361 2511 1564 2564 talenta

442 2605 666 2679 lgneolo
693 2605 736 2658 si
767 2605 878 2658 fors
909 2610 1074 2674 queat
1107 2605 1246 2657 hanc
1279 2602 1583 2656 accendere
1615 2603 1747 2668 telo,

443 2701 619 2769 Atque
647 2696 956 2768 Cupidinea
984 2710 1078 2750 cor
1107 2695 1156 2748 ei
1191 2693 1466 2749 terebrare
1498 2694 1717 2770 sagitta.

444 2792 504 2844 At
529 2789 855 2859 Cyprianus,
887 2796 948 2840 ut
975 2795 1226 2840 assuetas
1266 2785 1418 2840 vafer
1449 2787 1619 2841 exerit
1647 2796 1814 2853 artes,

445 2880 706 2935 Daemonii
738 2878 1000 2953 ﬁgmenta
1030 2878 1178 2931 videt
1209 2894 1266 2931 se
1298 2877 1495 2932 sistere
1527 2895 1710 2934 coram
1742 2897 1756 2943 ;

446 2972 540 3026 Cui
569 2971 823 3024 mandata
857 2969 1062 3034 ferens,
1091 2968 1360 3023 Justinam
1397 2979 1553 3039 peste
1580 2970 1782 3026 furoris

445 3060 697 3131 Praecipit
725 3059 908 3133 urgeri
936 3058 1058 3112 diro
1088 3065 1142 3112 ut
1174 3059 1453 3113 crucietur
1481 3075 1690 3115 arnore.

448 3154 603 3207 Paret
630 3153 777 3206 larva
805 3159 1000 3222 petens
1031 3149 1269 3205 robustae
1311 3158 1451 3205 tecta
1485 3153 1682 3222 puellze
1718 3170 1731 3206 :

450 3245 610 3316 Virgo
642 3245 800 3299 thoro
825 3242 1114 3302 excutitur,
1161 3243 1636 3298 sentitconamina
1667 3244 1898 3312 fraudis,

452 3333 512 3385 Et
544 3347 706 3386 cruce
739 3347 800 3385 se
831 3330 1030 3395 munit,
1063 3330 1260 3384 Christi
1299 3332 1564 3386 tutamina
1593 3348 1850 3404 poscens,

451 3424 616 3497 Signa
648 3423 826 3476 crucis
847 3438 1082 3477 cernens
1113 3423 1306 3493 pulsus
1328 3423 1596 3478 distabuit
1627 3425 1824 3496 anguis
1859 3443 1872 3490 ;

451 3517 621 3580 Quem
654 3516 854 3569 victum
886 3515 1360 3586 aspiciens,alium
1392 3517 1660 3588 perquirit
1687 3534 1917 3588 aruspex
1952 3537 1965 3572 :

452 3611 670 3675 Evocat,
705 3610 946 3664 insinuat
969 3611 1103 3682 quid
1134 3627 1260 3665 eum
1286 3627 1384 3664 sua
1415 3611 1662 3664 carmina
1696 3619 1943 3682 poscant.

457 3700 639 3754 Evolat
677 3716 977 3772 acreasque
1008 3700 1157 3753 celer
1179 3699 1488 3770 prolabitur
1515 3715 1698 3764 auras,

454 3792 691 3864 Virginis
716 3798 882 3863 atque
915 3791 1049 3862 petit
1075 3790 1255 3844 media
1285 3791 1388 3844 sub
1417 3799 1576 3846 nocte
1601 3791 1782 3847 cubile

456 3882 616 3952 Virgo
649 3881 759 3953 peti
791 3897 850 3936 80
881 3881 1190 3935 sentiscens
1214 3886 1434 3952 turgore
1462 3879 1700 3945 colubri,

459 3969 655 4025 Christi
693 3970 1008 4040 praesidium
1038 3968 1235 4040 quierit
1255 3969 1367 4037 jam
1399 3970 1640 4044 tegmine
1671 3978 1883 4038 notum,

457 4060 776 4131 Vexilloque
807 4059 983 4113 crucis
1004 4059 1212 4114 vallans
1243 4059 1345 4113 sibi
1366 4061 1632 4126 membra,
1669 4070 1921 4132 precatur

460 4149 694 4204 lllzesum
723 4164 832 4220 quo
862 4147 1102 4202 Christus
1133 4148 1182 4202 ei
1215 4164 1431 4204 servare
1466 4149 1733 4220 pudorem

462 4243 743 4315 Dignetur,
778 4241 986 4311 lampas
1017 4258 1086 4296 ne
1117 4241 1318 4296 ardens
1349 4251 1608 4314 superata
1641 4244 1930 4318 nigrescat.

463 4339 563 4393 1110
591 4337 768 4392 crucis
795 4335 1098 4390 reverenda
1128 4335 1324 4389 videns
1350 4336 1575 4391 rutilare
1605 4343 1808 4408 tropaea

464 4431 655 4488 Deﬁcit
674 4429 978 4485 abscedens
1016 4445 1221 4499 supero
1244 4429 1572 4501 liquefactus
1601 4431 1830 4487 honore.

541 4527 678 4581 Hinc
703 4525 833 4580 artis
855 4524 1063 4591 majora
1081 4539 1273 4597 magus
1300 4523 1587 4578 molimina
1620 4533 1838 4580 tentans

469 4619 724 4688 Majorem
760 4615 954 4670 invitat
979 4614 1277 4670 Zoroastris
1310 4613 1502 4669 fraude
1524 4615 1845 4670 draconem.

472 4709 568 4763 llle
599 4704 839 4777 superba
871 4703 1132 4767 fremens,
1165 4703 1365 4758 nimios
1397 4703 1600 4759 inferre
1619 4704 1840 4760 labores

471 4805 540 4858 Se
566 4803 756 4870 jactat,
786 4799 1093 4871 victamque
1112 4813 1278 4868 proco
1309 4797 1517 4853 vincire
1549 4798 1786 4868 puellam
1825 4817 1837 4852 :

471 4895 903 4968 Virgineumque
943 4891 1084 4946 dolis
1114 4891 1323 4946 ducens
1353 4905 1418 4944 ex
1445 4906 1572 4945 aere
1601 4905 1822 4961 corpus,

473 4986 712 5061 Virginis
744 4985 798 5038 in
827 4983 1013 5055 specie
1045 4983 1206 5038 castis
1233 4999 1292 5036 se
1314 4981 1526 5036 visibus
1543 4981 1700 5038 offert
1727 5000 1740 5047 ;

478 5076 656 5148 Fingit
689 5090 874 5128 amare
908 5074 1099 5142 Deum,
1128 5071 1351 5127 missam
1384 5072 1648 5127 mentitur
1676 5071 1743 5126 ab
1765 5071 1885 5142 ipso

478 5169 548 5223 Se
574 5176 737 5223 castae
764 5166 1020 5221 comitem
1059 5164 1310 5234 Justinm,
1351 5172 1573 5235 pectora
1601 5171 1774 5219 tentat

475 5257 693 5329 Argutis
721 5263 1008 5326 penetrare
1037 5255 1195 5320 dolis,
1231 5262 1286 5310 et
1317 5254 1540 5326 praemia
1569 5255 1765 5326 quaerit

478 5348 559 5402 llli
592 5361 689 5418 pro
713 5352 862 5400 tanto
885 5361 1008 5416 qua:
1035 5345 1149 5400 sint
1177 5344 1468 5399 tribuenda
1501 5344 1712 5400 labore.

478 5436 601 5490 Haec
631 5433 906 5489 modicum
967 5441 1235 5489 memorat
1299 5433 1418 5503 (sed
1478 5433 1702 5504 praemia
1754 5433 1971 5506 magna)
2012 5431 2093 5486 la-

1788 5524 2018 5595 [borem.

482 5616 576 5669 llla
606 5615 770 5669 refert
802 5625 990 5672 contra
1019 5634 1115 5682 cur
1145 5617 1320 5672 noluit
1351 5616 1724 5674 Omnicreator

481 5703 648 5755 Adam
681 5701 944 5757 cultorem
985 5705 1221 5774 paradisi
1249 5706 1451 5779 degere
1467 5704 1666 5770 solum,

1204 289 1569 346 FLODOARDI
1613 286 1916 344 CANONICI
1959 283 2286 340 REMENSIS
2324 279 2659 336 OPUSCULA
2702 281 3010 336 METRICA.

2090 1738 2138 1804 Β

3686 289 3796 343 $68

2074 419 2122 484 Α
2151 412 2324 482 Atque
2355 409 2509 464 dedit
2535 409 2739 464 sociam
2771 410 2958 464 divina
2989 409 3111 484 lege
3143 413 3414 480 maritam,

2152 507 2413 561 Mandans
2437 504 2649 579 augeri,
2677 505 3016 560 benedicens
3046 508 3555 583 multiplicansque,

2151 598 2414 672 Legitima
2445 589 2679 669 quorum
2713 598 2952 652 mundus
2979 614 3246 674 compage
3280 603 3526 672 repletur
3561 622 3576 666 ;

2151 686 2339 740 Divina
2369 702 2437 739 an
2471 685 2650 757 rigido
2684 692 3005 740 temnuntur
3027 687 3150 755 jura
3185 690 3392 758 pudore
3419 691 3447 743 Ῥ

2150 777 2369 847 Aspidis
2400 777 2503 831 hoc
2531 775 2746 831 Justina
2770 777 2938 832 trucis
2969 777 3244 835 ﬂammata
3280 799 3517 847 veneno,

2148 866 2441 928 Turbatur,
2473 867 2666 941 surgit,
2699 867 2898 938 pergit,
2927 875 3136 938 stupet,
3165 870 3402 941 angitur,
3439 873 3631 927 haeret.

2151 958 2395 1029 Respicit
2426 959 2627 1012 elisam
2659 959 2942 1025 Dominus,
2984 961 3172 1016 divina
3201 971 3497 1035 negantem

2150 1050 2248 1115 Qui
2281 1052 2559 1122 quondam
2590 1052 2807 1106 Petrum
2838 1052 2987 1119 ﬁdei,
3021 1069 3124 1109 nec
3151 1055 3360 1110 muenia
3386 1057 3554 1110 turris

2148 1144 2394 1198 Sustinet
2417 1145 2577 1198 hoste
2610 1143 2814 1198 latente
2849 1144 2965 1215 rapi
2995 1161 3010 1209 ;
3045 1162 3172 1200 nam
3203 1146 3473 1202 dtemonis
3503 1149 3674 1204 hosce

2151 1239 2383 1293 Denotat
2408 1255 2532 1293 esse
2563 1239 2742 1306 dolos,
2783 1256 3017 1311 quzeque
3057 1241 3124 1295 ad
3147 1241 3599 1299 muniminanota

2153 1327 2323 1381 Corde
2357 1343 2570 1393 means,
2602 1334 2740 1392 orat,
2774 1328 2953 1383 crucis
2981 1346 3133 1384 arma
3163 1331 3451 1387 celerrime
3480 1334 3675 1400 sumit,

2153 1418 2376 1492 Efﬁgies
2407 1417 2662 1486 conﬁcta,
2695 1420 2877 1474 crucis
2909 1422 3204 1492 perterrita
3235 1424 3418 1497 signo,

2163 1509 2429 1579 Liquitur,
2457 1517 2509 1564 et
2539 1510 2724 1565 vacuis
2752 1527 2875 1565 sese
2909 1512 3229 1581 promiscuit
3267 1515 3436 1569 auris.

2231 1601 2547 1669 Virgineum
2577 1609 2769 1672 peetus
2797 1603 3008 1656 οω10811
3043 1603 3242 1659 robore
3274 1605 3469 1660 fultum

2161 1690 2487 1746 Multisinde
2520 1692 2700 1746 modis
2741 1702 2899 1762 parat
2936 1692 3260 1766 impugnare
3285 1695 3600 1766 chelydros,

2163 1779 2310 1833 Bella
2345 1796 2574 1834 movens
2604 1779 2766 1834 variis
2796 1780 3103 1837 tenebrosa;
3125 1782 3416 1838 fraudibus
3443 1787 3599 1851 artis,

2163 1868 2444 1924 lncutiens
2467 1870 2707 1937 morbos,
2739 1871 3026 1941 strepitus,
3060 1874 3405 1942 phantasma,
3440 1877 3676 1945 dolores,

2160 1961 2459 2015 Blanditias
2488 1966 2542 2014 et
2572 1975 2726 2032 epes,
2762 1971 3020 2031 terrores,
3053 1967 3252 2022 damna
3277 1977 3589 2039 parentum,

2163 2053 2346 2117 Furta,
2380 2051 2558 2117 dolos,
2581 2068 2720 2107 escae.
2753 2053 3039 2122 lenimina,
3067 2057 3396 2126 seditiones,

2162 2144 2514 2217 Argumenta,
2551 2143 2755 2214 quibus
2787 2143 2910 2200 forti
2942 2146 3250 2200 munimine
3283 2155 3400 2202 tuta

2164 2232 2362 2286 Moenia
2391 2242 2720 2302 proruerent
2751 2251 2764 2298 ;
2803 2234 3001 2310 Christi
3027 2236 3224 2290 vallata
3248 2237 3346 2291 sed
3382 2238 3552 2293 armis

2164 2327 2315 2381 Mens
2350 2327 2554 2382 invicta
2587 2336 2790 2391 manet,
2824 2328 2976 2384 nullo
3003 2331 3315 2400 superanda
3333 2333 3544 2401 duello,

2169 2416 2333 2470 Lenia
2362 2416 2592 2472 fortunae
2619 2433 2912 2487 Spernens,
2940 2417 3102 2472 simul
3129 2435 3329 2490 aspera
3359 2421 3612 2478 vincens.

2167 2508 2386 2582 Virgine
2416 2508 2557 2563 bella
2588 2509 2785 2564 videns
2826 2509 3004 2584 frangi
3029 2510 3337 2582 Cyprianus
3357 2529 3550 2568 eorum

2165 2601 2294 2665 Quis
2323 2601 2497 2676 magis
2531 2601 2744 2656 innisus
2767 2601 2906 2666 ﬁdit.
2939 2611 3095 2658 vocat
3126 2611 3243 2659 arte
3272 2605 3620 2680 magistrum.

2164 2694 2437 2750 Turbidus
2468 2695 2558 2752 ille
2574 2698 2765 2762 venit;
2801 2697 2942 2768 petit
2969 2714 3033 2752 ac
3049 2715 3243 2772 magus
3275 2706 3332 2754 ut
3363 2700 3472 2754 sibi
3506 2712 3707 2775 pangat

2171 2788 2412 2850 Quanam
2434 2786 2636 2841 abeant
2665 2792 2868 2840 tenerae
2899 2786 3026 2841 victi
3061 2787 3259 2842 virtute
3287 2789 3507 2858 puellae.

2175 2880 2270 2934 lllc
2312 2881 2511 2934 timens
2538 2879 2714 2951 linqui
2747 2897 2759 2932 :
2805 2903 2830 2927 α
2854 2879 2984 2934 Jura
3006 2896 3078 2934 ne
3111 2879 3356 2947 deserar,
3383 2881 3583 2953 inquit,

2175 2974 2384 3028 Fraude
2415 2980 2540 3038 tua;
2578 2993 2602 3020 υ
2626 2973 2776 3041 jurat
2806 2972 2951 3027 vires
2983 2972 3287 3042 Cyprianus
3308 2972 3364 3027 in
3386 2983 3552 3040 atras,

2107 3104 2156 3170 Ο
2181 3089 2208 3117 (ι
2241 3067 2489 3140 Signum,
2516 3066 2610 3133 ait,
2643 3066 2920 3137 aspiciens
2954 3063 3208 3120 Cruxiﬁxi
3241 3067 3447 3132 solvor,
3479 3068 3678 3123 eodem

2185 3161 2476 3226 Deﬁciens,
2512 3163 2808 3233 liquorque
2837 3161 2956 3216 ﬂuit
2985 3177 3084 3216 ceu
3107 3177 3231 3216 cera
3264 3163 3587 3237 perignem.

2185 3255 2530 3321 —Tene,ait,
2560 3262 2644 3310 est
2674 3255 2846 3323 major
2873 3253 3172 3309 Crucifixus
3198 3254 3297 3308 ?—
3325 3255 3497 3323 Major
3516 3262 3571 3310 at
3600 3256 3693 3311 ille

2185 3348 2451 3403 Omnibus
2482 3356 2585 3412 est,
2628 3362 2822 3418 poenas
2852 3346 3066 3400 meritis
3093 3346 3302 3418 quiqne
3322 3347 3523 3402 inferet
3543 3349 3710 3403 ultor.

2184 3436 2527 3509 Pergendum
2569 3434 2900 3506 est,inquit,
2943 3435 3355 3507 quaerendaque
3372 3436 3546 3508 gratia
3583 3437 3692 3491 Fixi

2182 3525 2257 3578 Ne
2291 3541 2485 3595 pinnas
2516 3525 2743 3579 tolerem
2768 3523 3064 3594 quibusest
3085 3522 3352 3578 furiturus
3374 3524 3430 3578 in
3465 3525 3672 3580 hostes.
3705 3551 3725 3566 -

2181 3616 2451 3683 Abjurans
2478 3615 2645 3687 igitur
2674 3615 2900 3668 virtutes
2929 3613 3120 3668 fraude
3152 3614 3421 3688 vigentes,

2179 3705 2664 3776 Contemncnsque
2693 3712 3020 3775 potestatem
3050 3703 3388 3774 superabilis
3403 3705 3622 3779 anguis.

2181 3792 2434 3848 Prtesulis
2461 3791 2716 3846 Ecclesite
2749 3791 2984 3862 pedibus
2999 3791 3363 3862 provolvitur,
3395 3809 3563 3848 orans

2180 3882 2436 3937 Notitiam
2464 3881 2800 3953 signumque
2831 3881 2949 3935 dari
2975 3881 3080 3936 sibi
3114 3881 3301 3938 nobile
3325 3882 3548 3937 Christi.

2184 3971 2422 4027 Praesule
2455 3970 2784 4025 formidante
2815 3970 2992 4038 dolos,
3021 3971 3152 4026 dum
3184 3971 3409 4042 pellitur
3447 3989 3616 4044 aeger.

2181 4065 2371 4118 Narrat
2403 4063 2480 4117 uti
2512 4063 2681 4118 victas
2699 4063 2911 4117 Satanae
2943 4063 3265 4138 cognoverit
3297 4071 3464 4119 artes.

2183 4154 2374 4207 Grates
2408 4153 2495 4207 ille
2527 4154 2637 4208 Deo
2667 4151 2935 4218 referens,
2977 4153 3278 4208 catechizat
3317 4154 3518 4210 alendo

2187 4245 2343 4299 Lacte
2371 4245 2476 4315 piae
2507 4243 2655 4310 ﬁdei,
2683 4242 2953 4298 Christum
2985 4251 3174 4298 monet
3200 4251 3364 4316 atque
3397 4248 3695 4317 petendum
3777 4317 3782 4320 _

2184 4337 2310 4405 Ejus
2351 4336 2402 4390 in
2442 4337 2700 4404 ecclesia,
2726 4335 2987 4407 cleroqne
3011 4337 3330 4408 frequenter
3351 4341 3652 4410 agendum.

2185 4430 2287 4483 lste
2321 4428 2527 4482 donum
2549 4427 2770 4482 rediens
2786 4443 2911 4482 mox
2944 4427 3191 4484 funditus
3212 4430 3399 4484 omnia
3437 4431 3643 4507 frangit

2187 4521 2432 4594 Figmina
2460 4520 2584 4592 quis
2615 4519 2720 4573 ritu
2760 4519 2964 4574 celebri
2994 4521 3201 4575 servire
3229 4522 3465 4590 solebat,

2186 4613 2444 4685 Vanaque
2477 4612 2774 4684 projiciens
2800 4612 3056 4684 lacrymis
3085 4613 3326 4670 admissa
3354 4615 3562 4681 luebat,

2191 4706 2488 4761 Ecelesiam
2523 4712 2798 4776 repetens,
2819 4705 2995 4776 poscit
3021 4705 3127 4760 sibi
3167 4706 3326 4781 signa
3355 4708 3553 4764 salutis

2191 4797 2431 4852 Ostendi.
2469 4797 2792 4869 Ingrediens
2820 4797 2973 4852 audit
3007 4798 3253 4854 :Salvum
3291 4802 3431 4854 Deus
3462 4803 3520 4854 in
3550 4806 3601 4855 te

2191 4887 2506 4956 Spe-mntem
2533 4887 2700 4954 facito
2721 4901 2931 4941 servum
2961 4903 2975 4951 ;
3003 4886 3082 4941 sic
3108 4896 3306 4942 caetera
3335 4905 3569 4960 quaeque

2197 4977 2258 5032 Ut
2288 4977 2439 5050 vigili
2476 4976 2637 5031 trahit
2659 4993 2810 5042 aure,
2830 4978 2977 5047 capit
3005 4978 3337 5034 documenta
3367 4981 3608 5036 salubris

2194 5065 2427 5136 Eloquii,
2463 5064 2714 5136 ﬁxusque
2745 5072 2930 5121 manet
2955 5067 3389 5123 catechumenus
3421 5068 3564 5123 intra

2193 5157 2326 5209 Dum
2354 5155 2548 5226 reliqui
2581 5170 2876 5226 properare
2908 5153 3054 5210 foras
3073 5156 3412 5211 mandantur
3434 5198 3448 5222 ,
3483 5168 3539 5212 at
3559 5158 3723 5228 ipsum

2190 5247 2348 5304 Exire
2369 5255 2427 5303 ut
2456 5249 2620 5303 levita
2649 5255 2856 5313 monet,
2875 5264 2939 5303 ac
2969 5249 3098 5304 talia
3125 5248 3306 5304 reddit
3338 5266 3352 5303 :

2199 5361 2220 5389 ι
2253 5340 2454 5394 Servus
2485 5355 2606 5394 sum
2640 5338 2833 5394 Christi
2853 5338 3046 5406 factus,
3078 5355 3166 5394 me
3181 5347 3445 5411 extraque
3473 5338 3721 5412 repellis?

2195 5463 2260 5472 —
2291 5431 2541 5487 Nondum
2560 5430 2836 5502 perfectus
2865 5430 3064 5487 Christi
3092 5432 3424 5506 dignoscere
3457 5449 3664 5498 servus,
3686 5451 3707 5482 ι

2197 5523 2473 5579 Sollicitus
2501 5523 2672 5578 sacris
2695 5523 2979 5595 respondit
2999 5523 3068 5577 ad
3101 5523 3204 5579 ista
3228 5524 3484 5580 minister
3508 5543 3524 5579 :

2200 5636 2225 5658 ιι
2250 5611 2392 5666 Vivit
2429 5620 2482 5666 at
2513 5611 2604 5666 ille
2619 5611 2753 5666 mihi
2795 5611 3043 5667 Christus
3071 5612 3168 5683 qui
3191 5613 3459 5669 daemonis
3478 5619 3629 5670 actus

2199 5702 2470 5771 Confudit,
2505 5703 2674 5760 nostri
2706 5703 2880 5758 factus
2901 5703 3106 5775 pietate
3123 5705 3380 5761 misertus
3415 5725 3430 5772 ;
