3970 6200
221 368 334 423 569
782 365 865 418 DE
906 365 1271 419 TRIUMPHIS
1313 367 1573 421 ClllllS'l‘l
1615 368 1985 423 ANTIOCHI/ﬁ
2027 369 2250 423 GESTIS
2292 370 2467 425 LIBRI
2512 371 2660 425 DUO.
2702 401 2772 411 —
2811 372 2939 426 LlB.
2986 373 3024 425 Ι.
3448 372 3556 425 570

1872 504 1914 566 Α
1948 496 2134 549 Limen
2166 504 2226 550 ut
2255 496 2439 551 ostioli
2481 497 2661 571 tetigit
2694 498 2970 552 resolutus
3000 497 3069 550 ab
3111 504 3247 561 arte,

1946 584 2065 654 Ipse
2104 584 2394 638 videbatur
2424 585 2620 640 nolens
2654 586 2970 656 Cyprianus,
3006 594 3059 639 et
3083 587 3312 639 horrens

1946 674 2189 738 Qualiter
2211 676 2483 741 Acladius,
2518 692 2706 747 passer
2731 677 3050 731 malefactus
3072 677 3139 729 ab
3170 677 3310 747 ipso,

1946 766 2107 820 Tecta
2125 768 2526 837 supervolitans
2555 769 2892 837 superaverit
2914 769 3017 822 alta
3059 768 3274 838 puellae,

1950 855 2057 907 Sed
2104 854 2352 909 residens
2386 856 2598 925 plumas
2638 856 2827 927 positis
2856 856 3226 910 amiseritalis

1951 946 2154 999 Invitus
2178 947 2399 1013 juvenis
2418 948 2779 1019 proliriosque
2810 948 3170 1018 resumpserit
3200 954 3349 1002 artus

1953 1034 2225 1103 Depositis
2256 1035 2453 1104 pinnas
2484 1035 2607 1089 talis
2637 1036 2727 1106 qui
2770 1037 3093 1089 ascenderat
3122 1036 3254 1100 alis;

1953 1129 2172 1199 Spicula
2194 1145 2317 1199 quze
2338 1130 2551 1183 dederit
2579 1130 2871 1200 replicans,
2902 1132 3042 1184 mala
3064 1137 3265 1201 quanta
3290 1130 3492 1199 pararit

1953 1218 2274 1281 Fraudibus,
2309 1226 2366 1271 ut
2398 1226 2583 1288 posset
2608 1218 2801 1272 fortem
2844 1224 3061 1287 captare
3090 1218 3349 1287 puellam,

220 511 341 565 Non
363 510 492 564 hinc
524 509 775 582 egrediar
806 508 999 562 Christi
1036 510 1139 563 nisi
1170 510 1396 564 vernula
1414 510 1587 565 factus

217 599 441 671 Integer
461 598 742 653 exstitero.
781 619 800 645 ο
841 598 1135 651 Denuntiat
1163 598 1266 653 ista
1288 599 1484 653 diacon

217 690 506 754 Pontifici;
540 698 694 744 vocat
725 690 814 743 ille
851 705 1050 743 novum
1075 698 1320 762 gnatum,
1358 690 1737 745 instruitalmo

221 789 513 861 Degmate,
549 784 851 856 perfectum
879 784 1087 838 faciens
1117 785 1443 855 baptismate
1460 794 1667 852 sacrat;

214 880 486 949 Tempore
512 894 613 931 nec
642 878 811 932 multo
849 878 1067 932 levitam
1095 879 1240 931 hunc
1271 879 1511 933 destinat
1540 879 1663 933 aris.

218 971 404 1025 Gratia
439 977 701 1039 prmterea
732 975 922 1023 contra
946 970 1071 1023 data
1095 968 1361 1023 daemonis
1392 976 1535 1025 artes

216 1058 419 1131 Magna
438 1056 652 1112 refulsit
677 1056 803 1111 huic
820 1056 1007 1127 plures
1036 1057 1227 1130 largita
1245 1058 1511 1124 medelas,

219 1154 334 1207 Nec
359 1152 467 1207 dici
502 1152 646 1222 potis
676 1158 754 1205 est
787 1159 1022 1222 quantas
1053 1160 1278 1223 Operata
1301 1152 1525 1219 salutes,

218 1243 475 1312 Denique
508 1242 815 1312 presbyteri
851 1241 1113 1295 virtutum
1148 1242 1386 1296 culmine
1413 1242 1707 1303 scandens.

224 1336 597 1408 Doctrinaque
630 1336 832 1402 nitens,
867 1335 995 1389 fidei
1025 1336 1269 1407 percepit
1292 1336 1589 1403 honorem;

222 1425 467 1479 Praesule
494 1424 777 1489 defuncto,
821 1426 1055 1494 sumpsit
1088 1440 1196 1495 quo
1227 1441 1379 1480 sacra
1412 1426 1631 1491 lavacri,

227 1514 479 1567 Praasulis
518 1512 763 1568 ofﬁcium
794 1513 1006 1567 meritis
1035 1513 1261 1568 sortitus
1286 1514 1552 1575 honestis.

220 1606 612 1676 Justinamque
637 1605 731 1659 Dei
769 1604 1025 1658 famulam
1052 1604 1179 1659 facit
1209 1622 1330 1659 esse
1361 1605 1668 1659 ministram

224 1698 444 1763 Altaris,
474 1697 566 1750 dat
592 1696 856 1770 virgineis
888 1696 1218 1768 praefertque
1243 1697 1476 1752 choreis.

303 1786 571 1839 Cordibus
642 1786 769 1839 hinc
833 1786 1113 1840 hominum
1175 1785 1365 1839 Christi
1434 1786 1562 1839 dum
1640 1783 1851 1837 semina

1523 1873 1767 1945 [spargit,

224 1964 307 2018 Fit
347 1978 559 2017 memor
590 1963 707 2033 ipse
739 1962 847 2027 sui,
881 1962 1094 2016 Satanae
1126 1979 1263 2033 quas
1292 1963 1497 2017 vicerat
1528 1970 1672 2017 artes

224 2053 544 2119 Notificans,
574 2053 697 2124 quis
719 2053 1045 2124 squalluerit
1071 2054 1404 2109 constrictus
1430 2055 1654 2119 ahenis;

223 2146 525 2199 Accusator
550 2150 609 2197 ut
635 2152 718 2197 est
757 2143 951 2197 solitus
981 2142 1097 2197 fieri
1124 2142 1227 2197 sibi
1253 2142 1457 2210 justus,
1716 2214 1717 2217 η

223 2236 456 2287 Accusat
486 2246 610 2285 sese
644 2231 789 2285 haud
821 2231 987 2286 fuerit
1016 2231 1163 2301 quod
1188 2232 1423 2301 nequior
1451 2231 1618 2297 ullus,

225 2328 502 2381 Enarrans
531 2333 588 2380 ut
617 2341 740 2380 eum
764 2325 969 2380 Phoebo
998 2326 1256 2379 addixere
1289 2332 1566 2395 parentes,

227 2418 405 2487 thue
428 2415 753 2470 ministrarit
786 2415 967 2469 Dianae
998 2414 1052 2468 in
1088 2420 1272 2469 monte
1304 2413 1550 2468 draconi.

220 2509 343 2562 Non
374 2507 559 2562 celans
587 2514 645 2561 ut
683 2506 1027 2576 Olympiacas
1056 2506 1281 2560 servivit
1323 2505 1388 2557 ad
1422 2521 1563 2571 aras,

226 2600 345 2654 lllic
373 2599 642 2672 sacrilego
684 2606 967 2669 promotus
996 2600 1204 2654 honore
1236 2601 1519 2665 sacerdos,

220 2687 562 2741 Daemonicas
577 2686 797 2741 discens
817 2687 978 2753 vires,
1005 2688 1381 2757 phantasmata
1407 2689 1620 2751 divum,

217 2776 518 2848 Aeriasque
539 2784 860 2847 potestates,
886 2778 1192 2849 insanaque
1222 2778 1409 2845 verba,

224 2867 394 2930 Bella,
416 2881 600 2931 sonos,
623 2866 904 2935 strepitus,
932 2866 1150 2933 herbas,
1179 2867 1487 2934 mendacia,
1514 2868 1771 2931 fraudes;

223 2956 325 3021 Qui
353 2954 529 3010 varias
556 2954 689 3008 varii
726 2962 1024 3025 prOperant
1044 2956 1311 3011 seducere
1336 2964 1560 3031 gentes;

227 3045 292 3099 Ut
320 3051 443 3115 post
471 3043 760 3118 [Egyptum
803 3043 1055 3099 Chaldaea
1083 3044 1338 3115 petiverit
1368 3062 1493 3100 arva

224 3139 401 3207 Atque
436 3135 879 3190 mathematicam
912 3146 1181 3191 nocturna
1208 3154 1307 3208 per
1332 3146 1475 3192 astra
1504 3140 1738 3201 notavit;

227 3230 567 3286 Daemonicas
586 3231 709 3286 illos
738 3239 952 3286 constat
982 3248 1119 3303 quas
1149 3248 1370 3287 sumere
1405 3235 1629 3299 formas,

222 3323 413 3385 Actus,
440 3337 657 3376 errores
680 3322 909 3395 magicis
937 3323 1242 3398 depingere
1271 3325 1453 3390 libris;

227 3413 294 3468 Ut
316 3413 543 3481 studuit,
568 3414 721 3468 tetris
756 3416 996 3469 imbutus
1027 3415 1315 3471 fraudibus
1336 3418 1559 3482 horum;

225 3502 470 3574 Angelus
498 3510 556 3556 ut
589 3503 802 3558 Satanae
833 3504 970 3559 lucis
996 3521 1056 3559 se
1086 3506 1253 3560 comit
1276 3506 1519 3571 honore;

227 3593 475 3658 Qualiter
512 3594 695 3649 aerius
722 3596 980 3667 princeps
1001 3613 1058 3651 se
1087 3598 1424 3668 prompserit
1450 3597 1551 3665 illi,

235 3684 522 3756 Colloquio
552 3694 815 3757 reputans
845 3688 1071 3760 dignum
1115 3689 1360 3760 proprio,
1394 3699 1559 3761 atque
1589 3691 1854 3759 salutans,

230 3773 595 3845 Astutumque
652 3791 873 3842 vocans,
942 3794 1194 3847 puerum,
1269 3779 1643 3852 placitumque
1697 3782 1857 3835 mini-

1571 3869 1782 3940 [strum,

225 3955 379 4007 Inter
403 3952 672 4023 primores
699 3955 819 4023 ejus
848 3956 942 4027 qui
973 3956 1173 4030 dignus
1212 3957 1404 4012 haberi

228 4048 543 4103 Promeruit
574 4050 800 4120 primas,
834 4058 887 4105 et
914 4050 1059 4105 filius
1095 4052 1225 4106 inde
1258 4053 1461 4120 vocari,

231 4139 298 4193 Ut
327 4139 434 4193 sibi
458 4142 788 4209 promissum
821 4143 1086 4213 compleri
1115 4160 1348 4216 quaeque
1381 4146 1621 4215 petisset,

228 4227 303 4281 Ac
342 4227 679 4283 desiderium
707 4230 809 4285 sibi
842 4231 990 4301 quod
1025 4231 1277 4287 libuisset
1300 4234 1574 4305 agendum
1602 4252 1615 4288 :

230 4317 405 4387 Inque
434 4317 739 4372 ministerio
769 4319 959 4373 cuneis
991 4320 1227 4391 stipatus
1258 4323 1474 4393 adeptis

228 4408 574 4475 Umbrarum,
606 4411 808 4484 gaudet
838 4428 1098 4482 proceres
1123 4415 1329 4470 servire
1359 4424 1600 4486 paratos,

228 4500 493 4555 Mirantur
523 4502 616 4572 qui
648 4502 770 4557 talis
795 4503 925 4558 huic
955 4506 1099 4575 quod
1135 4507 1318 4560 dedita
1348 4507 1541 4575 virtus,

228 4593 493 4665 Argntum
528 4593 675 4663 quod
708 4594 854 4663 apud
882 4611 1067 4669 regem
1094 4595 1481 4654 fiduciatanta.

231 4680 588 4751 Prosequitur
614 4682 808 4752 quales
832 4700 924 4737 rex
947 4684 1032 4738 hic
1058 4685 1163 4738 sibi
1189 4685 1359 4760 fingat
1378 4688 1636 4743 honores.

227 4769 289 4823 Et
315 4786 437 4840 quae
464 4786 603 4825 vana
634 4779 800 4835 creat,
835 4771 1057 4827 fraudes
1090 4789 1200 4844 quo
1234 4785 1507 4846 przeparat
1528 4787 1679 4845 astu;

225 4862 375 4925 Quos
407 4870 747 4932 quantosque
776 4864 935 4919 dolos
961 4864 1192 4919 Justinus
1224 4865 1512 4922 intorserit
1539 4870 1694 4935 olim,

228 4951 406 5022 thue
440 4950 514 5004 illi
547 4952 652 5006 sibi
682 4962 967 5023 parentum
1002 4957 1364 5013 transmiserit
1395 4975 1615 5033 agmen,

227 5045 366 5098 Hinc
396 5044 571 5115 ipsum
598 5048 719 5101 tetri
753 5064 935 5123 regem
965 5066 1087 5104 cum
1128 5051 1304 5107 milite
1335 5053 1464 5108 belli

223 5137 495 5208 Tempore
535 5148 812 5195 certamen
840 5154 1044 5212 quanto
1071 5147 1365 5214 patraverit
1395 5148 1539 5202 istud
1564 5165 1578 5211 ;

227 5229 497 5302 Utregem
526 5231 726 5285 victum
754 5233 974 5288 tandem
1007 5236 1113 5289 sibi
1136 5237 1361 5293 demere
1394 5255 1634 5294 amorem

225 5323 428 5390 Oravit,
452 5340 614 5394 quem
648 5341 759 5380 non
788 5327 1028 5382 validum
1061 5331 1311 5386 conferre
1345 5332 1610 5387 medelam

223 5413 544 5483 Opprobriis
576 5414 738 5484 petiit
762 5417 949 5471 multis
978 5435 1289 5491 vanumque
1322 5422 1607 5493 probavit;

225 5505 427 5559 Versus
467 5517 526 5560 ut
555 5507 609 5561 in
634 5509 877 5578 speciem
908 5510 1135 5566 Justinae
1166 5516 1419 5583 apparuit
1450 5515 1548 5581 illi,

220 5592 396 5661 Hujus
429 5601 488 5648 ut
516 5595 802 5664 accipiens
833 5612 1036 5651 nomen
1068 5598 1295 5655 deﬂuxit
1321 5612 1380 5657 ut
1407 5601 1633 5665 umbra;

221 5687 287 5742 Ut
313 5688 647 5744 Zoroastraea
676 5689 923 5745 diversas
953 5698 1065 5745 arte
1096 5693 1298 5766 figuras

224 5781 496 5850 lnduerit,
526 5780 726 5833 mulier
748 5782 833 5835 vel
874 5780 991 5836 avis
1022 5781 1213 5850 factus,
1247 5795 1300 5840 et
1340 5786 1461 5855 ejus

1954 1310 2238 1374 Quomodo
2268 1319 2465 1365 cuncta
2494 1311 2689 1363 videns
2719 1308 2911 1362 Christi
2946 1314 3168 1362 vacuata
3195 1309 3381 1380 vigore

1952 1403 2078 1456 Tela
2104 1404 2210 1467 sui,
2247 1411 2435 1457 contra
2467 1417 2588 1470 quae
2616 1400 2847 1474 virginis
2876 1407 2993 1454 acta
3024 1400 3313 1469 pudorem,

1950 1497 2175 1551 .lustinaa
2205 1496 2370 1565 caspit
2399 1493 2608 1547 crebris
2638 1492 2898 1547 extollere
2920 1506 3118 1545 nomen

1952 1587 2221 1658 Eloquiis;
2252 1586 2487 1654 ideoque
2518 1581 2860 1653 fugientibus
2886 1581 3015 1634 inde
3050 1581 3313 1635 ministris

1950 1675 2244 1746 Spiritibus
2268 1672 2373 1725 sibi
2402 1672 2704 1735 concessis,
2729 1671 2855 1741 quia
2886 1669 3027 1723 ferre
3056 1671 3354 1740 nequirent

1955 1764 2195 1838 Egregia":
2221 1777 2426 1817 nomen
2456 1761 2652 1813 saltem
2686 1774 2941 1813 resonare
2976 1758 3205 1827 puellis;

1870 1854 1915 1919 IS
1946 1856 2171 1926 lmpotis
2198 1864 2257 1907 ut
2292 1851 2437 1922 regis
2464 1851 2639 1923 magis
2668 1850 2796 1902 hinc
2817 1856 3175 1903 contemnere
3199 1864 3333 1902 vana

1949 1940 2205 2010 Coeperit,
2230 1938 2567 2008 exprobrans
2595 1943 2647 1989 ct
2671 1936 2861 1989 frivola
2876 1943 3089 2005 sceptra
3121 1936 3384 2000 refutans,

1949 2036 2219 2103 Abjurans
2250 2035 2400 2105 leges
2431 2040 2484 2085 et
2511 2029 2777 2100 principis
2807 2045 2957 2083 arma
2986 2029 3232 2094 nefandi,

1951 2123 2105 2177 Vires
2132 2120 2492 2195 magnificans
2515 2118 2732 2183 Christi,
2768 2134 3078 2189 nomenque
3110 2119 3420 2189 decusque;

1953 2214 2018 2267 Ut
2046 2229 2105 2266 se
2136 2211 2356 2285 flagitiis
2386 2212 2513 2265 dum
2548 2210 2777 2286 pwnitet
2806 2224 2929 2263 esse
2959 2209 3242 2264 subactum

1952 2304 2159 2370 Tantis,
2192 2319 2467 2357 exacuens
2498 2318 2729 2371 serpens
2758 2301 3045 2356 molimina
3077 2301 3195 2356 dira

1956 2397 2257 2469 Aggressus
2286 2394 2454 2448 nimia
2493 2394 2544 2447 vi
2565 2392 2832 2448 suffocare
2865 2393 3073 2463 paravit

1954 2485 2413 2555 Seminecemque
2443 2483 2618 2547 dedit,
2652 2482 2845 2536 Christi
2876 2482 2975 2535 sed
3009 2481 3232 2535 nomine
3256 2481 3424 2544 dicto,

1955 2579 2119 2652 Signa
2149 2579 2327 2633 crucis
2359 2578 2587 2644 faciens,
2620 2578 2855 2632 evaserit
2884 2594 2981 2632 ora
3006 2578 3262 2632 draconis

1944 2670 2198 2745 lgniferi,
2229 2669 2437 2724 rabidis
2476 2674 2763 2739 exemptus
2794 2668 3046 2723 faucibus
3084 2669 3299 2742 anguis.

1955 2762 2019 2815 Ut
2050 2774 2271 2831 quoque
2302 2758 2475 2812 multa
2502 2756 2720 2811 minans
2749 2772 2809 2810 se
2842 2757 3136 2827 desperare
3166 2758 3398 2811 salutem

1949 2854 2305 2925 Compulerit,
2363 2868 2465 2908 nec
2536 2869 2660 2906 eum
2722 2862 2903 2907 tamen
2981 2851 3108 2907 hinc
3172 2852 3275 2905 sibi
3330 2850 3571 2905 subdere

3282 2944 3494 3016 [quivit.

1950 3040 2048 3105 Qui
2079 3028 2247 3109 super
2280 3039 2441 3093 istum
2477 3038 2827 3095 Christicolas
2856 3036 3330 3113 rogitavitamicos

1897 3177 1918 3197 η
1950 3136 2027 3187 An
2068 3150 2125 3187 se
2147 3140 2258 3187 tam
2291 3135 2550 3188 miserum
2579 3136 2824 3188 clemens
2853 3134 3130 3188 miseratio
3164 3132 3357 3187 Christi

1873 3182 1920 3244 (3

1947 3226 2243 3281 Tantorum
2286 3233 2510 3294 caperet
2538 3225 2805 3280 scelerum
2841 3226 3139 3280 vincimine
3169 3240 3389 3279 nexum.
3417 3276 3420 3279 Α

1946 3320 2094 3374 Tunc
2120 3327 2285 3382 artes,
2322 3318 2561 3383 fraudes,
2597 3326 2820 3383 mortes,
2862 3328 3072 3390 stupra,
3096 3319 3208 3373 liba
3248 3319 3495 3385 revolvit,

1948 3410 2114 3465 Multa
2142 3425 2354 3465 venena
2384 3425 2613 3464 vomens
2646 3410 2901 3481 lacrymis
2930 3426 3153 3483 quoque
3181 3410 3407 3464 crimina
3442 3428 3572 3481 pur-

3320 3503 3495 3578 [gans,

1957 3595 2195 3651 Offusum
2229 3595 2481 3665 lacrymis
2511 3596 2702 3650 dulces
2732 3597 2976 3651 solantur
3000 3598 3157 3653 amici

1958 3689 2017 3743 Et
2046 3688 2134 3759 pia
2164 3688 2230 3741 de
2262 3687 2505 3741 bonitate
2538 3688 2633 3741 Dei
2666 3688 3046 3761 paradigmata
3077 3698 3355 3758 promunt,

1957 3783 2332 3853 Attolluntque
2355 3782 2572 3839 animos
2601 3798 2800 3854 magno
2830 3783 2932 3837 sub
2961 3783 3105 3839 fasce
3137 3784 3402 3839 labantes.

1958 3872 2235 3943 Praecipue
2267 3872 2505 3942 quodam
2540 3872 2712 3926 nitido
2742 3886 2997 3926 sermone
3028 3871 3234 3925 diserto

1956 3965 2190 4021 Eusebio
2229 3965 2411 4038 dignis
2443 3965 2592 4019 illum
2618 3966 2941 4019 exhortante
2975 3962 3223 4034 profatis,

1954 4056 2032 4110 Ad
2058 4072 2213 4127 spem
2248 4064 2530 4127 promotus
2569 4055 2785 4110 Domini
2814 4062 2873 4109 ut
2898 4055 3100 4125 pietate
3124 4052 3332 4107 levatur

1954 4147 2209 4201 Solamen
2238 4148 2484 4217 capiens,
2522 4146 2753 4199 facunde
2778 4147 2881 4200 hoc
2913 4143 3246 4205 notiﬁcante,

1956 4237 2252 4307 Scriptum
2284 4242 2338 4291 et
2366 4252 2535 4291 sacrae
2558 4237 2773 4290 diversa
2798 4234 3121 4305 probamina
3144 4234 3330 4295 dante,

1956 4326 2182 4379 Dextera
2204 4324 2351 4377 celsa
2378 4324 2475 4377 Dei
2510 4325 2699 4394 quales
2739 4323 3030 4377 mutaverit
3057 4329 3211 4376 actus
3235 4340 3249 4385 ;

1955 4413 2186 4467 Verterit
2214 4420 2273 4466 ut
2297 4429 2514 4483 pravos,
2542 4413 2779 4467 erexerit
2798 4412 2952 4466 ocius
2981 4412 3171 4467 almos.

1958 4502 2155 4555 Ductus
2185 4500 2241 4555 in
2272 4501 2559 4555 ecclesiam
2591 4501 2836 4571 percepit
2862 4500 2930 4553 ab
2956 4500 3082 4554 inde
3104 4499 3357 4562 salutem,

1874 4561 1931 4628 D
1957 4592 2378 4663 Combussitque
2408 4561 3033 4664 libros-artis-ﬁgmenta
3060 4591 3324 4662 profanae.

1960 4684 2130 4754 ldque
2162 4681 2255 4737 ubi
2279 4683 2537 4756 cognovit
2568 4681 3021 4747 factum,.lustina
3051 4680 3252 4735 dicavit

1962 4780 2031 4834 Se
2065 4779 2295 4842 Christo,
2330 4779 2575 4833 vendens
2596 4776 2835 4847 pretiosa
2866 4774 3278 4831 moniliaeultus

1966 4876 2229 4940 chinei,
2273 4891 2504 4946 quorum
2535 4874 2768 4945 pretium
2793 4872 3019 4947 largitur
3048 4871 3257 4946 egenis.

1950 4971 2083 5027 Post
2113 4971 2305 5025 doctor
2333 4970 2505 5023 factus
2546 4967 2870 5039 Cyprianus,
2902 4974 2955 5021 et
2985 4965 3175 5019 omnia
3202 4964 3427 5027 callens,

1947 5062 2073 5117 Tela
2094 5058 2426 5116 veneniferm
2457 5057 2628 5128 pestis
2654 5057 2877 5112 vitanda
2905 5056 3159 5124 docebat,
3210 5056 3218 5066 “

1953 5152 2306 5227 Anguigenas
2336 5149 2577 5215 fraudes,
2612 5147 2886 5203 anfractus
2922 5148 3063 5202 furta
3096 5147 3356 5203 notando.

2024 5246 2086 5297 At
2115 5242 2278 5297 draco
2309 5241 2540 5306 virosus,
2572 5255 2812 5294 maerens
2843 5255 2941 5293 sua
2972 5239 3199 5294 crimina
3229 5238 3419 5310 pandi,

1955 5336 2126 5406 Atque
2154 5350 2268 5389 sua:
2294 5334 2364 5388 de
2391 5348 2449 5387 se
2479 5331 2678 5402 praeda:
2706 5337 2953 5402 spectare
2986 5330 3322 5403 triumphum

1956 5429 2121 5483 Multa
2151 5429 2364 5495 dolens,
2396 5427 2611 5502 Stygias
2641 5425 3097 5499 animosinstigat
3125 5427 3180 5481 in
3215 5427 3322 5480 iras

1955 5518 2224 5587 Principis
2258 5519 2370 5585 Eoi,
2405 5527 2616 5589 quaerat
2646 5534 2755 5590 quo
2784 5518 3056 5592 dogmatis
3088 5518 3251 5587 hujus

1956 5606 2304 5678 Christiloqui
2336 5625 2535 5683 magno
2569 5608 2896 5680 Cyprianum
2924 5610 3045 5679 jure
3078 5609 3423 5683 magistrum,

1953 5701 2053 5764 Qui
2081 5700 2305 5767 multas,
2334 5689 2522 5769 juncta
2550 5706 2788 5775 quadam
2819 5705 2921 5759 sibi
2952 5704 3185 5778 virgine,
3220 5703 3399 5762 firmat

1955 5790 2014 5844 ln
2046 5789 2239 5844 Christi
2273 5800 2514 5861 perstare
2545 5794 2655 5850 fide
2686 5813 2788 5853 nec
2812 5798 3010 5853 cedere
3050 5797 3251 5871 flagris.
