3970 6200
416 300 516 355 571

420 425 775 496 Compericns
794 424 1009 479 Satanae
1033 423 1252 479 famulis
1284 424 1625 482 Eutholimus
1662 426 1827 481 istud.

416 515 596 581 Mittit,
631 523 686 569 et
716 513 950 570 accersit
980 529 1167 569 secum
1197 530 1321 570 cum
1349 515 1561 588 virgine
1590 516 1822 570 Patrem.

417 605 564 669 Quos
594 605 703 659 sibi
738 605 867 659 dum
892 605 1078 659 statuit
1098 606 1346 660 custodia
1366 606 1585 676 publica
1615 607 1861 662 vinctos:

421 721 443 741 -
486 697 635 752 Tune
667 713 746 763 es,
777 696 872 763 ait,
906 697 1096 751 doctor
1125 697 1338 772 magica
1364 698 1669 770 Cyprianus
1693 697 1747 752 in
1775 702 1889 752 arte

418 785 517 851 Qui
552 785 753 840 multos
782 801 963 840 errare
993 785 1127 840 facis
1157 786 1258 840 sub
1291 787 1512 841 nomine
1541 786 1780 842 Christi?

420 906 484 914 —
516 874 716 929 Doctus
749 875 825 943 (at
856 874 970 944 ille)
1004 875 1076 928 fui
1112 875 1340 948 magicis
1371 876 1425 928 in
1457 875 1740 930 fraudibus
1772 875 1925 942 olim,

417 962 663 1017 Luxuriae
684 979 874 1017 servus
898 973 953 1017 et
980 963 1302 1034 perditionis
1332 965 1608 1031 alumnus,

418 1055 614 1110 Multos
642 1054 971 1125 illaqueans,
1000 1064 1055 1109 et
1087 1055 1332 1125 perditus
1363 1055 1529 1126 impia
1550 1055 1806 1122 tradens;

416 1148 521 1201 Sed
549 1164 636 1202 me
666 1149 892 1203 salvavit
923 1147 1164 1202 Christus
1194 1165 1293 1218 per
1321 1148 1551 1221 virginis
1579 1149 1745 1217 hujus

419 1243 613 1296 Prmlia
639 1243 890 1307 Justinm,
925 1242 1083 1314 signo
1107 1258 1228 1315 qua:
1247 1243 1528 1298 daemonas
1557 1259 1751 1298 omnes

419 1333 628 1387 Devicit
668 1333 887 1398 Christi,
918 1334 1185 1387 mandans
1223 1350 1362 1404 quos
1393 1334 1642 1403 improbe
1670 1334 1793 1389 misi

423 1422 484 1475 Ut
514 1428 793 1492 caperent,
822 1423 1143 1493 sociamque
1165 1423 1296 1476 mihi
1320 1439 1441 1478 cum
1467 1423 1659 1478 fraude
1685 1430 1961 1494 pararent.

421 1509 516 1564 llla
535 1511 630 1564 sed
661 1510 778 1565 haec
802 1526 1073 1582 spernens
1097 1513 1261 1566 Simul
1285 1513 1473 1566 omnia
1499 1511 1648 1579 vicit,
1675 1520 1727 1567 et
1749 1513 1926 1583 ipsum

419 1602 498 1657 Me
543 1602 764 1675 eripuit,
818 1603 1220 1675 Dominumque
1275 1603 1428 1658 dedit
1481 1619 1816 1676 cognoscere
1875 1604 2031 1657 Chri-

1708 1692 1889 1764 [stum.
1932 1713 1957 1743 ››

419 1788 570 1842 Tunc
594 1803 782 1843 comes
804 1803 1110 1858 appensum
1137 1787 1430 1856 radijubet
1456 1787 1734 1861 unguibus
1757 1788 1931 1854 illum,

419 1881 801 1950 Justinamquc
835 1881 1011 1950 alapis
1040 1888 1094 1935 et
1123 1881 1307 1935 crudis
1337 1881 1549 1935 caedere
1581 1881 1782 1935 nervis.

422 1971 556 2023 Dum
592 1968 784 2042 ﬂagrat
819 1969 908 2022 illa
941 1969 1052 2023 Deo
1080 1969 1269 2023 laudes
1299 1968 1402 2022 sub
1434 1969 1662 2022 verbera
1691 1968 1894 2023 reddit.

425 2059 740 2114 l’ontificem
769 2066 1018 2114 sanctum
1055 2069 1175 2129 post
1207 2061 1326 2114 haec
1352 2060 1623 2134 ergastula
1654 2067 1895 2131 captant,

423 2152 804 2222 Justinamque
830 2150 1137 2206 Terentium
1161 2167 1361 2222 cepere
1390 2152 1682 2206 fovendam

429 2241 876 2311 Servandamque
910 2241 1075 2307 lares,
1116 2241 1272 2312 cujus
1302 2241 1372 2296 de
1402 2239 1616 2296 lumine
1639 2241 1834 2296 Christi

429 2333 700 2387 lllustrata
729 2333 925 2388 domus
951 2330 1164 2387 meritis
1192 2343 1278 2388 est
1316 2333 1549 2404 virginis
1579 2334 1740 2401 hujus

431 2425 564 2478 llinc
595 2423 792 2478 iterum
825 2423 996 2490 ducti,
1039 2440 1205 2496 parvo
1238 2433 1359 2496 post
1389 2434 1637 2496 tempore
1661 2425 1809 2491 trito,

428 2516 682 2590 Belligeri
715 2516 885 2571 fortes
911 2525 1058 2572 stant
1087 2517 1292 2585 judicis
1320 2527 1446 2572 ante
1479 2517 1741 2582 tribunal,

427 2609 660 2665 Nomine
693 2625 789 2679 pro
821 2609 1013 2665 Christi
1044 2610 1142 2664 sed
1174 2619 1228 2665 et
1258 2610 1451 2664 ultima
1482 2609 1626 2664 ferre
1660 2609 1851 2680 parati.

433 2704 626 2759 Ferrea
655 2719 778 2759 mox
809 2703 917 2758 illis
946 2703 1164 2759 fervens
1193 2712 1408 2777 sartago
1439 2705 1684 2775 repletur

433 2794 693 2848 Fomento
720 2794 858 2863 picis
889 2801 1052 2864 atque
1082 2793 1263 2864 adipis
1291 2810 1544 2864 cerzequc
1583 2801 1792 2849 coacto.

435 2888 497 2941 At
527 2887 832 2957 Cyprianus
857 2896 916 2941 ut
946 2887 1251 2959 ingreditur
1279 2888 1595 2943 corroborat
1623 2905 1818 2960 agnam

438 2975 630 3030 Christi
651 2973 941 3040 Justinam,
971 2975 1152 3030 valido
1175 2991 1296 3046 quae
1325 2974 1525 3030 robore
1557 2985 1778 3047 sumpto

440 3066 622 3130 Intrat,
657 3071 712 3119 et
742 3064 894 3119 illaesi
929 3065 1144 3121 medios
1177 3067 1433 3122 laetantur
1462 3069 1518 3121 in
1548 3069 1726 3143 ignes,

1179 297 1542 353 FLODOARDI
1586 296 1888 352 CANONICI
1930 296 2263 352 REMENSIS
2305 293 2639 350 OPUSCULA
2678 291 2984 348 METMCA.

3660 293 3781 347 572

2060 432 2110 498 Α
2139 425 2269 480 Cum
2300 424 2450 480 dicto
2480 423 2665 479 divum
2693 429 2950 494 prOperat
2971 430 3278 477 monstrare
3315 422 3595 494 vigorem,

2136 518 2417 589 Quemque
2469 515 2930 588 propinquantem
2989 514 3249 570 exsiliens
3307 515 3452 586 rapit
3507 523 3566 570 et
3611 525 3792 572 vorat

3519 605 3708 680 [ignis

2136 701 2250 757 Non
2298 701 2669 770 Jovis‘hunc,
2721 698 2957 755 thbus
3007 714 3206 770 neque,
3265 715 3371 754 nec
3419 699 3781 755 fortissimus

3438 792 3499 863 [11
3507 793 3623 848 ercl
3633 809 3704 848 es

2135 886 2307 940 Omne
2344 885 2515 939 Deum
2543 883 2742 956 vulgus
2771 898 2874 937 nec
2905 892 3193 953 protexere
3224 882 3536 954 lupercum,

2135 974 2227 1028 Ast
2253 987 2440 1027 comes
2459 980 2519 1026 ut
2549 969 2799 1040 trepidus
2827 970 3038 1040 stupuit
3062 984 3078 1037 ;
3112 971 3390 1042 magnalia
3423 971 3627 1026 Christi

2137 1062 2358 1118 Nuntiat
2387 1061 2726 1132 imperatori,
2756 1059 2851 1131 qui
2890 1060 2959 1114 ad
3001 1061 3120 1115 baac
3148 1060 3252 1115 sibi
3281 1060 3437 1116 malit

2137 1151 2345 1217 Edicat,
2379 1150 2623 1205 referens
2653 1155 2925 1205 tormenta
2954 1157 3014 1203 ut
3043 1149 3185 1204 victa
3215 1150 3497 1221 quierunt.

2137 1246 2199 1298 At
2229 1244 2507 1315 princeps,
2539 1257 2704 1312 quem
2731 1249 2862 1296 tunc
2891 1241 3210 1296 Nicomedia
3236 1241 3372 1296 forte
3405 1224 3656 1308 fovebat,

2136 1337 2203 1391 Ut
2228 1333 2562 1406 sibilegetur
2586 1332 2774 1386 senior
2802 1347 2924 1386 cum
2958 1331 3171 1403 virgine
3202 1331 3445 1386 mandat.

2137 1429 2418 1483 Ducuntur
2437 1424 2602 1480 variis
2629 1424 2736 1479 acti
2768 1423 3124 1479 cruciatibus.
3159 1424 3254 1480 llle

2136 1519 2312 1589 Turpe
2354 1524 2551 1588 putans
2582 1517 2780 1570 iterum
2800 1516 2846 1570 si
2879 1532 2977 1586 per
3002 1523 3272 1572 tormenta
3302 1516 3495 1592 fatiget

2138 1609 2244 1662 Hos
2269 1606 2484 1671 eadem,
2517 1606 2764 1661 vibrante
2789 1604 3231 1673 jubetmucronc
3266 1605 3435 1662 feriri.

2138 1703 2284 1767 Quos
2307 1701 2652 1756 Theoctistus
2677 1715 2913 1755 cernens
2933 1700 3000 1754 ad
3025 1699 3220 1755 funera
3241 1699 3391 1766 duci,

2063 1752 2114 1819 Β
2141 1752 2338 1844 Qscula
2365 1789 2558 1844 victori
2587 1787 2765 1842 valido
2787 1786 2909 1842 fert.
2932 1788 3212 1858 Conspicit
3241 1752 3387 1843 istud

2143 1878 2416 1952 Cognatus
2446 1877 2667 1949 quidam
2710 1877 2894 1950 regis;
2933 1876 3092 1946 jubet
3122 1883 3286 1948 atque
3319 1877 3505 1932 necari

2142 1972 2296 2026 llunc
2327 1971 2552 2042 pariter,
2576 1971 2872 2046 gladioque
2894 1971 3058 2024 simul
3091 1987 3376 2042 sumpsere
3406 1988 3695 2038 coronam,

2142 2067 2413 2121 Ducentes
2441 2065 2738 2127 celebrem,
2771 2067 2916 2122 victo
2947 2073 3172 2132 tortore,
3203 2066 3564 2138 triumphum,

2153 2153 2388 2224 Corpora
2409 2154 2555 2222 jacta
2583 2153 2712 2209 feris
2743 2155 3034 2223 jacuerunt
3064 2155 3211 2210 nuda
3240 2156 3512 2226 sepulcris

2149 2246 2292 2299 Sena
2316 2243 2460 2309 luce,
2485 2243 2579 2299 Dei
2619 2261 2843 2299 servans
2873 2261 2996 2315 quae.
3021 2243 3248 2300 dextera
3278 2247 3412 2300 texit
3440 2287 3453 2300 .

2146 2337 2388 2407 Tumque
2421 2336 2717 2391 Theoctisti
2751 2336 2921 2402 cives,
2955 2345 3120 2392 noctu
3148 2337 3462 2404 venientes,

2150 2425 2412 2480 Custodes
2439 2425 2569 2479 dum
2601 2426 2919 2492 dormitant,
2943 2427 3260 2480 veneranda
3288 2435 3593 2497 capessunt

2149 2517 2488 2588 Navigioque
2511 2515 2695 2570 ferunt
2721 2523 3039 2570 sanctorum
3066 2531 3297 2586 corpora
3337 2515 3590 2571 Romam.

2150 2606 2276 2671 Qua:
2307 2615 2556 2661 matrona
2580 2603 2686 2659 fide.
2717 2604 2936 2659 fervens
2968 2603 3162 2659 Ruﬁna
3195 2612 3467 2675 receptat,

2151 2695 2534 2766 Prwdioloque
2560 2710 2661 2750 suo
2683 2695 2832 2750 cultu
2865 2694 3093 2765 deponit
3123 2695 3382 2763 honesto,

2154 2788 2354 2842 Horum
2383 2787 2476 2842 ubi
2508 2796 2837 2858 praestantur
2861 2787 3044 2841 multae
3063 2786 3165 2841 sub
3199 2787 3407 2841 honore
3431 2785 3655 2841 salutes.

2221 2877 2490 2932 Praeterea
2521 2876 2725 2947 plures,
2767 2892 2998 2946 quorum
3035 2892 3142 2931 non
3174 2875 3408 2949 legimus
3436 2884 3611 2941 actus,

2147 2972 2492 3041 Tempestate
2520 2968 2623 3023 sub
2656 2969 2756 3024 hac
2781 2969 2976 3024 urbem
3007 2985 3182 3040 penes
3209 2971 3610 3025 Antiochenam

2151 3059 2459 3126 Certarunt,
2489 3058 2871 3130 mundumque
2900 3058 3015 3113 suis
3040 3058 3221 3113 vicere
3252 3058 3567 3129 triumphis.

437 3153 864 3226 Gloriﬁcantque
922 3156 1091 3210 Deum
1163 3173 1262 3228 per
1319 3172 1481 3228 quem
1541 3166 1810 3214 tormenta
1856 3159 2048 3212 trium-
2081 3155 2129 3221 C
2152 3151 2521 3227 Quadraginta
2551 3151 2713 3206 simul
2745 3158 2876 3206 tunc
2901 3161 3356 3206 consummantur
3384 3166 3618 3223 agones,

1825 3246 1976 3300 bant.

1825 3246 1880 3300 ha

437 3334 783 3405 Sculptilium
813 3341 1069 3406 spectans
1109 3335 1437 3390 Athanasius
1467 3335 1572 3390 ista
1597 3245 1880 3401 sacerdgs,

439 3427 782 3501 Indignatus,
814 3429 919 3482 ait:
972 3448 995 3478 α
1034 3427 1232 3484 lubeat
1253 3438 1344 3484 tua
1377 3429 1568 3503 gloria,
1607 3428 1883 3500 princeps,

441 3515 668 3572 Vincere
700 3533 786 3572 me
827 3517 969 3573 vires
997 3518 1190 3574 horum
1231 3519 1429 3573 virtute
1460 3520 1709 3575 deorum.
1756 3537 1776 3567 ι

2153 3239 2475 3313 Virginibus
2500 3239 2679 3293 varias
2708 3238 2885 3310 passis
2910 3253 3010 3308 pro
3039 3238 3278 3294 culmine
3307 3238 3463 3311 regni

2153 3331 2392 3389 [Etherei
2415 3346 2627 3402 poenas,
2659 3331 2820 3400 cujus
2849 3346 3104 3386 meruere
3133 3331 3414 3386 decorem.

2154 3423 2467 3494 Iunguntur
2495 3421 2652 3476 multi
2684 3435 2918 3492 quorum
2950 3435 3054 3475 nec
3084 3419 3310 3475 nomina
3332 3418 3465 3492 legi,

2157 3516 2404 3570 C(elestis
2432 3529 2632 3585 supero
2662 3530 2782 3585 qua:
2815 3513 2992 3568 littera
3021 3512 3239 3584 scripsit
3267 3512 3323 3567 in
3351 3512 3500 3567 albo.

1198 3726 1701 3815 INCIPIT
1788 3726 2183 3812 LIBER
2279 3721 2997 3812 SECUNDUS.

1841 3904 2053 3959 CAPUT
2101 3902 2383 3958 PRIMUM.

1741 4024 1820 4084 De
1849 4034 2057 4085 sancto
2090 4021 2466 4084 Theodorito.

448 4165 706 4222 Ecclesiis
728 4173 850 4236 post
882 4165 1025 4221 hanc
1055 4163 1204 4220 fulsit
1234 4164 1324 4220 lux
1353 4164 1498 4220 clara
1530 4165 1848 4237 procellam,

447 4259 614 4324 Quam
645 4258 813 4314 livore
843 4257 1001 4332 nigro
1041 4257 1262 4329 pietatis
1292 4256 1494 4331 defuga
1525 4265 1742 4314 tentans

445 4351 769 4417 Obscurare,
797 4349 957 4418 jubet
985 4359 1204 4405 sanctos
1233 4348 1403 4405 libare
1433 4349 1680 4421 profanis

448 4443 589 4498 Diris
611 4449 702 4498 aut
727 4442 909 4516 subigi
940 4443 1156 4514 poenis;
1198 4443 1581 4498 transmittitur
1608 4443 1756 4499 unde

450 4533 562 4587 Huc
593 4531 883 4602 praefectus
913 4539 1061 4587 atrox
1089 4532 1340 4587 Julianus
1360 4533 1663 4589 avunculus
1693 4534 1881 4603 hujus;

449 4620 546 4686 Qui
577 4620 811 4675 veniens
835 4620 1036 4691 spoliat
1063 4619 1256 4676 Christi
1286 4622 1625 4678 truculentus
1656 4623 1822 4693 ovile,

450 4710 524 4763 Ac
552 4708 818 4782 dispergit
848 4724 1000 4776 oves,
1033 4708 1216 4764 valido
1244 4709 1342 4764 sed
1375 4710 1664 4780 presbyter
1693 4711 1869 4766 almus

450 4799 816 4855 Theoderitus
845 4816 1006 4870 apem
1033 4817 1235 4872 supero
1267 4801 1574 4856 munimine
1604 4819 1851 4870 sumens,

449 4887 661 4943 Restitit
681 4887 992 4960 intrepidus
1018 4889 1107 4960 pia
1139 4906 1365 4944 servans
1382 4890 1586 4946 moenia
1613 4907 1832 4947 surmus
1857 4892 1990 4962 (sic).

447 4975 745 5032 Praefectus
765 4977 911 5050 quod
942 4978 1313 5049 comperiens,
1335 4980 1405 5034 ad
1436 4980 1604 5056 flagra
1629 4981 1807 5037 teneri

451 5070 604 5125 llunc
635 5069 813 5137 jubet.
839 5070 966 5126 hinc
994 5071 1157 5126 variis
1183 5071 1351 5146 agitat
1381 5075 1680 5132 terroribus
1710 5083 1874 5149 atque

450 5164 791 5234 Suspensum
812 5163 998 5218 multis
1024 5179 1202 5218 saevus
1227 5163 1559 5220 cruciatibus
1588 5174 1775 5241 urget:

453 5251 824 5324 Lampadibus
837 5252 1113 5325 siquidem
1138 5255 1305 5309 latera
1323 5253 1734 5312 inflammantur
1748 5257 1990 5324 adactis;

452 5344 679 5399 Siderea
703 5344 904 5415 quibus
930 5345 1124 5401 evictis
1150 5345 1369 5413 virtute,
1403 5357 1633 5419 repente

453 5433 717 5508 Angelico
738 5435 1078 5506 stupidivisu
1118 5438 1368 5494 cecidere
1399 5441 1656 5506 ministri,

454 5521 864 5596 Credentesque
897 5526 1259 5584 ministerium
1288 5529 1520 5586 feritatis
1543 5531 1862 5598 abhorrent,

452 5615 756 5686 Devotique
777 5620 948 5675 Deum
977 5637 1108 5678 vero
1139 5623 1533 5680 Christum-ore
1563 5627 1821 5682 fatentur.

457 5701 604 5764 Quos
631 5701 758 5757 dum
791 5706 1080 5774 praefectus
1108 5712 1282 5784 mergi
1307 5712 1608 5771 demandat
1636 5715 1692 5770 in
1721 5715 1909 5778 altum,

2167 4187 2190 4217 α
2233 4164 2310 4220 Ad
2339 4163 2654 4230 Dominum,
2685 4161 2900 4228 fratres,
2931 4176 3022 4217 me
3049 4174 3200 4216 nunc
3221 4159 3544 4230 praecedite,
3579 4183 3599 4210 ι
3643 4174 3766 4214 san-

3572 4255 3707 4327 [ctus

2163 4350 2361 4422 Martyr
2398 4350 2504 4416 ait;
2547 4371 2576 4401 ι
2615 4364 2885 4420 superans
2928 4347 3211 4404 inimicum
3266 4363 3393 4403 mox
3449 4363 3651 4419 sequar
3685 4363 3772 4400 au-

3489 4435 3626 4508 [ctos
3687 4456 3709 4486 ιι

2166 4532 2255 4587 Sic
2285 4546 2507 4604 quoque
2538 4529 2842 4601 persistens
2871 4526 3068 4582 Christi
3098 4525 3358 4582 robustus
3386 4541 3595 4590 amore,

2165 4626 2479 4681 Vaticinans
2508 4624 2674 4680 etiam
2707 4625 2908 4696 plenus
2936 4622 3006 4676 de
3049 4621 3290 4676 Flamine
3324 4627 3519 4676 sancto

2167 4714 2485 4788 Retrogradi
2517 4712 2796 4769 interitum
2839 4712 3125 4766 Persarum
3167 4710 3221 4764 in
3253 4717 3418 4785 gente
3457 4708 3767 4781 gerendum,

2167 4803 2427 4875 Martyrii,
2447 4803 2668 4858 tandem
2700 4801 2884 4875 gladio
2908 4799 3203 4868 complevit
3242 4815 3502 4873 agonem,

2166 4894 2340 4963 Atque
2370 4891 2498 4962 polo
2528 4893 2730 4963 dignus
2768 4888 3019 4945 meritum
3049 4887 3297 4958 percepit
3326 4887 3620 4942 honorem.

2167 4987 2450 5042 Mulctatur
2487 4984 2687 5050 lanius,
2709 4983 2898 5039 divino
2921 4983 3174 5038 examine
3198 4981 3411 5052 plexus,

2165 5080 2393 5146 Quoque
2413 5089 2596 5129 sacras
2620 5073 2850 5128 violarat
2875 5087 3011 5143 opes
3038 5079 3257 5142 turgore
3287 5068 3463 5124 sedile

2166 5167 2474 5232 Perculsus,
2507 5165 2652 5237 putri
2683 5164 2802 5220 fluit
2840 5164 3067 5237 inguina
3097 5163 3222 5218 tabe
3253 5161 3493 5234 liquatus
3521 5177 3534 5214 :

2169 5264 2396 5334 Spirans
2419 5277 2604 5330 verme
2633 5260 2837 5326 editur,
2871 5259 3084 5314 saniem
3125 5273 3236 5313 non
3266 5257 3515 5332 unguina
3554 5255 3758 5315 sistunt;

2169 5354 2543 5426 Nequicquam
2572 5352 2772 5408 medici
2801 5350 3001 5406 frustra
3026 5349 3416 5420 cataplasmata
3456 5347 3671 5402 sudant.

2083 5430 2134 5497 Ι)
2165 5444 2275 5498 Nec
2303 5443 2480 5498 solum
2520 5442 2712 5498 teritur
2739 5441 2945 5497 mulcta
2975 5443 3268 5494 temerator
3296 5443 3520 5508 aperta:

2167 5535 2305 5600 Quin
2346 5535 2702 5601 detractores,
2741 5533 2937 5608 vigiles
2977 5531 3266 5607 gerulique
3296 5543 3578 5583 sacrorum

2167 5627 2336 5682 Morte
2366 5627 2707 5700 gehennales
2735 5626 2938 5680 misera
2967 5623 3260 5678 truduntur
3289 5620 3348 5675 in
3382 5621 3563 5695 ignes.
