3970 6200
267 347 392 403 573
828 345 911 398 DE
951 343 1312 401 TRIUMPHIS
1353 346 1607 401 CHRISTI
1648 347 2018 403 ANTIOCHI/EI
2057 348 2283 402 GESTlS
2323 347 2499 403 LIBRI
2540 346 2690 401 DUO.
2733 375 2802 385 —
2842 344 2968 399 LIB.
3013 346 3077 399 ll.
3501 344 3607 399 574

1781 476 1988 531 CAPUT
2032 478 2097 531 ll.

1543 580 1619 639 De
1660 581 1883 640 Licerio
1914 588 1965 639 et
1997 580 2337 656 Hippolyto.

263 712 389 766 Hoc
419 711 603 781 plures
632 711 795 765 etiam
829 711 978 765 vario
1003 728 1222 783 quoque
1256 720 1501 783 tempore
1541 715 1713 769 cladis
1912 720 1962 788 Α
1994 713 2141 767 Bella
2167 712 2295 766 ﬁde.
2329 711 2502 766 Fortis
2534 712 2692 765 miles
2719 726 2817 764 seu
2850 710 3041 764 fraude
3073 710 3353 765 subactus.

264 801 366 855 llic
396 801 590 855 Christi
622 802 838 856 athleta:
870 802 1057 856 multis
1088 803 1269 857 vicere
1308 805 1545 875 trepaeis.
1989 804 2139 857 Saeva
2169 820 2361 858 manus
2387 804 2479 874 qui
2512 804 2563 857 in
2598 803 2776 857 vincla
2809 802 2979 867 dedit,
3022 802 3147 873 quis
3178 802 3363 855 denuo
3392 800 3534 854 liber

263 890 441 945 Isthic
471 890 707 945 Licerius
732 892 945 945 hostem
968 891 1135 946 levita
1167 893 1357 947 beatus
1989 900 2304 968 Exemptus,
2332 897 2559 967 laqueos
2590 911 2789 967 magno
2822 894 3108 948 molimine
3140 894 3269 947 vitat

263 978 505 1033 Fortiter
536 979 729 1046 edidit,
755 986 970 1033 certans
1000 995 1096 1051 pro
1138 982 1363 1037 nomine
1398 982 1610 1038 Christi.
1990 988 2050 1041 Et
2077 994 2234 1041 cavet
2267 986 2483 1039 insidiis
2516 986 2810 1039 instructus
2838 985 2906 1039 ab
2938 985 3195 1039 omnibus
3235 983 3428 1050 hostis,

261 1070 492 1141 Septies
525 1072 612 1125 hic
637 1080 825 1128 tortus.
862 1074 1198 1146 longumque
1227 1076 1500 1149 ergastula
1531 1091 1742 1145 passus,
1988 1076 2205 1129 Viribus
2238 1074 2478 1149 egregiis
2510 1074 2693 1127 nitens
2718 1073 2857 1126 male
2890 1083 3046 1126 cauta
3078 1073 3231 1142 piare
3267 1090 3278 1125 :

258 1159 507 1214 Tandem
534 1160 852 1231 martyrium
878 1162 1072 1231 capitis
1099 1164 1354 1217 mercede
1387 1165 1610 1233 paravit.
1990 1167 2334 1221 llaudminus
2364 1166 2708 1236 Hippolytus,
2744 1165 2953 1218 Christo
2984 1164 3273 1233 eripiente,
3301 1165 3533 1229 solutus,

264 1250 367 1304 liic
408 1251 569 1305 etiam
606 1252 925 1322 Hippolytus
951 1252 1180 1307 certavit
1212 1268 1382 1328 regna
1404 1254 1652 1324 polorum
1986 1257 2387 1327 Catholiczeque
2421 1256 2569 1326 pium
2602 1254 2728 1308 ﬁdei
2765 1271 3044 1327 regressus
3081 1270 3347 1318 amorem,

265 1341 331 1395 Ut
362 1347 605 1410 caperet,
639 1341 891 1406 dumosa,
926 1356 1069 1396 novo
1097 1340 1189 1412 qui
1231 1342 1523 1396 schismate
1558 1348 1770 1413 captus,
1989 1348 2265 1403 Sollicitus
2286 1355 2440 1402 cavet
2471 1348 2589 1417 ipse
2624 1347 2801 1412 dolos,
2824 1347 2986 1400 docet
3018 1352 3180 1416 atque
3214 1345 3489 1399 cavendos
3518 1362 3531 1406 ;

262 1435 481 1488 Erravit
519 1435 795 1505 quondam
817 1451 915 1505 per
941 1435 1101 1489 devia
1132 1453 1146 1501 ;
1180 1435 1387 1506 quique
1414 1436 1759 1506 triumphans
1992 1441 2207 1510 Proque
2239 1438 2344 1493 ﬁde
2370 1455 2624 1513 pugnans
2664 1438 2845 1491 valido
2878 1445 3146 1507 cautoque
3174 1437 3356 1490 duello

263 1523 326 1576 ln
355 1532 531 1580 semet
554 1540 675 1579 sese
710 1524 877 1595 prius,
904 1523 1032 1580 hinc
1058 1525 1128 1579 ad
1154 1534 1352 1581 caetera
1382 1527 1560 1600 surgit
1991 1527 2305 1599 Martyrium
2338 1527 2495 1581 factis
2528 1527 2773 1581 renitens
2800 1526 3007 1581 illustre
3038 1526 3263 1579 decorat

1774 1657 1980 1712 CAPUT
2021 1659 2114 1712 Ill.

1378 1760 1457 1818 De
1482 1768 1687 1819 sancto
1722 1760 1937 1832 l’hoca,
1979 1756 2151 1819 Petro
2176 1767 2226 1817 et
2258 1760 2506 1818 cwteris.

258 1897 481 1951 Nobilis
509 1898 597 1953 hic
634 1898 827 1953 PhOcae
859 1905 1151 1953 veneratur
1189 1912 1366 1971 agone
1406 1898 1734 1969 triumphus.
1986 1898 2106 1953 Mox
2138 1904 2196 1951 ut
2226 1896 2462 1951 basilica:
2494 1894 2904 1965 comprenderit
2930 1891 3070 1947 ostia
3099 1891 3261 1943 laesus

256 1994 361 2057 Qui
411 2002 531 2063 post
555 1995 887 2066 multiplices
916 2011 1015 2065 pro
1045 1995 1322 2049 Salvatore
1353 1995 1651 2064 palaestras,
1982 1990 2252 2060 Martyris,
2285 1989 2495 2044 eruitur
2532 1994 2757 2042 vacuata
2781 1987 2902 2058 lege
2933 1982 3151 2037 veneni.

256 2085 512 2150 Qualiter
542 2087 770 2158 antiquo
802 2104 947 2143 nunc
979 2088 1047 2142 de
1074 2096 1332 2157 serpente
1367 2087 1683 2157 triumphet,
1984 2082 2171 2137 Petrus
2200 2081 2393 2135 levites
2414 2080 2501 2134 hic
2540 2080 3019 2151 Hermagenesque
3051 2077 3329 2142 coluntur,

260 2181 446 2251 thue
481 2180 826 2249 triumpharit
864 2180 1084 2250 populis
1116 2194 1183 2232 en
1226 2179 1485 2249 panditur
1524 2178 1685 2233 isthic
1727 2195 1739 2231 :
1984 2176 2294 2231 Demetrius
2326 2176 2521 2245 praesul
2554 2190 2655 2229 nec
2679 2190 2787 2227 non
2820 2173 2981 2227 levita
3001 2172 3283 2236 Anianus;

255 2275 403 2328 Dum
436 2289 667 2344 serpens
697 2277 741 2325 si
778 2272 915 2327 forte
954 2272 1060 2327 loci
1089 2272 1473 2343 perstrinxerit
1512 2271 1705 2337 ullum,
1915 2297 1965 2363 Β
1990 2264 2273 2319 Eustosius
2302 2262 2529 2333 pariter,
2572 2262 2763 2334 viginti
2798 2277 2918 2315 cum
2960 2258 3290 2313 venerandis

258 2364 442 2417 Dente
472 2361 795 2418 venenifero
826 2362 973 2415 virus
1003 2361 1204 2429 lethale
1237 2360 1602 2431 profundens,
1915 2348 1965 2363 υ
1997 2355 2375 2425 Resplendent
2406 2354 2590 2420 sociis,
2623 2353 2761 2409 lucis
2792 2351 2955 2407 simul
2984 2351 3189 2404 aethera
3230 2348 3426 2403 nactis.

1772 2492 1981 2547 CAPUT
2027 2491 2111 2545 ιν.

1464 2592 1543 2651 De
1576 2594 1801 2652 sanctis
1841 2590 2051 2667 Cyrico
2079 2596 2131 2647 et
2161 2587 2403 2647 Julitta.

258 2708 358 2762 llic
398 2720 534 2776 puer
565 2704 805 2777 insignis
837 2703 1057 2775 Cyricus
1087 2721 1209 2760 cum
1242 2712 1415 2759 matre
1446 2705 1637 2759 Julitta
1992 2700 2340 2763 Suntoculis,
2367 2699 2656 2767 decalvati,
2684 2699 2781 2753 sed
2811 2708 2864 2753 et
2891 2698 3177 2754 excoriati.

256 2794 532 2851 Mirandis
560 2792 735 2847 fertur
760 2794 1038 2864 quondam
1070 2794 1263 2848 vicisse
1294 2795 1514 2865 tropaeis
1552 2813 1565 2860 ;
1989 2790 2123 2843 Hinc
2152 2789 2294 2843 lecto
2325 2787 2571 2858 appliciti
2604 2788 2797 2856 prunis
2818 2796 3070 2843 assantur
3110 2788 3163 2841 in
3197 2788 3361 2854 teris;

260 2884 445 2954 Impia
477 2882 736 2938 robustus
764 2890 987 2952 superat
1013 2882 1107 2953 qui
1134 2882 1367 2936 verbera
1397 2889 1706 2953 postquam,
1990 2880 2166 2934 Attriti
2202 2880 2421 2933 demum
2452 2878 2619 2933 serris
2649 2878 2962 2954 linguisque
2992 2878 3183 2932 recisis

260 2976 489 3031 Calcem
516 2974 788 3030 mordenti
816 2974 1060 3042 junctam
1075 2974 1221 3044 capit
1252 2990 1347 3029 ore
1376 2974 1577 3045 sinapi,
1989 2972 2226 3043 Martyrii
2258 2988 2476 3026 cursum
2505 2971 2703 3041 capitis
2735 2972 3030 3041 splendore
3063 2972 3336 3026 dicarunt.

261 3068 649 3139 llorrendique
679 3066 840 3121 simul
873 3066 1162 3121 mixturam
1203 3066 1334 3121 vicit
1362 3064 1521 3121 aceti.
1984 3064 2431 3118 Annumerantur
2471 3064 2552 3117 eis
2583 3063 2740 3127 socii,
2769 3063 2875 3117 sub
2909 3064 3132 3117 nomine
3163 3063 3364 3120 Christi

260 3158 353 3213 Sic
390 3156 557 3211 clavis
589 3155 700 3223 ﬁxi,
727 3155 894 3212 vulsis
926 3156 980 3210 in
1007 3172 1225 3211 carcere
1258 3156 1396 3211 trusi
1986 3155 2250 3218 Quattuor
2278 3162 2331 3208 et
2362 3156 2749 3227 quadringenti
2782 3157 3083 3211 certamina
3116 3159 3289 3227 passi.

1782 3284 1991 3339 CAPUT
2029 3284 2089 3339 V.

1156 3394 1234 3452 De
1262 3393 1489 3453 Donato
1520 3401 1571 3452 et
1598 3391 1825 3452 sanctis
1851 3392 1979 3468 ejus
2002 3401 2327 3469 sanctaque
2360 3392 2705 3466 Margarita.

265 3534 514 3588 Donatus
542 3537 596 3586 et
620 3530 943 3586 Valerianus
974 3531 1065 3587 hic
1093 3529 1257 3585 simul
1926 3534 1974 3603 ί]
1995 3530 2286 3585 Tormenta
2316 3546 2475 3599 passa
2507 3528 2751 3582 veritatis
2773 3543 2871 3598 pro
2895 3528 3024 3595 ﬁde,

265 3625 406 3679 Cum
438 3623 729 3688 Restituta,
756 3623 1046 3678 Fructuosa
1067 3630 1120 3677 et
1152 3623 1364 3677 caeteris
2000 3622 2213 3675 Sertata
2253 3619 2424 3694 fulget
2452 3620 2598 3674 unde
2629 3626 2775 3673 serto
2792 3619 2999 3692 gloriae.

271 3717 365 3770 Bis
397 3731 493 3769 sex
525 3715 802 3782 renident,
835 3717 1133 3786 praecluent
1161 3715 1447 3771 sodalibus
1997 3709 2189 3764 Vicere
2218 3710 2404 3780 plures
2424 3709 2513 3763 hic
2545 3709 2839 3763 draconem
2869 3715 3132 3779 martyres

265 3804 630 3874 Triumphum
654 3805 839 3876 adepti
869 3805 1111 3879 glorioso
1144 3805 1355 3876 praelio.
1996 3799 2185 3875 Dignis
2216 3799 2399 3871 adepti
2427 3800 2572 3855 celsa
2607 3799 2768 3853 bellis
2800 3801 3045 3871 prmmia.

267 3893 366 3948 Hic
391 3892 681 3966 Margarita
705 3893 860 3967 virgo
884 3893 1054 3949 fertur
1085 3892 1324 3965 plurima
1776 3963 1986 4018 CAPUT
2028 3962 2091 4017 Vl

1396 4068 1476 4128 De
1506 4069 1735 4127 sanctis
1769 4065 2090 4126 Antiochia
2116 4069 2465 4143 progressis.

270 4205 383 4259 Hae
415 4208 681 4257 exeuntes
711 4203 929 4259 civitate
955 4203 1217 4275 plurimas
1992 4204 2321 4275 Progressus
2348 4219 2413 4258 ex
2445 4204 2547 4258 hac
2578 4204 2717 4258 urbe
2754 4205 3073 4271 Januarius,

266 4296 425 4351 Multi
459 4302 514 4350 et
539 4302 777 4350 remotas
807 4296 1388 4366 luminaruntpatrias.
1991 4294 2183 4348 Fertur
2211 4293 2469 4348 sacerdos
2496 4294 2769 4348 Gordiano
2810 4295 3033 4363 martyri

270 4383 682 4440 Cwlestisunde
704 4384 891 4439 lumen
921 4392 1101 4440 ortum
1132 4384 1405 4459 degmatis
1993 4382 2391 4437 Commilitonis
2422 4391 2476 4438 et
2498 4383 2851 4454 patroni'qui
2875 4382 3074 4448 vicem,

268 4476 447 4531 Lucas
477 4473 605 4530 ﬁdei
626 4474 727 4530 fert
749 4476 1021 4531 medelam
1051 4476 1312 4550 gentibus
1338 4494 1351 4541 ;
1992 4471 2163 4526 Fortis
2191 4471 2455 4543 probatus
2481 4487 2547 4525 ex
2577 4486 2774 4544 agone,
2808 4471 3063 4541 praebuit.

267 4562 643 4636 Appellinaris
672 4564 802 4619 hinc
830 4580 1069 4635 sequens
1097 4567 1427 4635 apostolum,
1992 4566 2127 4621 Hinc
2155 4573 2207 4620 et
2227 4567 2467 4621 Joannes
2498 4566 2681 4621 editus
2711 4566 2968 4637 Byzantio

270 4655 489 4709 Primus
529 4654 799 4710 Ravennae
817 4656 985 4709 verba
1020 4656 1144 4710 vita)
1171 4656 1385 4711 detulit.
1989 4657 2191 4712 Prasul
2224 4659 2427 4713 diserto
2454 4658 2619 4712 comit
2648 4657 2836 4713 orbem
2861 4658 3137 4732 dogmate.

268 4747 549 4803 Lucianus
580 4748 707 4803 inde
738 4765 994 4823 egressus
1023 4751 1200 4805 almus
1235 4750 1538 4822 presbyter,
1989 4748 2214 4803 Duxisse
2241 4748 2411 4804 fertur
2443 4750 2570 4803 hinc
2596 4765 2772 4823 genus
2800 4749 3087 4819 Seraphia,

266 4836 460 4893 Mundi
500 4837 731 4892 salutem
764 4855 895 4901 voce
927 4849 981 4893 et
1012 4848 1136 4895 actu
1172 4841 1493 4910 preedicans,
1989 4840 2101 4894 Sub
2132 4842 2372 4897 Adriano
2404 4858 2561 4912 passa
2590 4844 2773 4897 Romae
2806 4843 3019 4897 funera.

265 4927 500 4996 Tropaea
528 4932 721 4981 nactus
743 4935 827 4982 est
854 4929 999 4999 apud
1031 4929 1423 4986 Nicomediam.
1907 4960 1967 5027 Β
1993 4931 2317 5005 Pluresque,
2342 4934 2468 4988 οωιί
2490 4943 2548 4989 ut
2575 4942 2715 4989 astra
2746 4934 3107 5001 lucidissima,

268 5016 516 5071 Romana
540 5014 857 5071 Timotheus
887 5034 951 5071 ex
979 5018 1066 5071 his
1098 5018 1303 5072 mcenia
1907 5014 1961 5027 ν
1994 5024 2202 5079 lsthinc
2227 5041 2325 5095 per
2351 5026 2504 5080 orbis
2537 5027 2873 5097 Splenduere
2903 5026 3142 5091 climata,

265 5107 469 5161 Potens
500 5107 644 5160 beati
680 5108 998 5163 Melchiadis
1027 5117 1299 5181 tempore,
1995 5118 2201 5171 lsthinc
2228 5118 2481 5172 Erasmus
2510 5120 2722 5185 exiens,
2766 5119 3116 5190 Campaniam

264 5198 401 5253 Dum
438 5200 790 5269 praedicando
822 5209 975 5276 gesta
999 5201 1197 5257 Christi
1221 5203 1438 5273 publice
1993 5208 2301 5279 Splendore
2331 5209 2453 5264 vita:
2480 5209 2731 5275 luminat,
2765 5211 3114 5282 magnalibus

262 5293 483 5361 Pandit,
515 5310 773 5350 coronam
808 5306 1155 5367 promeretur
1182 5298 1391 5370 gloriae.
1994 5299 2145 5354 Miris
2172 5316 2490 5367 coruscans,
2512 5309 2708 5355 cuncta
2740 5300 2911 5356 vincit
2940 5302 3194 5357 tormina.

1755 5405 1964 5461 CAPUT
2006 5409 2118 5463 νυ.

1338 5509 1415 5569 Dc
1442 5508 1764 5567 Eustachio
1795 5509 2061 5585 episcopo
2093 5518 2144 5568 et
2175 5510 2546 5588 Euphronio.

263 5634 414 5689 Multi
446 5637 715 5704 prazterea
734 5631 971 5686 renitent
1000 5634 1102 5688 hac
1132 5633 1266 5687 urbe
1308 5634 1546 5704 patroni,
1984 5633 2215 5691 Perfecti
2259 5638 2477 5692 tandem
2504 5636 2713 5693 meritis
2744 5638 2800 5693 in
2828 5654 2958 5709 pace
2984 5638 3271 5710 quierunt.

267 5729 365 5793 Qui
387 5727 523 5782 dum
554 5739 705 5795 saepe
729 5723 845 5778 suis
873 5725 1084 5780 hostem
1117 5733 1359 5781 stravere
1393 5723 1707 5796 triumphis,
1993 5731 2106 5794 Qua
2130 5731 2289 5786 Pater
2319 5732 2647 5788 Eustachius
2676 5732 2900 5789 Beroeis
2930 5738 3117 5802 raptus
3143 5731 3211 5786 ab
3254 5732 3387 5800 aris,
