3970 6200
405 320 511 375 575
1152 321 1516 375 FLODOARDI
1557 322 1863 379 CANONICI
1905 317 2236 381 REMENSIS
2275 325 2615 383 OPUSCULA
2651 326 2960 382 METRICA.
3631 332 3723 384 5'16

407 449 616 520 Eloquii
649 449 844 505 ﬂuvios
875 449 1022 515 fidei,
1057 450 1288 504 mirante
1318 457 1536 517 senatu,
2044 473 2080 526 ,ι
2116 457 2188 512 Ac
2217 473 2567 513 successores
2600 472 2835 528 propero
2853 457 3170 513 discrimine
3203 458 3353 530 plexi
3387 478 3402 526 ;

403 541 693 595 Catholicis
721 542 921 596 animae
951 542 1172 613 populis
1191 543 1451 596 alimenta
1473 543 1808 612 ministrans,
2115 547 2341 602 Versilis
2371 555 2426 601 et
2446 547 2627 617 pellex
2653 545 2875 600 fraudes
2903 546 3152 616 perculsa
3178 548 3452 620 resignat.

404 634 754 704 Blasphemas
786 636 934 691 acies
958 635 1174 706 pietatis
1207 637 1403 690 sternit
1433 652 1632 710 agone.
2114 636 2240 691 Post
2269 651 2444 691 saevos
2481 635 2702 689 tandem
2732 634 2972 689 rixarum
2996 651 3059 689 ac
3091 635 3332 689 turbinis
3370 635 3562 708 ignes,

407 725 661 780 Hostibus
689 727 928 798 hOSpitio
951 728 1100 800 larga
1125 728 1220 782 sed
1247 744 1381 797 pace
1404 729 1638 798 receptis
2113 728 2326 782 Dividui
2358 727 2592 782 Eusebio
2623 727 2897 780 renitente
2926 726 3213 780 cacumina
3244 725 3419 780 fastus

405 817 626 872 Pellitur
650 827 841 892 arguto
874 819 993 873 falsi
1026 819 1334 874 bacchante
1365 820 1580 886 cavillo,
2115 820 2426 890 lmproprii,
2457 828 2622 890 atque
2650 818 2790 873 datae
2822 825 3083 873 contento
3107 818 3351 872 culmine
3380 816 3572 883 sortis,

401 905 710 978 Pcllacique
742 907 870 962 dolo
905 907 1165 978 injunctae
1192 908 1504 963 detruditur
1523 908 1633 963 arci
2113 906 2461 976 Euphronius
2491 907 2771 963 Reblathze
2795 915 2918 980 post
2938 907 3050 963 otia
3081 907 3243 980 longa
3274 907 3519 962 dicatur.

1881 1047 2086 1102 CAPUT
2130 1047 2264 1102 Vlll.

1589 1149 1666 1209 De
1693 1158 1898 1208 sancto
1933 1149 2208 1208 Simeone
2236 1147 2547 1208 monacho.

397 1292 490 1345 llic
516 1291 708 1346 urbem
743 1297 968 1346 sanctus
1006 1291 1228 1346 Simeon
1269 1307 1442 1361 penes
1471 1292 1867 1347 Antiochenam
2115 1293 2176 1346 Et
2207 1297 2392 1346 manet
2418 1291 2673 1357 invictus,
2707 1289 2934 1345 femoris
2961 1290 3092 1344 dum
3125 1289 3313 1346 deficit
3332 1291 3515 1359 ulcus,

397 1380 620 1434 Actibus
649 1379 918 1451 effulgens
945 1380 1112 1454 digno
1144 1381 1452 1435 celebratur
1490 1382 1721 1437 honore.
2112 1385 2364 1456 Corporis
2401 1399 2736 1454 exsuperans
2764 1384 2988 1439 morbos
3005 1383 3350 1456 vincensque
3386 1386 3633 1444 labores.

393 1469 606 1523 Tertius
623 1477 678 1524 et
717 1470 966 1525 decimus
995 1471 1082 1524 cui
1105 1471 1234 1524 dum
1266 1473 1602 1542 provolvitur
1629 1473 1809 1539 annis,
2109 1478 2505 1533 Saracenorum
2530 1475 2796 1531 Basilicus
2825 1493 2917 1532 rex
2938 1478 3075 1547 petit
3105 1477 3308 1532 almum

394 1565 577 1619 Mundi
608 1580 667 1618 se
690 1565 836 1619 curis
855 1565 1107 1618 adimens
1128 1575 1338 1620 secreta
1352 1566 1544 1636 petivit
2112 1566 2296 1620 Visere
2327 1565 2674 1638 belligerum,
2700 1565 3074 1636 benedicique
3097 1574 3215 1620 orat
3245 1566 3315 1620 ab
3348 1566 3472 1637 ipso
3507 1585 3523 1632 ;

392 1654 557 1723 Septa
589 1653 940 1716 monasterii;
986 1652 1141 1707 fortis
1170 1654 1495 1726 patiensque
1531 1655 1792 1725 probatus
2109 1657 2413 1728 Delabique
2443 1655 2640 1711 videns
2664 1673 2830 1712 exeso
2860 1674 2890 1710 a
2925 1672 3157 1727 corpore
3188 1674 3452 1726 vermem,

392 1741 669 1812 Excipitur
689 1742 971 1812 servisque
1011 1743 1105 1795 Dei
1137 1759 1196 1796 se
1228 1743 1478 1796 moribus
1499 1751 1648 1813 aptat
1678 1763 1694 1798 :
2110 1749 2350 1819 Suscipit
2382 1755 2543 1820 atque
2584 1748 2775 1804 oculos
2807 1748 2957 1822 tangi
2998 1748 3292 1819 putredine
3323 1751 3566 1824 gaudet:

393 1833 564 1904 Vique
594 1833 734 1886 viam
764 1849 990 1888 summae
1007 1833 1280 1888 scandens
1319 1834 1620 1889 abstemius
1640 1842 1865 1903 arctam,
2112 1840 2238 1896 Cum
2266 1841 2450 1897 subito
2483 1841 2637 1896 tabes
2668 1841 2758 1910 pia
2789 1840 3082 1912 margarita
3105 1839 3321 1895 refulsit

393 1923 731 1992 Pauperibus
748 1923 1010 1986 clemens,
1036 1923 1232 1978 collata
1272 1924 1532 1978 alimenta
1566 1923 1779 1980 ferebat
1812 1945 1826 1991 ;
2109 1933 2352 2004 sumpsit
2381 1939 2436 1987 et
2464 1932 2736 2007 insignem
2770 1932 2955 1986 sanies
2994 1938 3199 1986 mutata
3224 1932 3519 1988 decorem.

393 2012 638 2084 indignis
662 2013 866 2087 largus,
897 2012 1001 2067 sibi
1031 2021 1239 2068 tantum
1259 2020 1536 2080 austerus,
1568 2023 1771 2071 arctus.
2109 2023 2342 2078 Ascribit
2368 2021 2584 2077 Domini
2615 2023 2808 2087 cultor,
2842 2023 3080 2078 rumoris
3103 2031 3157 2078 et
3185 2040 3333 2091 osor,

396 2104 712 2159 Psalterium
745 2105 909 2175 plene
941 2105 1156 2160 modico
1182 2105 1283 2159 sub
1324 2112 1571 2176 tempore
1604 2114 1831 2178 captans
2111 2116 2225 2170 Non
2258 2116 2494 2186 propriis
2521 2121 2701 2170 actum
2723 2114 2956 2182 meritis,
2996 2121 3050 2170 at
3076 2117 3223 2188 regis
3254 2116 3454 2171 amori.

393 2194 626 2268 Pervigil
645 2195 891 2260 edidicit,
921 2195 1264 2268 memorique
1290 2196 1598 2251 recondidit
1627 2214 1750 2253 arce
2112 2204 2396 2259 Exsultans
2417 2220 2572 2258 sacro
2603 2203 2928 2258 benedictus
2959 2212 3014 2259 et
3043 2220 3137 2260 ore
3169 2212 3460 2276 tyrannus,

391 2283 561 2337 Fortis
599 2291 652 2338 et
675 2285 893 2338 enitens
932 2293 1111 2339 motus
1141 2283 1356 2338 frenare
1382 2286 1656 2356 superbos
2111 2293 2210 2358 Qui
2237 2292 2391 2347 dives
2420 2292 2592 2360 venit,
2623 2293 2926 2348 ditissimus
2954 2293 3084 2347 inde
3109 2293 3360 2348 recessit.

388 2374 634 2430 Palmitio
664 2375 881 2446 stringit
905 2376 1123 2431 lumbos
1159 2375 1265 2429 sibi
1307 2375 1437 2430 fune
1465 2392 1751 2433 coercens.
2112 2384 2220 2438 Hac
2249 2390 2471 2437 sanctus
2498 2382 2712 2437 Domini
2743 2393 3034 2454 postquam
3059 2399 3118 2437 se
3149 2384 3348 2440 clausit
3369 2387 3427 2441 in
3458 2404 3586 2443 arce

387 2472 607 2526 Sulcato
640 2471 914 2525 undantes
930 2472 1165 2527 reﬂuunt
1190 2473 1319 2526 dum
1339 2487 1568 2544 corpore
1591 2489 1828 2541 vermes,
2114 2471 2347 2526 Cernere
2380 2470 2466 2525 vel
2498 2471 2653 2526 cerni
2683 2470 2940 2525 muliebri
2978 2471 3359 2538 luminecavit,

387 2562 703 2617 Sentiscunt
729 2563 940 2618 fratres.
967 2563 1108 2617 Patri
1144 2563 1456 2634 indaganda
1500 2563 1758 2620 ferentes.
2039 2605 2089 2673 Β
2113 2565 2383 2619 Nimirum
2416 2575 2670 2619 metuens
2699 2564 2915 2618 culmen
2940 2565 3070 2618 dum
3099 2564 3278 2619 tendit
3307 2565 3367 2619 in
3398 2565 3567 2620 altum

391 2652 486 2705 [lle
510 2659 663 2725 rogat
692 2652 838 2706 dicat
872 2670 886 2717 ;
919 2652 1059 2726 tegit
1090 2653 1178 2708 hic
1209 2652 1527 2725 factumque
1557 2661 1833 2726 repressat
2039 2652 2089 2673 υ
2111 2656 2149 2708 Α
2189 2669 2404 2708 summo
2435 2653 2665 2708 Domino
2687 2669 2756 2706 ne
2786 2653 2950 2708 corde
2980 2652 3264 2708 recederet
3297 2653 3408 2709 imo
3441 2671 3457 2718 ;

394 2746 693 2816 Corripitur
721 2746 862 2812 visu,
898 2747 1225 2818 patefactum
1255 2749 1454 2803 vulnus
1482 2749 1684 2805 aditur.
2109 2745 2304 2798 Verum
2337 2759 2441 2798 nec
2471 2743 2630 2797 matri
2662 2750 2783 2814 post
2815 2751 3062 2812 tempora
3088 2742 3256 2816 longa
3278 2744 3518 2814 petenti,

396 2838 682 2892 Resticulaa
714 2838 878 2893 modo
907 2855 1122 2893 summa
1150 2848 1356 2909 patent,
1389 2855 1700 2914 magnoque
1723 2841 1913 2896 dolore
2108 2833 2456 2904 Αωριροῐθῐιε
2487 2848 2584 2902 PFO
2617 2840 2786 2886 malm
2817 2832 3011 2896 Deum»
3043 2848 3104 2886 88
3133 2832 3317 2887 Visere
3339 2833 3512 2898 cedit.

391 2927 707 2992 Conficitur,
739 2927 1047 2999 teriturque
1075 2929 1250 3003 magis
1280 2927 1528 2984 conferre
1559 2929 1829 2984 medelam
2109 2925 2358 2979 Culmine
2388 2925 2649 2979 virtutum
2679 2923 2826 2979 celso
2849 2924 3020 2996 magis
3057 2924 3164 2979 alta
3193 2932 3440 2995 petente.

395 3022 529 3074 Dum
552 3020 685 3075 socii
717 3027 928 3075 certant
955 3039 969 3086 ;
1003 3022 1224 3091 putrido
1247 3038 1369 3076 cum
1403 3022 1613 3076 viscere
1646 3023 1864 3078 tandem

1820 3040 1864 3076 m
2109 3012 2426 3068 IEdiﬁcatur
2447 3013 2576 3068 huic
2600 3013 2712 3081 jam
2740 3013 3103 3087 quadraginta
3127 3013 3388 3068 columna

390 3115 642 3186 Eripiunt
664 3123 885 3182 restem,
919 3117 1155 3172 etmulto
1182 3117 1268 3172 vix
1301 3126 1548 3188 tempore
1576 3127 1788 3174 curant.
2112 3102 2398 3158 Excellens
2426 3101 2650 3169 ουδίῐίδν
2681 3102 2737 3156 in
2764 3119 2870 3173 qua
2887 3117 2988 3172 Pc"
3016 3108 3213 3156 οωίθτδ
3244 3103 3450 3156 malls“

393 3205 528 3259 liinc
543 3205 635 3258 alti
671 3204 886 3278 fugiens
916 3205 1064 3275 putei
1105 3206 1382 3261 seclaudit
1405 3207 1459 3260 in
1488 3208 1620 3274 imo,
2105 3195 2266 3249 Fixus
2295 3208 2482 3248 amore
2509 3193 2606 3247 Dei
2637 3193 2861 3264 reliqua?
2892 3200 3046 3247 Stans
3074 3200 3330 3263 tempora
3352 3193 3503 3259 νῖῐδε,

391 3298 508 3362 Quo
535 3297 661 3351 dum
679 3313 737 3352 se
767 3304 972 3352 mactat
990 3298 1204 3367 jejunia
1231 3299 1394 3374 longa
1427 3299 1718 3366 trahendo,
2105 3287 2430 3356 Serpentum
2463 3285 2711 3357 reprimit
2748 3285 3335 3374 rabiem,truciumque
3377 3283 3619 3340 ferarum

391 3388 617 3441 Sidereo
645 3387 891 3459 quatitur
920 3389 1130 3443 monitu
1155 3372 1388 3460 visuque
1418 3388 1619 3443 minaci

2103 3375 2352 3430 Almifico
2373 3374 2460 3430 cui
2496 3382 2705 3430 naturae
2737 3374 3020 3429 miseratio
3053 3372 3209 3428 fulsit

390 3478 708 3534 Timotheus
737 3479 907 3534 abbas
932 3480 1247 3536 Simeonem
1286 3488 1573 3553 quaeratut
1600 3481 1825 3536 almum.
2103 3468 2331 3522 Lumina
2361 3475 2627 3523 ῑθεῑδηῐυι·
2660 3466 2925 3537 supplic“
2963 3465 3234 3520 πιθάίοδίε
3262 3465 3523 3521 draconis
3557 3483 3571 3528 ἓ

394 3568 770 3640 Restituatque
798 3570 940 3636 loco,
961 3580 1176 3626 constet
1205 3571 1334 3643 quia
1361 3571 1604 3626 sanctior
1629 3571 1767 3642 ipso.
2103 3561 2260 3616 νθηὶι
2285 3561 2462 3617 θιῑιιιϐ
2481 3561 2679 3616 "mlier
2705 3575 2848 3614 εδενο
2879 3565 3118 3613 Saturam
3148 3558 3435 3629 Chelydro.

395 3657 506 3711 Hoc
525 3657 697 3712 semel
725 3666 888 3730 atque
920 3660 1114 3715 iterum
1148 3659 1265 3714 visu
1282 3661 1604 3731 perterritus
1632 3660 1720 3715 ille

2105 3649 2233 3714 Qua:
2265 3657 2430 3704 noctu
2458 3649 2654 3704 sitiens
2683 3648 2897 3702 biberat
2926 3663 3023 3718 pro
3050 3646 3241 3702 fomite
3271 3657 3484 3718 pestem
3521 3667 3535 3713 ;

393 3747 684 3811 Quaesitum
698 3749 859 3818 jubet
878 3751 957 3805 ire
979 3767 1128 3818 suos,
1156 3751 1521 3808 redeuntibus
1551 3762 1717 3826 atque
2109 3741 2517 3813 lnvalidamque
2555 3757 2777 3796 manum
2833 3740 3175 3796 medicorum
3207 3748 3456 3810 experta,
3497 3740 3724 3812 requirit

394 3843 706 3908 Frustratis,
736 3859 1040 3915 properans
1071 3851 1214 3898 meat
1245 3844 1388 3914 ipse,
1437 3845 1696 3915 lacusque
1728 3852 1962 3916 repertu:

1843 3852 2004 3899 arium
2108 3833 2247 3888 Certi
2277 3832 2523 3888 solamen
2555 3832 2754 3887 medici
2784 3850 2799 3898 ;
2833 3831 2934 3887 fert
2961 3832 3041 3886 vir
3069 3831 3192 3902 pius
3223 3840 3411 3900 aptum

391 3930 636 4002 Explicat
665 3933 895 3987 invitum
922 3933 1162 3999 baratro,
1195 3933 1458 4005 cellaeque
1486 3934 1699 3989 reducit
2029 3933 2078 3999 υ
2100 3925 2414 4018 antidotum
2438 3923 2689 4018 praebens
2710 3921 3017 4018 benedictae
3049 3921 3244 4018 pocula
3271 3919 3514 4018 lymplue

465 4026 558 4080 Ille
587 4027 977 4082 monasterium
1002 4036 1126 4097 post
1156 4028 1284 4082 anni
1312 4037 1562 4099 tempora
1587 4030 1868 4102 linquens,
2106 4013 2240 4069 Ηυίο
2268 4029 2389 4085 fl“?3
2419 4011 2710 4067 εθτδυθτδῑ
2749 4009 3062 4102 maledic“?
3086 4009 3292 4102 νίξοθτδ
3324 4007 3523 4102 beha-

390 4119 598 4174 Deserti
638 4119 775 4190 petit
802 4136 949 4187 arva,
982 4127 1177 4191 optans
1207 4120 1457 4176 habitare
1478 4137 1748 4177 seorsum.

2105 4106 2212 4160 Nec
2232 4105 2372 4159 valet
2393 4103 2535 4158 hanc
2573 4102 2712 4157 ultra
2743 4101 3020 4156 funestum
3051 4099 3252 4155 laedere
3283 4100 3528 4170 poclum,

394 4211 486 4265 llic
506 4228 566 4265 se
589 4217 833 4266 surrecta
859 4212 1138 4267 concludit
1171 4228 1373 4268 amore~
1390 4215 1648 4270 columna
2103 4197 2279 4252 sum“
2307 4203 2366 4251 ιιι
2386 4195 2658 4250 ίῐηδιιῐυπι
2681 4194 2831 4248 Vita“
2861 4208 3091 4248 munere
3123 4198 3335 4262 Pomm-

386 4299 665 4354 Theoricm
687 4298 905 4354 fervens
925 4302 1163 4371 specula:
1191 4302 1320 4374 quia
1351 4303 1552 4358 celsior
1582 4303 1714 4358 exit.
2177 4291 2402 4346 Αοθίάίι
2433 4289 2678 4352 aridum},
2709 4289 2880 4360 Ρθεῑίε
2896 4288 3143 4362 regionis
3169 4287 3398 4352 adustae.

382 4389 600 4446 Trinam
640 4399 766 4463 ροει
795 4393 1060 4464 hiemem,
1082 4393 1226 4449 fama
1253 4403 1539 4451 crescente
1560 4395 1726 4452 beati.
2105 4383 2336 4437 Pulvere
2367 4380 2578 4435 telluris
2609 4379 2781 4433 nimio
2811 4376 3195 4449 squalentibus
3233 4376 3402 4430 arvis.

385 4485 645 4540 Tricenos
674 4503 848 4558 usque
886 4488 954 4542 ad
986 4489 1202 4543 cubitos
1241 4488 1492 4558 procedit
1522 4488 1577 4542 in
1607 4489 1798 4556 altum,
2099 4477 2294 4532 M30018
2322 4485 2432 4532 ιιιπι
2465 4475 2673 4529 densus
2710 4488 2925 4527 summo
2957 4473 3025 4527 de
3056 4479 3242 4526 τηοηὶθ
3274 4469 3541 4526 ﬂuentem

390 4576 448 4628 ln
480 4591 588 4646 qua
613 4581 764 4629 stans
784 4576 990 4651 spargit
1017 4577 1217 4631 multas
1246 4577 1301 4631 in
1333 4577 1499 4648 plebe
1528 4577 1767 4644 salutes;
2099 4565 2532 4638 Replenlemque
2566 4562 2688 4634 Pios
2725 4561 2950 4616 ﬂUVium
2971 4561 3190 4632 Ρίθιθίίδ
3221 4560 3412 4626 adh",

389 4663 734 4736 Languentes
759 4663 1062 4732 medicans,
1088 4665 1343 4720 obsessos
1372 4665 1625 4721 daemone
1651 4681 1925 4738 purgans;
2098 4657 2319 4712 Eterno
2350 4654 2579 4733 effusum
2612 4653 2832 4725 pietatis
2858 4653 3005 4709 fonte
3032 4668 3287 4723 supernae

386 4754 640 4808 Auditum
672 4753 923 4809 tribuens
943 4755 1125 4808 surdis
1155 4762 1209 4808 et
1235 4754 1444 4808 lumina
1461 4754 1642 4821 caecis,
2099 4748 2439 4803 Fundentcm
2470 4746 2624 4801 laetos
2651 4745 2965 4800 Simeonem
2998 4744 3259 4799 cordibus
3291 4744 3547 4806 haustus,

387 4844 594 4900 Mancis
624 4846 917 4900 restituens
946 4843 1471 4916 palmas,mutisque
1499 4843 1783 4916 loquelas:

2102 4836 2417 4892 Prmsidium
2450 4835 2584 4906 petit
2612 4835 2698 4889 hic
2727 4833 2970 4899 solitum,
3002 4831 3262 4904 suffragia
3293 4847 3530 4902 poscens

387 4935 656 5005 Leprosos
686 4935 964 4989 mundans
1015 4933 1277 4989 mirorum
1311 4933 1482 4988 millia
1503 4941 1745 5004 patrans.
2099 4926 2255 4981 Celsa
2281 4925 2399 4991 Dei,
2430 4924 2725 4995 subitoque
2759 4923 2851 4978 illo
2883 4931 3144 4993 poscente
3174 4919 3415 4974 dehiscit

388 5025 517 5088 Qum
548 5024 642 5096 qui
665 5033 861 5079 cuncta
877 5023 1034 5091 feret,
1069 5023 1192 5079 coeli
1217 5038 1439 5096 quoque
1467 5023 1651 5078 sidera
1692 5023 1856 5080 dicet.
2102 5019 2264 5072 Terra
2292 5024 2554 5088 patetque
2573 5016 2759 5081 chaos,
2793 5013 3141 5085 lymphisque
3163 5011 3404 5066 immane
3429 5011 3698 5080 repletur:

389 5115 528 5171 Hinc
554 5115 744 5187 papuli
765 5115 917 5170 multi
943 5115 1153 5171 Christo
1179 5115 1388 5171 servire
1419 5116 1590 5188 parati
2104 5111 2254 5165 Tunc
2277 5108 2436 5178 jubet
2466 5107 2557 5162 ille
2587 5106 2700 5161 fodi
2730 5115 2940 5176 septem
2975 5103 3202 5174 ﬁerique
3233 5110 3447 5158 meatus

387 5208 669 5278 Allophili,
698 5209 938 5276 Armeni,
972 5210 1170 5273 Persae,
1203 5208 1491 5281 sparsique
1513 5207 1766 5282 Agareni.
2108 5204 2204 5258 Per
2232 5219 2371 5275 quos
2399 5201 2530 5256 inde
2552 5199 2692 5254 latex
2713 5215 2874 5274 agros
2903 5196 3165 5253 fecundat
3195 5196 3494 5256 inundans,

390 5301 582 5356 Ulcere
612 5299 916 5371 percutitur
942 5301 1048 5357 late
1079 5301 1344 5372 patientia
1371 5309 1562 5356 nectar
2029 5310 2085 5377 D
2110 5298 2148 5353 Ο
2179 5295 2508 5353 celebranda
2536 5293 2639 5348 viri
2659 5293 2850 5357 virtus,
2878 5289 3052 5345 oratio
3073 5287 3273 5377 caelum

390 5392 452 5447 Ut
479 5396 702 5466 spargat
723 5388 986 5460 ﬂagrante
1001 5371 1110 5445 fide
1136 5390 1490 5446 cruciaminis
1510 5390 1637 5463 igne
1667 5409 1684 5456 ;
2029 5371 2072 5377 —
2111 5389 2274 5458 Cujus
2303 5387 2371 5441 ab
2399 5402 2495 5442 ore
2525 5391 2722 5456 petens
2752 5382 2923 5435 imum
2954 5377 3208 5449 patefecit
3235 5375 3490 5466 abyssum
3519 5371 3546 5424 Ῥ

389 5487 544 5542 Unde
583 5465 942 5541 scatiscentes
972 5501 1207 5540 cernens
1231 5501 1516 5558 emergere
1542 5499 1757 5541 vermes
2176 5479 2417 5535 Arborea
2445 5475 2653 5552 gemini
2683 5471 3002 5564 residebant
3022 5469 3157 5564 forte
3179 5467 3282 5564 sub
3315 5465 3506 5564 umbra

386 5575 650 5644 Delapsos
670 5571 870 5643 repetit
895 5574 1166 5646 matrique
1187 5557 1413 5646 reponit
1428 5573 1678 5639 alendos,
2109 5570 2235 5636 Hac,
2263 5577 2458 5624 urente
2490 5566 2674 5638 polum
2709 5561 2932 5627 Phoebo,
2967 5557 3193 5633 regione
3221 5557 3431 5646 viantes
3463 5571 3478 5617 ;

387 5643 648 5719 Mandere
679 5662 1005 5735 praecipiens
1033 5643 1298 5722 Dominus
1335 5682 1458 5737 quae
1515 5669 1735 5736 praestet
1763 5663 1998 5718 edenda.
2106 5663 2600 5735 Praegnantemque
2631 5652 2821 5726 procul
2851 5665 3064 5748 cervam
3090 5646 3325 5748 transire
3346 5643 3611 5701 videntes.

395 5756 490 5809 Sic
516 5770 629 5809 uno
658 5755 880 5808 innixus
906 5759 1044 5826 pede
1077 5759 1300 5828 plenum
1332 5763 1541 5827 prostat
1570 5757 1626 5811 in
1656 5771 1861 5811 annum
2105 5752 2367 5821 Adjurant
2393 5746 2666 5805 Simeonis
2703 5744 2789 5817 agi
2817 5742 3016 5798 virtute
3043 5742 3252 5810 potenti
