  <div class='ocr_page' id='page_1' title='image "/cluster/home/n/w/nwhite01/storage/ocr_20150623/134-135/uva.x000829784/872.png"; bbox 0 0 3970 6200; ppageno 0'>
   <div class='ocr_carea' id='block_1_1' title="bbox 259 321 379 376">
    <p class='ocr_par' dir='ltr' id='par_1_1' title="bbox 259 321 379 376">
     <span class='ocr_line' id='line_1_1' title="bbox 259 321 379 376; baseline -0.008 0"><span class='ocrx_word' id='word_1_1' title='bbox 259 321 379 376; x_wconf 82' lang='grc'><strong>5⁸77</strong></span> 
     </span>
    </p>
   </div>
   <div class='ocr_carea' id='block_1_2' title="bbox 260 443 1800 517">
    <p class='ocr_par' dir='ltr' id='par_1_2' title="bbox 260 443 1800 517">
     <span class='ocr_line' id='line_1_2' title="bbox 260 443 1800 517; baseline 0 -16"><span class='ocrx_word' id='word_1_2' title='bbox 260 448 389 501; x_wconf 84' lang='lat' dir='ltr'><strong>Stet</strong></span> <span class='ocrx_word' id='word_1_3' title='bbox 421 446 728 517; x_wconf 81' lang='lat' dir='ltr'><strong>prendique</strong></span> <span class='ocrx_word' id='word_1_4' title='bbox 766 443 910 498; x_wconf 89' lang='lat' dir='ltr'><strong>sinat</strong></span> <span class='ocrx_word' id='word_1_5' title='bbox 941 462 952 497; x_wconf 92' lang='lat'><strong>:</strong></span> <span class='ocrx_word' id='word_1_6' title='bbox 981 452 1088 499; x_wconf 91' lang='lat' dir='ltr'><strong>stat</strong></span> <span class='ocrx_word' id='word_1_7' title='bbox 1114 452 1266 500; x_wconf 91' lang='lat' dir='ltr'><strong>tanto</strong></span> <span class='ocrx_word' id='word_1_8' title='bbox 1294 446 1519 500; x_wconf 86' lang='lat' dir='ltr'><strong>nomine</strong></span> <span class='ocrx_word' id='word_1_9' title='bbox 1558 456 1800 516; x_wconf 92' lang='lat' dir='ltr'><strong>sumpto,</strong></span> 
     </span>
    </p>
   </div>
   <div class='ocr_carea' id='block_1_3' title="bbox 264 533 1687 607">
    <p class='ocr_par' dir='ltr' id='par_1_3' title="bbox 264 533 1687 607">
     <span class='ocr_line' id='line_1_3' title="bbox 264 533 1687 607; baseline -0.001 -18"><span class='ocrx_word' id='word_1_10' title='bbox 264 535 719 607; x_wconf 87' lang='lat' dir='ltr'><strong>Obsequiturque</strong></span> <span class='ocrx_word' id='word_1_11' title='bbox 759 535 956 604; x_wconf 85' lang='lat' dir='ltr'><strong>pedem</strong></span> <span class='ocrx_word' id='word_1_12' title='bbox 988 533 1233 590; x_wconf 82' lang='lat' dir='ltr'><strong>referens</strong></span> <span class='ocrx_word' id='word_1_13' title='bbox 1264 535 1514 590; x_wconf 91' lang='lat' dir='ltr'><strong>devotior</strong></span> <span class='ocrx_word' id='word_1_14' title='bbox 1536 535 1687 605; x_wconf 88' lang='lat' dir='ltr'><strong>ipsis.</strong></span> 
     </span>
    </p>
   </div>
   <div class='ocr_carea' id='block_1_4' title="bbox 264 626 1502 694">
    <p class='ocr_par' dir='ltr' id='par_1_4' title="bbox 264 626 1502 694">
     <span class='ocr_line' id='line_1_4' title="bbox 264 626 1502 694; baseline -0.001 -13"><span class='ocrx_word' id='word_1_15' title='bbox 264 629 461 682; x_wconf 76' lang='lat' dir='ltr'><strong>Virtus</strong></span> <span class='ocrx_word' id='word_1_16' title='bbox 482 628 619 682; x_wconf 88' lang='lat' dir='ltr'><strong>mira</strong></span> <span class='ocrx_word' id='word_1_17' title='bbox 645 627 768 694; x_wconf 86' lang='lat' dir='ltr'><strong>viri,</strong></span> <span class='ocrx_word' id='word_1_18' title='bbox 801 630 957 693; x_wconf 92' lang='lat' dir='ltr'><strong>cujus</strong></span> <span class='ocrx_word' id='word_1_19' title='bbox 985 627 1113 681; x_wconf 90' lang='lat' dir='ltr'><strong>dum</strong></span> <span class='ocrx_word' id='word_1_20' title='bbox 1145 642 1277 682; x_wconf 88' lang='lat' dir='ltr'><strong>voce</strong></span> <span class='ocrx_word' id='word_1_21' title='bbox 1305 626 1502 682; x_wconf 89' lang='lat' dir='ltr'><strong>citatur</strong></span> 
     </span>
    </p>
   </div>
   <div class='ocr_carea' id='block_1_5' title="bbox 266 719 1641 792">
    <p class='ocr_par' dir='ltr' id='par_1_5' title="bbox 266 719 1641 792">
     <span class='ocr_line' id='line_1_5' title="bbox 266 719 1641 792; baseline -0.001 -17"><span class='ocrx_word' id='word_1_22' title='bbox 266 723 512 784; x_wconf 87' lang='lat' dir='ltr'><strong>Nomen,</strong></span> <span class='ocrx_word' id='word_1_23' title='bbox 542 728 596 775; x_wconf 90' lang='lat' dir='ltr'><strong>et</strong></span> <span class='ocrx_word' id='word_1_24' title='bbox 622 719 808 775; x_wconf 90' lang='lat' dir='ltr'><strong>inﬁdis</strong></span> <span class='ocrx_word' id='word_1_25' title='bbox 832 736 1031 790; x_wconf 90' lang='lat' dir='ltr'><strong>parens</strong></span> <span class='ocrx_word' id='word_1_26' title='bbox 1053 720 1165 774; x_wconf 89' lang='lat' dir='ltr'><strong>fera</strong></span> <span class='ocrx_word' id='word_1_27' title='bbox 1195 719 1363 774; x_wconf 82' lang='lat' dir='ltr'><strong>servit</strong></span> <span class='ocrx_word' id='word_1_28' title='bbox 1392 720 1641 792; x_wconf 82' lang='lat' dir='ltr'><strong>agrestis.</strong></span> 
     </span>
    </p>
   </div>
   <div class='ocr_carea' id='block_1_6' title="bbox 263 811 1773 883">
    <p class='ocr_par' dir='ltr' id='par_1_6' title="bbox 263 811 1773 883">
     <span class='ocr_line' id='line_1_6' title="bbox 263 811 1773 883; baseline 0 -16"><span class='ocrx_word' id='word_1_29' title='bbox 263 813 509 867; x_wconf 82' lang='lat' dir='ltr'><strong>Transiit</strong></span> <span class='ocrx_word' id='word_1_30' title='bbox 539 812 628 866; x_wconf 91' lang='lat' dir='ltr'><strong>hic</strong></span> <span class='ocrx_word' id='word_1_31' title='bbox 665 811 853 867; x_wconf 84' lang='lat' dir='ltr'><strong>feritas</strong></span> <span class='ocrx_word' id='word_1_32' title='bbox 874 811 1141 883; x_wconf 89' lang='lat' dir='ltr'><strong>pecudem</strong></span> <span class='ocrx_word' id='word_1_33' title='bbox 1165 811 1423 865; x_wconf 87' lang='lat' dir='ltr'><strong>translata</strong></span> <span class='ocrx_word' id='word_1_34' title='bbox 1450 811 1773 883; x_wconf 90' lang='lat' dir='ltr'><strong>relinquens</strong></span> 
     </span>
    </p>
   </div>
   <div class='ocr_carea' id='block_1_7' title="bbox 268 899 1676 972">
    <p class='ocr_par' dir='ltr' id='par_1_7' title="bbox 268 899 1676 972">
     <span class='ocr_line' id='line_1_7' title="bbox 268 899 1676 972; baseline 0 -17"><span class='ocrx_word' id='word_1_35' title='bbox 268 901 663 972; x_wconf 86' lang='lat' dir='ltr'><strong>Invadensque</strong></span> <span class='ocrx_word' id='word_1_36' title='bbox 694 899 950 955; x_wconf 87' lang='lat' dir='ltr'><strong>homines</strong></span> <span class='ocrx_word' id='word_1_37' title='bbox 979 918 993 966; x_wconf 89' lang='lat'><strong>;</strong></span> <span class='ocrx_word' id='word_1_38' title='bbox 1027 900 1177 967; x_wconf 60' lang='lat' dir='ltr'><strong>swvi,</strong></span> <span class='ocrx_word' id='word_1_39' title='bbox 1210 900 1413 971; x_wconf 89' lang='lat' dir='ltr'><strong>pietate</strong></span> <span class='ocrx_word' id='word_1_40' title='bbox 1444 909 1676 962; x_wconf 88' lang='lat' dir='ltr'><strong>remota,</strong></span> 
     </span>
    </p>
   </div>
   <div class='ocr_carea' id='block_1_8' title="bbox 268 994 1690 1066">
    <p class='ocr_par' dir='ltr' id='par_1_8' title="bbox 268 994 1690 1066">
     <span class='ocr_line' id='line_1_8' title="bbox 268 994 1690 1066; baseline -0.003 -14"><span class='ocrx_word' id='word_1_41' title='bbox 268 998 391 1052; x_wconf 85' lang='lat' dir='ltr'><strong>Nec</strong></span> <span class='ocrx_word' id='word_1_42' title='bbox 421 1002 857 1051; x_wconf 85' lang='lat' dir='ltr'><strong>venerantureas</strong></span> <span class='ocrx_word' id='word_1_43' title='bbox 886 995 1154 1049; x_wconf 86' lang='lat' dir='ltr'><strong>reveritur</strong></span> <span class='ocrx_word' id='word_1_44' title='bbox 1184 1010 1321 1066; x_wconf 89' lang='lat' dir='ltr'><strong>quas</strong></span> <span class='ocrx_word' id='word_1_45' title='bbox 1350 994 1465 1050; x_wconf 89' lang='lat' dir='ltr'><strong>fera</strong></span> <span class='ocrx_word' id='word_1_46' title='bbox 1486 1012 1649 1049; x_wconf 89' lang='lat' dir='ltr'><strong>voces</strong></span> <span class='ocrx_word' id='word_1_47' title='bbox 1678 1013 1690 1048; x_wconf 91' lang='lat'>:</span> 
     </span>
    </p>
   </div>
   <div class='ocr_carea' id='block_1_9' title="bbox 274 1084 1608 1160">
    <p class='ocr_par' dir='ltr' id='par_1_9' title="bbox 274 1084 1608 1160">
     <span class='ocr_line' id='line_1_9' title="bbox 274 1084 1608 1160; baseline -0.003 -19"><span class='ocrx_word' id='word_1_48' title='bbox 274 1085 552 1141; x_wconf 79' lang='lat' dir='ltr'><strong>Invadunt</strong></span> <span class='ocrx_word' id='word_1_49' title='bbox 580 1085 746 1160; x_wconf 84' lang='lat' dir='ltr'><strong>igitur</strong></span> <span class='ocrx_word' id='word_1_50' title='bbox 771 1084 1033 1155; x_wconf 69' lang='lat' dir='ltr'><strong>praadam,</strong></span> <span class='ocrx_word' id='word_1_51' title='bbox 1054 1085 1253 1139; x_wconf 89' lang='lat' dir='ltr'><strong>virtute</strong></span> <span class='ocrx_word' id='word_1_52' title='bbox 1278 1085 1608 1154; x_wconf 90' lang='lat' dir='ltr'><strong>prehensam</strong></span> 
     </span>
    </p>
   </div>
   <div class='ocr_carea' id='block_1_10' title="bbox 268 1174 1713 1249">
    <p class='ocr_par' dir='ltr' id='par_1_10' title="bbox 268 1174 1713 1249">
     <span class='ocr_line' id='line_1_10' title="bbox 268 1174 1713 1249; baseline -0.003 -16"><span class='ocrx_word' id='word_1_53' title='bbox 268 1179 538 1243; x_wconf 83' lang='lat' dir='ltr'><strong>Alterius,</strong></span> <span class='ocrx_word' id='word_1_54' title='bbox 571 1179 960 1249; x_wconf 87' lang='lat' dir='ltr'><strong>perimuntque</strong></span> <span class='ocrx_word' id='word_1_55' title='bbox 990 1191 1233 1247; x_wconf 91' lang='lat' dir='ltr'><strong>superno</strong></span> <span class='ocrx_word' id='word_1_56' title='bbox 1273 1177 1502 1231; x_wconf 89' lang='lat' dir='ltr'><strong>numine</strong></span> <span class='ocrx_word' id='word_1_57' title='bbox 1533 1174 1713 1229; x_wconf 84' lang='lat' dir='ltr'><strong>ﬁxam.</strong></span> 
     </span>
    </p>
   </div>
   <div class='ocr_carea' id='block_1_11' title="bbox 273 1267 1893 1335">
    <p class='ocr_par' dir='ltr' id='par_1_11' title="bbox 273 1267 1893 1335">
     <span class='ocr_line' id='line_1_11' title="bbox 273 1267 1893 1335; baseline -0.001 -13"><span class='ocrx_word' id='word_1_58' title='bbox 273 1269 609 1335; x_wconf 90' lang='lat' dir='ltr'><strong>Comedunt,</strong></span> <span class='ocrx_word' id='word_1_59' title='bbox 639 1274 867 1333; x_wconf 89' lang='lat' dir='ltr'><strong>torrent,</strong></span> <span class='ocrx_word' id='word_1_60' title='bbox 898 1283 1001 1323; x_wconf 91' lang='lat' dir='ltr'><strong>nec</strong></span> <span class='ocrx_word' id='word_1_61' title='bbox 1029 1268 1097 1322; x_wconf 93' lang='lat' dir='ltr'><strong>ad</strong></span> <span class='ocrx_word' id='word_1_62' title='bbox 1130 1267 1185 1321; x_wconf 91' lang='lat' dir='ltr'><strong>id</strong></span> <span class='ocrx_word' id='word_1_63' title='bbox 1224 1267 1349 1321; x_wconf 88' lang='lat' dir='ltr'><strong>data</strong></span> <span class='ocrx_word' id='word_1_64' title='bbox 1375 1269 1581 1324; x_wconf 86' lang='lat' dir='ltr'><strong>viscera</strong></span> <span class='ocrx_word' id='word_1_65' title='bbox 1608 1267 1893 1332; x_wconf 89' lang='lat' dir='ltr'><strong>mandunt,</strong></span> 
     </span>
    </p>
   </div>
   <div class='ocr_carea' id='block_1_12' title="bbox 274 1360 1692 1434">
    <p class='ocr_par' dir='ltr' id='par_1_12' title="bbox 274 1360 1692 1434">
     <span class='ocr_line' id='line_1_12' title="bbox 274 1360 1692 1434; baseline -0.001 -20"><span class='ocrx_word' id='word_1_66' title='bbox 274 1362 457 1434; x_wconf 80' lang='lat' dir='ltr'><strong>Digna</strong></span> <span class='ocrx_word' id='word_1_67' title='bbox 483 1360 579 1415; x_wconf 89' lang='lat' dir='ltr'><strong>sed</strong></span> <span class='ocrx_word' id='word_1_68' title='bbox 613 1361 850 1415; x_wconf 87' lang='lat' dir='ltr'><strong>audaces</strong></span> <span class='ocrx_word' id='word_1_69' title='bbox 880 1370 1005 1416; x_wconf 88' lang='lat' dir='ltr'><strong>mox</strong></span> <span class='ocrx_word' id='word_1_70' title='bbox 1034 1360 1420 1432; x_wconf 88' lang='lat' dir='ltr'><strong>perculitultio</strong></span> <span class='ocrx_word' id='word_1_71' title='bbox 1458 1366 1692 1414; x_wconf 90' lang='lat' dir='ltr'><strong>mentes.</strong></span> 
     </span>
    </p>
   </div>
   <div class='ocr_carea' id='block_1_13' title="bbox 278 1449 1542 1505">
    <p class='ocr_par' dir='ltr' id='par_1_13' title="bbox 278 1449 1542 1505">
     <span class='ocr_line' id='line_1_13' title="bbox 278 1449 1542 1505; baseline -0.002 -1"><span class='ocrx_word' id='word_1_72' title='bbox 278 1451 342 1504; x_wconf 88' lang='lat' dir='ltr'><strong>Et</strong></span> <span class='ocrx_word' id='word_1_73' title='bbox 375 1450 589 1505; x_wconf 87' lang='lat' dir='ltr'><strong>ratione</strong></span> <span class='ocrx_word' id='word_1_74' title='bbox 618 1456 807 1504; x_wconf 86' lang='lat' dir='ltr'><strong>carent</strong></span> <span class='ocrx_word' id='word_1_75' title='bbox 836 1449 1043 1503; x_wconf 86' lang='lat' dir='ltr'><strong>ratione</strong></span> <span class='ocrx_word' id='word_1_76' title='bbox 1072 1456 1294 1504; x_wconf 86' lang='lat' dir='ltr'><strong>carente</strong></span> <span class='ocrx_word' id='word_1_77' title='bbox 1331 1449 1542 1503; x_wconf 87' lang='lat' dir='ltr'><strong>feroces</strong></span> 
     </span>
    </p>
   </div>
   <div class='ocr_carea' id='block_1_14' title="bbox 273 1537 1744 1611">
    <p class='ocr_par' dir='ltr' id='par_1_14' title="bbox 273 1537 1744 1611">
     <span class='ocr_line' id='line_1_14' title="bbox 273 1537 1744 1611; baseline 0 -16"><span class='ocrx_word' id='word_1_78' title='bbox 273 1541 384 1605; x_wconf 84' lang='lat' dir='ltr'><strong>Qui</strong></span> <span class='ocrx_word' id='word_1_79' title='bbox 412 1541 750 1605; x_wconf 87' lang='lat' dir='ltr'><strong>exstiterant,</strong></span> <span class='ocrx_word' id='word_1_80' title='bbox 782 1540 981 1611; x_wconf 64' lang='lat' dir='ltr'><strong>praedas</strong></span> <span class='ocrx_word' id='word_1_81' title='bbox 1012 1540 1233 1611; x_wconf 91' lang='lat' dir='ltr'><strong>pietatis</strong></span> <span class='ocrx_word' id='word_1_82' title='bbox 1260 1540 1472 1594; x_wconf 80' lang='lat' dir='ltr'><strong>honore</strong></span> <span class='ocrx_word' id='word_1_83' title='bbox 1503 1537 1744 1595; x_wconf 73' lang='lat' dir='ltr'><strong>subacta:</strong></span> 
     </span>
    </p>
   </div>
   <div class='ocr_carea' id='block_1_15' title="bbox 274 1630 1593 1705">
    <p class='ocr_par' dir='ltr' id='par_1_15' title="bbox 274 1630 1593 1705">
     <span class='ocr_line' id='line_1_15' title="bbox 274 1630 1593 1705; baseline 0 -20"><span class='ocrx_word' id='word_1_84' title='bbox 274 1632 582 1686; x_wconf 86' lang='lat' dir='ltr'><strong>Sumentes</strong></span> <span class='ocrx_word' id='word_1_85' title='bbox 610 1647 785 1705; x_wconf 69' lang='lat' dir='ltr'><strong>aegros</strong></span> <span class='ocrx_word' id='word_1_86' title='bbox 816 1632 1141 1704; x_wconf 85' lang='lat' dir='ltr'><strong>pecorisque</strong></span> <span class='ocrx_word' id='word_1_87' title='bbox 1170 1631 1390 1686; x_wconf 89' lang='lat' dir='ltr'><strong>silentio</strong></span> <span class='ocrx_word' id='word_1_88' title='bbox 1431 1630 1593 1687; x_wconf 85' lang='lat' dir='ltr'><strong>ﬂatus</strong></span> 
     </span>
    </p>
   </div>
   <div class='ocr_carea' id='block_1_16' title="bbox 271 1708 1731 1792">
    <p class='ocr_par' dir='ltr' id='par_1_16' title="bbox 271 1708 1731 1792">
     <span class='ocr_line' id='line_1_16' title="bbox 271 1708 1731 1792; baseline 0.002 -18"><span class='ocrx_word' id='word_1_89' title='bbox 271 1721 520 1775; x_wconf 85' lang='lat' dir='ltr'><strong>Tramite</strong></span> <span class='ocrx_word' id='word_1_90' title='bbox 550 1720 629 1775; x_wconf 91' lang='lat' dir='ltr'><strong>sic</strong></span> <span class='ocrx_word' id='word_1_91' title='bbox 658 1727 837 1791; x_wconf 76' lang='lat' dir='ltr'><strong>empto</strong></span> <span class='ocrx_word' id='word_1_92' title='bbox 861 1708 1161 1791; x_wconf 83' lang='lat' dir='ltr'><strong>properant</strong></span> <span class='ocrx_word' id='word_1_93' title='bbox 1185 1738 1309 1777; x_wconf 92' lang='lat' dir='ltr'><strong>cum</strong></span> <span class='ocrx_word' id='word_1_94' title='bbox 1341 1723 1489 1792; x_wconf 87' lang='lat' dir='ltr'><strong>pelle</strong></span> <span class='ocrx_word' id='word_1_95' title='bbox 1518 1722 1731 1777; x_wconf 88' lang='lat' dir='ltr'><strong>revulsa</strong></span> 
     </span>
    </p>
   </div>
   <div class='ocr_carea' id='block_1_17' title="bbox 276 1809 1683 1880">
    <p class='ocr_par' dir='ltr' id='par_1_17' title="bbox 276 1809 1683 1880">
     <span class='ocr_line' id='line_1_17' title="bbox 276 1809 1683 1880; baseline 0.001 -17"><span class='ocrx_word' id='word_1_96' title='bbox 276 1809 609 1879; x_wconf 88' lang='lat' dir='ltr'><strong>Festinique</strong></span> <span class='ocrx_word' id='word_1_97' title='bbox 638 1816 835 1880; x_wconf 89' lang='lat' dir='ltr'><strong>petunt</strong></span> <span class='ocrx_word' id='word_1_98' title='bbox 860 1810 1173 1865; x_wconf 87' lang='lat' dir='ltr'><strong>veneranda</strong></span> <span class='ocrx_word' id='word_1_99' title='bbox 1198 1811 1486 1866; x_wconf 88' lang='lat' dir='ltr'><strong>cacumina</strong></span> <span class='ocrx_word' id='word_1_100' title='bbox 1510 1811 1639 1878; x_wconf 89' lang='lat' dir='ltr'><strong>justi</strong></span> <span class='ocrx_word' id='word_1_101' title='bbox 1670 1829 1683 1865; x_wconf 90' lang='lat'>:</span> 
     </span>
    </p>
   </div>
   <div class='ocr_carea' id='block_1_18' title="bbox 279 1899 1646 1969">
    <p class='ocr_par' dir='ltr' id='par_1_18' title="bbox 279 1899 1646 1969">
     <span class='ocr_line' id='line_1_18' title="bbox 279 1899 1646 1969; baseline 0.001 -16"><span class='ocrx_word' id='word_1_102' title='bbox 279 1900 399 1954; x_wconf 80' lang='lat' dir='ltr'><strong>Nec</strong></span> <span class='ocrx_word' id='word_1_103' title='bbox 424 1899 580 1953; x_wconf 89' lang='lat' dir='ltr'><strong>latuit</strong></span> <span class='ocrx_word' id='word_1_104' title='bbox 604 1906 785 1953; x_wconf 85' lang='lat' dir='ltr'><strong>vatem</strong></span> <span class='ocrx_word' id='word_1_105' title='bbox 817 1900 1174 1969; x_wconf 67' lang='lat' dir='ltr'><strong>praesumptio</strong></span> <span class='ocrx_word' id='word_1_106' title='bbox 1214 1899 1355 1955; x_wconf 87' lang='lat' dir='ltr'><strong>facta</strong></span> <span class='ocrx_word' id='word_1_107' title='bbox 1385 1900 1646 1963; x_wconf 89' lang='lat' dir='ltr'><strong>ferorum,</strong></span> 
     </span>
    </p>
   </div>
   <div class='ocr_carea' id='block_1_19' title="bbox 272 1989 1757 2061">
    <p class='ocr_par' dir='ltr' id='par_1_19' title="bbox 272 1989 1757 2061">
     <span class='ocr_line' id='line_1_19' title="bbox 272 1989 1757 2061; baseline 0.001 -18"><span class='ocrx_word' id='word_1_108' title='bbox 272 1990 417 2054; x_wconf 84' lang='lat' dir='ltr'><strong>Quis</strong></span> <span class='ocrx_word' id='word_1_109' title='bbox 449 2006 702 2060; x_wconf 87' lang='lat' dir='ltr'><strong>superam</strong></span> <span class='ocrx_word' id='word_1_110' title='bbox 736 1989 859 2060; x_wconf 92' lang='lat' dir='ltr'><strong>pius</strong></span> <span class='ocrx_word' id='word_1_111' title='bbox 886 1997 1005 2045; x_wconf 90' lang='lat' dir='ltr'><strong>orat</strong></span> <span class='ocrx_word' id='word_1_112' title='bbox 1033 2005 1193 2060; x_wconf 91' lang='lat' dir='ltr'><strong>opem</strong></span> <span class='ocrx_word' id='word_1_113' title='bbox 1226 1989 1462 2061; x_wconf 79' lang='lat' dir='ltr'><strong>ferrique</strong></span> <span class='ocrx_word' id='word_1_114' title='bbox 1485 1990 1715 2045; x_wconf 87' lang='lat' dir='ltr'><strong>salutem</strong></span> <span class='ocrx_word' id='word_1_115' title='bbox 1741 2009 1757 2055; x_wconf 87' lang='lat'><strong>;</strong></span> 
     </span>
    </p>
   </div>
   <div class='ocr_carea' id='block_1_20' title="bbox 270 2078 1902 2151">
    <p class='ocr_par' dir='ltr' id='par_1_20' title="bbox 270 2078 1902 2151">
     <span class='ocr_line' id='line_1_20' title="bbox 270 2078 1902 2151; baseline -0.001 -17"><span class='ocrx_word' id='word_1_116' title='bbox 270 2080 537 2134; x_wconf 89' lang='lat' dir='ltr'><strong>Seductis</strong></span> <span class='ocrx_word' id='word_1_117' title='bbox 569 2079 632 2151; x_wconf 64' lang='grc' dir='ltr'><strong>[ί.</strong></span> <span class='ocrx_word' id='word_1_118' title='bbox 665 2079 763 2133; x_wconf 89' lang='lat' dir='ltr'><strong>sed</strong></span> <span class='ocrx_word' id='word_1_119' title='bbox 794 2078 952 2148; x_wconf 89' lang='lat' dir='ltr'><strong>votis]</strong></span> <span class='ocrx_word' id='word_1_120' title='bbox 987 2086 1146 2151; x_wconf 78' lang='lat' dir='ltr'><strong>gesta</strong></span> <span class='ocrx_word' id='word_1_121' title='bbox 1180 2079 1504 2151; x_wconf 88' lang='lat' dir='ltr'><strong>improbitas</strong></span> <span class='ocrx_word' id='word_1_122' title='bbox 1534 2079 1753 2135; x_wconf 88' lang='lat' dir='ltr'><strong>obsistit</strong></span> <span class='ocrx_word' id='word_1_123' title='bbox 1776 2079 1902 2149; x_wconf 90' lang='lat' dir='ltr'><strong>opi-</strong></span> 
     </span>
    </p>
   </div>
   <div class='ocr_carea' id='block_1_21' title="bbox 1687 2169 1826 2241">
    <p class='ocr_par' dir='ltr' id='par_1_21' title="bbox 1687 2169 1826 2241">
     <span class='ocr_line' id='line_1_21' title="bbox 1687 2169 1826 2241; baseline -0.014 -17"><span class='ocrx_word' id='word_1_124' title='bbox 1687 2169 1826 2241; x_wconf 87' lang='lat' dir='ltr'><strong>[mis.</strong></span> 
     </span>
    </p>
   </div>
   <div class='ocr_carea' id='block_1_22' title="bbox 266 2258 1742 2330">
    <p class='ocr_par' dir='ltr' id='par_1_22' title="bbox 266 2258 1742 2330">
     <span class='ocr_line' id='line_1_22' title="bbox 266 2258 1742 2330; baseline -0.001 -16"><span class='ocrx_word' id='word_1_125' title='bbox 266 2262 489 2314; x_wconf 90' lang='lat' dir='ltr'><strong>Dantur</strong></span> <span class='ocrx_word' id='word_1_126' title='bbox 510 2259 561 2313; x_wconf 91' lang='lat' dir='ltr'><strong>ei</strong></span> <span class='ocrx_word' id='word_1_127' title='bbox 603 2258 832 2314; x_wconf 91' lang='lat' dir='ltr'><strong>meliora</strong></span> <span class='ocrx_word' id='word_1_128' title='bbox 871 2265 1053 2312; x_wconf 90' lang='lat' dir='ltr'><strong>tamen</strong></span> <span class='ocrx_word' id='word_1_129' title='bbox 1086 2274 1249 2330; x_wconf 91' lang='lat' dir='ltr'><strong>quam</strong></span> <span class='ocrx_word' id='word_1_130' title='bbox 1282 2259 1546 2330; x_wconf 88' lang='lat' dir='ltr'><strong>postulet,</strong></span> <span class='ocrx_word' id='word_1_131' title='bbox 1576 2268 1742 2330; x_wconf 90' lang='lat' dir='ltr'><strong>atque</strong></span> 
     </span>
    </p>
   </div>
   <div class='ocr_carea' id='block_1_23' title="bbox 267 2350 1718 2423">
    <p class='ocr_par' dir='ltr' id='par_1_23' title="bbox 267 2350 1718 2423">
     <span class='ocr_line' id='line_1_23' title="bbox 267 2350 1718 2423; baseline 0 -18"><span class='ocrx_word' id='word_1_132' title='bbox 267 2350 638 2406; x_wconf 88' lang='lat' dir='ltr'><strong>Promeritam</strong></span> <span class='ocrx_word' id='word_1_133' title='bbox 670 2352 905 2406; x_wconf 88' lang='lat' dir='ltr'><strong>tolerant</strong></span> <span class='ocrx_word' id='word_1_134' title='bbox 934 2351 1154 2406; x_wconf 90' lang='lat' dir='ltr'><strong>decreto</strong></span> <span class='ocrx_word' id='word_1_135' title='bbox 1194 2361 1443 2422; x_wconf 91' lang='lat' dir='ltr'><strong>tempore</strong></span> <span class='ocrx_word' id='word_1_136' title='bbox 1476 2366 1718 2423; x_wconf 66' lang='lat' dir='ltr'><strong>pinnam,</strong></span> 
     </span>
    </p>
   </div>
   <div class='ocr_carea' id='block_1_24' title="bbox 273 2443 1612 2513">
    <p class='ocr_par' dir='ltr' id='par_1_24' title="bbox 273 2443 1612 2513">
     <span class='ocr_line' id='line_1_24' title="bbox 273 2443 1612 2513; baseline 0.001 -16"><span class='ocrx_word' id='word_1_137' title='bbox 273 2443 361 2497; x_wconf 80' lang='lat' dir='ltr'><strong>Ne</strong></span> <span class='ocrx_word' id='word_1_138' title='bbox 394 2443 623 2513; x_wconf 86' lang='lat' dir='ltr'><strong>posthac</strong></span> <span class='ocrx_word' id='word_1_139' title='bbox 651 2452 855 2499; x_wconf 55' lang='lat' dir='ltr'><strong>aeterna</strong></span> <span class='ocrx_word' id='word_1_140' title='bbox 885 2458 1009 2499; x_wconf 88' lang='lat' dir='ltr'><strong>reos</strong></span> <span class='ocrx_word' id='word_1_141' title='bbox 1040 2450 1314 2499; x_wconf 90' lang='lat' dir='ltr'><strong>tormenta</strong></span> <span class='ocrx_word' id='word_1_142' title='bbox 1340 2445 1612 2500; x_wconf 90' lang='lat' dir='ltr'><strong>volutent.</strong></span> 
     </span>
    </p>
   </div>
   <div class='ocr_carea' id='block_1_25' title="bbox 278 2533 1656 2605">
    <p class='ocr_par' dir='ltr' id='par_1_25' title="bbox 278 2533 1656 2605">
     <span class='ocr_line' id='line_1_25' title="bbox 278 2533 1656 2605; baseline 0 -17"><span class='ocrx_word' id='word_1_143' title='bbox 278 2535 425 2588; x_wconf 90' lang='lat' dir='ltr'><strong>Dum</strong></span> <span class='ocrx_word' id='word_1_144' title='bbox 458 2533 739 2604; x_wconf 90' lang='lat' dir='ltr'><strong>patiuntur</strong></span> <span class='ocrx_word' id='word_1_145' title='bbox 768 2544 821 2588; x_wconf 89' lang='lat' dir='ltr'><strong>et</strong></span> <span class='ocrx_word' id='word_1_146' title='bbox 848 2534 904 2589; x_wconf 93' lang='lat' dir='ltr'><strong>hi</strong></span> <span class='ocrx_word' id='word_1_147' title='bbox 935 2534 1120 2589; x_wconf 91' lang='lat' dir='ltr'><strong>multis</strong></span> <span class='ocrx_word' id='word_1_148' title='bbox 1149 2534 1505 2605; x_wconf 67' lang='lat' dir='ltr'><strong>praesumptio</strong></span> <span class='ocrx_word' id='word_1_149' title='bbox 1531 2534 1656 2589; x_wconf 89' lang='lat' dir='ltr'><strong>talis</strong></span> 
     </span>
    </p>
   </div>
   <div class='ocr_carea' id='block_1_26' title="bbox 281 2624 1585 2701">
    <p class='ocr_par' dir='ltr' id='par_1_26' title="bbox 281 2624 1585 2701">
     <span class='ocr_line' id='line_1_26' title="bbox 281 2624 1585 2701; baseline 0.002 -22"><span class='ocrx_word' id='word_1_150' title='bbox 281 2624 563 2690; x_wconf 83' lang='lat' dir='ltr'><strong>Anfertur,</strong></span> <span class='ocrx_word' id='word_1_151' title='bbox 597 2625 765 2697; x_wconf 87' lang='lat' dir='ltr'><strong>digno</strong></span> <span class='ocrx_word' id='word_1_152' title='bbox 794 2626 981 2697; x_wconf 88' lang='lat' dir='ltr'><strong>plures</strong></span> <span class='ocrx_word' id='word_1_153' title='bbox 1006 2626 1328 2682; x_wconf 87' lang='lat' dir='ltr'><strong>moderante</strong></span> <span class='ocrx_word' id='word_1_154' title='bbox 1366 2625 1585 2701; x_wconf 80' lang='lat' dir='ltr'><strong>flagello</strong></span> 
     </span>
    </p>
   </div>
   <div class='ocr_carea' id='block_1_27' title="bbox 280 2718 1898 2793">
    <p class='ocr_par' dir='ltr' id='par_1_27' title="bbox 280 2718 1898 2793">
     <span class='ocr_line' id='line_1_27' title="bbox 280 2718 1898 2793; baseline -0.002 -20"><span class='ocrx_word' id='word_1_155' title='bbox 280 2719 417 2773; x_wconf 88' lang='lat' dir='ltr'><strong>Post</strong></span> <span class='ocrx_word' id='word_1_156' title='bbox 436 2718 718 2793; x_wconf 88' lang='lat' dir='ltr'><strong>geminum</strong></span> <span class='ocrx_word' id='word_1_157' title='bbox 739 2719 955 2793; x_wconf 80' lang='lat' dir='ltr'><strong>magnis</strong></span> <span class='ocrx_word' id='word_1_158' title='bbox 980 2719 1240 2789; x_wconf 86' lang='lat' dir='ltr'><strong>precibus</strong></span> <span class='ocrx_word' id='word_1_159' title='bbox 1269 2719 1366 2774; x_wconf 90' lang='lat' dir='ltr'><strong>sed</strong></span> <span class='ocrx_word' id='word_1_160' title='bbox 1395 2718 1658 2789; x_wconf 61' lang='lat' dir='ltr'><strong>praeditus</strong></span> <span class='ocrx_word' id='word_1_161' title='bbox 1691 2733 1898 2773; x_wconf 87' lang='lat' dir='ltr'><strong>annum</strong></span> 
     </span>
    </p>
   </div>
   <div class='ocr_carea' id='block_1_28' title="bbox 286 2808 1759 2881">
    <p class='ocr_par' dir='ltr' id='par_1_28' title="bbox 286 2808 1759 2881">
     <span class='ocr_line' id='line_1_28' title="bbox 286 2808 1759 2881; baseline -0.003 -16"><span class='ocrx_word' id='word_1_162' title='bbox 286 2811 613 2881; x_wconf 80' lang='lat' dir='ltr'><strong>Hospitibus</strong></span> <span class='ocrx_word' id='word_1_163' title='bbox 640 2810 860 2864; x_wconf 90' lang='lat' dir='ltr'><strong>tandem</strong></span> <span class='ocrx_word' id='word_1_164' title='bbox 894 2808 1165 2864; x_wconf 87' lang='lat' dir='ltr'><strong>miserans</strong></span> <span class='ocrx_word' id='word_1_165' title='bbox 1192 2809 1497 2864; x_wconf 87' lang='lat' dir='ltr'><strong>medicatur</strong></span> <span class='ocrx_word' id='word_1_166' title='bbox 1522 2808 1759 2863; x_wconf 89' lang='lat' dir='ltr'><strong>anhelis.</strong></span> 
     </span>
    </p>
   </div>
   <div class='ocr_carea' id='block_1_29' title="bbox 362 2900 1694 2974">
    <p class='ocr_par' dir='ltr' id='par_1_29' title="bbox 362 2900 1694 2974">
     <span class='ocr_line' id='line_1_29' title="bbox 362 2900 1694 2974; baseline -0.002 -17"><span class='ocrx_word' id='word_1_167' title='bbox 362 2904 549 2958; x_wconf 72' lang='lat' dir='ltr'><strong>Saevus</strong></span> <span class='ocrx_word' id='word_1_168' title='bbox 571 2919 636 2958; x_wconf 88' lang='lat' dir='ltr'><strong>ea</strong></span> <span class='ocrx_word' id='word_1_169' title='bbox 665 2902 943 2973; x_wconf 90' lang='lat' dir='ltr'><strong>quondam</strong></span> <span class='ocrx_word' id='word_1_170' title='bbox 968 2901 1171 2971; x_wconf 90' lang='lat' dir='ltr'><strong>pardus</strong></span> <span class='ocrx_word' id='word_1_171' title='bbox 1199 2901 1427 2974; x_wconf 75' lang='lat' dir='ltr'><strong>regione</strong></span> <span class='ocrx_word' id='word_1_172' title='bbox 1459 2900 1694 2963; x_wconf 88' lang='lat' dir='ltr'><strong>furebat,</strong></span> 
     </span>
    </p>
   </div>
   <div class='ocr_carea' id='block_1_30' title="bbox 284 2990 1833 3060">
    <p class='ocr_par' dir='ltr' id='par_1_30' title="bbox 284 2990 1833 3060">
     <span class='ocr_line' id='line_1_30' title="bbox 284 2990 1833 3060; baseline -0.001 -15"><span class='ocrx_word' id='word_1_173' title='bbox 284 2992 625 3046; x_wconf 87' lang='lat' dir='ltr'><strong>Proturbans</strong></span> <span class='ocrx_word' id='word_1_174' title='bbox 646 2991 921 3057; x_wconf 89' lang='lat' dir='ltr'><strong>homines,</strong></span> <span class='ocrx_word' id='word_1_175' title='bbox 957 2991 1197 3060; x_wconf 89' lang='lat' dir='ltr'><strong>pecudes</strong></span> <span class='ocrx_word' id='word_1_176' title='bbox 1213 2990 1464 3058; x_wconf 88' lang='lat' dir='ltr'><strong>jumenta</strong></span> <span class='ocrx_word' id='word_1_177' title='bbox 1493 3005 1833 3060; x_wconf 88' lang='lat' dir='ltr'><strong>voransque;</strong></span> 
     </span>
    </p>
   </div>
   <div class='ocr_carea' id='block_1_31' title="bbox 286 3078 1483 3155">
    <p class='ocr_par' dir='ltr' id='par_1_31' title="bbox 286 3078 1483 3155">
     <span class='ocr_line' id='line_1_31' title="bbox 286 3078 1483 3155; baseline -0.001 -20"><span class='ocrx_word' id='word_1_178' title='bbox 286 3079 556 3155; x_wconf 81' lang='lat' dir='ltr'><strong>Agricolae</strong></span> <span class='ocrx_word' id='word_1_179' title='bbox 580 3088 774 3136; x_wconf 89' lang='lat' dir='ltr'><strong>contra</strong></span> <span class='ocrx_word' id='word_1_180' title='bbox 802 3079 977 3134; x_wconf 91' lang='lat' dir='ltr'><strong>sancti</strong></span> <span class='ocrx_word' id='word_1_181' title='bbox 1008 3079 1276 3134; x_wconf 90' lang='lat' dir='ltr'><strong>tutamina</strong></span> <span class='ocrx_word' id='word_1_182' title='bbox 1305 3078 1483 3134; x_wconf 88' lang='lat' dir='ltr'><strong>Patris</strong></span> 
     </span>
    </p>
   </div>
   <div class='ocr_carea' id='block_1_32' title="bbox 293 3171 1690 3243">
    <p class='ocr_par' dir='ltr' id='par_1_32' title="bbox 293 3171 1690 3243">
     <span class='ocr_line' id='line_1_32' title="bbox 293 3171 1690 3243; baseline -0.001 -18"><span class='ocrx_word' id='word_1_183' title='bbox 293 3172 625 3243; x_wconf 83' lang='lat' dir='ltr'><strong>Exposcunt,</strong></span> <span class='ocrx_word' id='word_1_184' title='bbox 660 3171 855 3227; x_wconf 90' lang='lat' dir='ltr'><strong>rabido</strong></span> <span class='ocrx_word' id='word_1_185' title='bbox 885 3187 995 3243; x_wconf 90' lang='lat' dir='ltr'><strong>quo</strong></span> <span class='ocrx_word' id='word_1_186' title='bbox 1018 3171 1386 3226; x_wconf 83' lang='lat' dir='ltr'><strong>defendamur</strong></span> <span class='ocrx_word' id='word_1_187' title='bbox 1413 3171 1481 3224; x_wconf 92' lang='lat' dir='ltr'><strong>ab</strong></span> <span class='ocrx_word' id='word_1_188' title='bbox 1512 3171 1690 3225; x_wconf 87' lang='lat' dir='ltr'><strong>hoste.</strong></span> 
     </span>
    </p>
   </div>
   <div class='ocr_carea' id='block_1_33' title="bbox 286 3264 1551 3335">
    <p class='ocr_par' dir='ltr' id='par_1_33' title="bbox 286 3264 1551 3335">
     <span class='ocr_line' id='line_1_33' title="bbox 286 3264 1551 3335; baseline 0 -17"><span class='ocrx_word' id='word_1_189' title='bbox 286 3265 569 3320; x_wconf 89' lang='lat' dir='ltr'><strong>Perversis</strong></span> <span class='ocrx_word' id='word_1_190' title='bbox 598 3271 681 3320; x_wconf 91' lang='lat' dir='ltr'><strong>ast</strong></span> <span class='ocrx_word' id='word_1_191' title='bbox 709 3264 803 3320; x_wconf 90' lang='lat' dir='ltr'><strong>ille</strong></span> <span class='ocrx_word' id='word_1_192' title='bbox 824 3264 1008 3319; x_wconf 91' lang='lat' dir='ltr'><strong>sciens</strong></span> <span class='ocrx_word' id='word_1_193' title='bbox 1048 3280 1333 3335; x_wconf 90' lang='lat' dir='ltr'><strong>apponere</strong></span> <span class='ocrx_word' id='word_1_194' title='bbox 1362 3269 1551 3319; x_wconf 89' lang='lat' dir='ltr'><strong>sancta</strong></span> 
     </span>
    </p>
   </div>
   <div class='ocr_carea' id='block_1_34' title="bbox 286 3353 1817 3427">
    <p class='ocr_par' dir='ltr' id='par_1_34' title="bbox 286 3353 1817 3427">
     <span class='ocr_line' id='line_1_34' title="bbox 286 3353 1817 3427; baseline -0.003 -17"><span class='ocrx_word' id='word_1_195' title='bbox 286 3354 653 3411; x_wconf 83' lang='lat' dir='ltr'><strong>Sanctiﬁcans</strong></span> <span class='ocrx_word' id='word_1_196' title='bbox 673 3355 953 3412; x_wconf 87' lang='lat' dir='ltr'><strong>benedicit</strong></span> <span class='ocrx_word' id='word_1_197' title='bbox 981 3372 1202 3427; x_wconf 91' lang='lat' dir='ltr'><strong>aquam,</strong></span> <span class='ocrx_word' id='word_1_198' title='bbox 1226 3355 1503 3426; x_wconf 86' lang='lat' dir='ltr'><strong>mittitque</strong></span> <span class='ocrx_word' id='word_1_199' title='bbox 1534 3353 1817 3408; x_wconf 86' lang='lat' dir='ltr'><strong>ferendam</strong></span> 
     </span>
    </p>
   </div>
   <div class='ocr_carea' id='block_1_35' title="bbox 292 3443 1690 3517">
    <p class='ocr_par' dir='ltr' id='par_1_35' title="bbox 292 3443 1690 3517">
     <span class='ocr_line' id='line_1_35' title="bbox 292 3443 1690 3517; baseline -0.002 -18"><span class='ocrx_word' id='word_1_200' title='bbox 292 3446 399 3499; x_wconf 90' lang='lat' dir='ltr'><strong>Per</strong></span> <span class='ocrx_word' id='word_1_201' title='bbox 435 3447 555 3501; x_wconf 89' lang='lat' dir='ltr'><strong>loca</strong></span> <span class='ocrx_word' id='word_1_202' title='bbox 583 3461 693 3517; x_wconf 90' lang='lat' dir='ltr'><strong>qua</strong></span> <span class='ocrx_word' id='word_1_203' title='bbox 731 3445 925 3516; x_wconf 91' lang='lat' dir='ltr'><strong>pernix</strong></span> <span class='ocrx_word' id='word_1_204' title='bbox 958 3446 1160 3516; x_wconf 91' lang='lat' dir='ltr'><strong>pardus</strong></span> <span class='ocrx_word' id='word_1_205' title='bbox 1184 3445 1421 3500; x_wconf 88' lang='lat' dir='ltr'><strong>transire</strong></span> <span class='ocrx_word' id='word_1_206' title='bbox 1452 3443 1690 3499; x_wconf 88' lang='lat' dir='ltr'><strong>solebat.</strong></span> 
     </span>
    </p>
   </div>
   <div class='ocr_carea' id='block_1_36' title="bbox 290 3532 1604 3601">
    <p class='ocr_par' dir='ltr' id='par_1_36' title="bbox 290 3532 1604 3601">
     <span class='ocr_line' id='line_1_36' title="bbox 290 3532 1604 3601; baseline -0.003 -11"><span class='ocrx_word' id='word_1_207' title='bbox 290 3535 592 3591; x_wconf 83' lang='lat' dir='ltr'><strong>Distinctus</strong></span> <span class='ocrx_word' id='word_1_208' title='bbox 618 3535 869 3601; x_wconf 85' lang='lat' dir='ltr'><strong>maculis,</strong></span> <span class='ocrx_word' id='word_1_209' title='bbox 902 3542 956 3590; x_wconf 89' lang='lat' dir='ltr'><strong>et</strong></span> <span class='ocrx_word' id='word_1_210' title='bbox 975 3534 1393 3591; x_wconf 88' lang='lat' dir='ltr'><strong>crudelissimus</strong></span> <span class='ocrx_word' id='word_1_211' title='bbox 1425 3532 1604 3587; x_wconf 91' lang='lat' dir='ltr'><strong>hostis</strong></span> 
     </span>
    </p>
   </div>
   <div class='ocr_carea' id='block_1_37' title="bbox 293 3622 1628 3699">
    <p class='ocr_par' dir='ltr' id='par_1_37' title="bbox 293 3622 1628 3699">
     <span class='ocr_line' id='line_1_37' title="bbox 293 3622 1628 3699; baseline -0.001 -22"><span class='ocrx_word' id='word_1_212' title='bbox 293 3624 544 3699; x_wconf 89' lang='lat' dir='ltr'><strong>lgnotam</strong></span> <span class='ocrx_word' id='word_1_213' title='bbox 571 3624 759 3679; x_wconf 91' lang='lat' dir='ltr'><strong>multis</strong></span> <span class='ocrx_word' id='word_1_214' title='bbox 790 3624 1040 3696; x_wconf 89' lang='lat' dir='ltr'><strong>pedicam</strong></span> <span class='ocrx_word' id='word_1_215' title='bbox 1074 3623 1409 3679; x_wconf 86' lang='lat' dir='ltr'><strong>venantibus</strong></span> <span class='ocrx_word' id='word_1_216' title='bbox 1432 3622 1628 3683; x_wconf 87' lang='lat' dir='ltr'><strong>edens,</strong></span> 
     </span>
    </p>
   </div>
   <div class='ocr_carea' id='block_1_38' title="bbox 287 3712 1543 3786">
    <p class='ocr_par' dir='ltr' id='par_1_38' title="bbox 287 3712 1543 3786">
     <span class='ocr_line' id='line_1_38' title="bbox 287 3712 1543 3786; baseline -0.001 -19"><span class='ocrx_word' id='word_1_217' title='bbox 287 3714 464 3769; x_wconf 84' lang='lat' dir='ltr'><strong>Torva</strong></span> <span class='ocrx_word' id='word_1_218' title='bbox 501 3713 801 3770; x_wconf 81' lang='lat' dir='ltr'><strong>salutiferis</strong></span> <span class='ocrx_word' id='word_1_219' title='bbox 826 3730 1049 3786; x_wconf 88' lang='lat' dir='ltr'><strong>repersa</strong></span> <span class='ocrx_word' id='word_1_220' title='bbox 1082 3712 1394 3785; x_wconf 85' lang='lat' dir='ltr'><strong>liquoribus</strong></span> <span class='ocrx_word' id='word_1_221' title='bbox 1416 3728 1543 3767; x_wconf 88' lang='lat' dir='ltr'><strong>arva</strong></span> 
     </span>
    </p>
   </div>
   <div class='ocr_carea' id='block_1_39' title="bbox 291 3804 1788 3878">
    <p class='ocr_par' dir='ltr' id='par_1_39' title="bbox 291 3804 1788 3878">
     <span class='ocr_line' id='line_1_39' title="bbox 291 3804 1788 3878; baseline -0.002 -19"><span class='ocrx_word' id='word_1_222' title='bbox 291 3805 620 3860; x_wconf 88' lang='lat' dir='ltr'><strong>Accelerans</strong></span> <span class='ocrx_word' id='word_1_223' title='bbox 647 3822 1003 3878; x_wconf 70' lang='lat' dir='ltr'><strong>praecepsque</strong></span> <span class='ocrx_word' id='word_1_224' title='bbox 1032 3822 1199 3861; x_wconf 89' lang='lat' dir='ltr'><strong>ruens</strong></span> <span class='ocrx_word' id='word_1_225' title='bbox 1224 3805 1321 3860; x_wconf 90' lang='lat' dir='ltr'><strong>ubi</strong></span> <span class='ocrx_word' id='word_1_226' title='bbox 1346 3804 1533 3860; x_wconf 90' lang='lat' dir='ltr'><strong>bellua</strong></span> <span class='ocrx_word' id='word_1_227' title='bbox 1558 3810 1788 3876; x_wconf 89' lang='lat' dir='ltr'><strong>tangens</strong></span> 
     </span>
    </p>
   </div>
   <div class='ocr_carea' id='block_1_40' title="bbox 292 3897 1628 3965">
    <p class='ocr_par' dir='ltr' id='par_1_40' title="bbox 292 3897 1628 3965">
     <span class='ocr_line' id='line_1_40' title="bbox 292 3897 1628 3965; baseline -0.001 -13"><span class='ocrx_word' id='word_1_228' title='bbox 292 3897 565 3965; x_wconf 88' lang='lat' dir='ltr'><strong>Concidit,</strong></span> <span class='ocrx_word' id='word_1_229' title='bbox 607 3908 662 3954; x_wconf 89' lang='lat' dir='ltr'><strong>et</strong></span> <span class='ocrx_word' id='word_1_230' title='bbox 686 3899 851 3954; x_wconf 90' lang='lat' dir='ltr'><strong>vitam</strong></span> <span class='ocrx_word' id='word_1_231' title='bbox 886 3907 1084 3955; x_wconf 89' lang='lat' dir='ltr'><strong>tenues</strong></span> <span class='ocrx_word' id='word_1_232' title='bbox 1112 3898 1297 3954; x_wconf 90' lang='lat' dir='ltr'><strong>emisit</strong></span> <span class='ocrx_word' id='word_1_233' title='bbox 1328 3898 1386 3952; x_wconf 91' lang='lat' dir='ltr'><strong>in</strong></span> <span class='ocrx_word' id='word_1_234' title='bbox 1416 3913 1581 3952; x_wconf 86' lang='lat' dir='ltr'><strong>auras</strong></span> <span class='ocrx_word' id='word_1_235' title='bbox 1613 3914 1628 3962; x_wconf 86' lang='lat'><strong>;</strong></span> 
     </span>
    </p>
   </div>
   <div class='ocr_carea' id='block_1_41' title="bbox 293 3987 1665 4045">
    <p class='ocr_par' dir='ltr' id='par_1_41' title="bbox 293 3987 1665 4045">
     <span class='ocr_line' id='line_1_41' title="bbox 293 3987 1665 4045; baseline 0 -4"><span class='ocrx_word' id='word_1_236' title='bbox 293 3988 415 4042; x_wconf 92' lang='lat' dir='ltr'><strong>Non</strong></span> <span class='ocrx_word' id='word_1_237' title='bbox 447 3987 661 4043; x_wconf 89' lang='lat' dir='ltr'><strong>funesta</strong></span> <span class='ocrx_word' id='word_1_238' title='bbox 685 3989 874 4043; x_wconf 90' lang='lat' dir='ltr'><strong>valens</strong></span> <span class='ocrx_word' id='word_1_239' title='bbox 903 3989 969 4043; x_wconf 94' lang='lat' dir='ltr'><strong>ad</strong></span> <span class='ocrx_word' id='word_1_240' title='bbox 1000 4004 1190 4045; x_wconf 87' lang='lat' dir='ltr'><strong>eorum</strong></span> <span class='ocrx_word' id='word_1_241' title='bbox 1222 3989 1407 4043; x_wconf 82' lang='lat' dir='ltr'><strong>vivere</strong></span> <span class='ocrx_word' id='word_1_242' title='bbox 1434 3994 1665 4043; x_wconf 89' lang='lat' dir='ltr'><strong>mortem</strong></span> 
     </span>
    </p>
   </div>
   <div class='ocr_carea' id='block_1_42' title="bbox 299 4074 1646 4141">
    <p class='ocr_par' dir='ltr' id='par_1_42' title="bbox 299 4074 1646 4141">
     <span class='ocr_line' id='line_1_42' title="bbox 299 4074 1646 4141; baseline -0.002 -10"><span class='ocrx_word' id='word_1_243' title='bbox 299 4077 543 4141; x_wconf 84' lang='lat' dir='ltr'><strong>Quorum</strong></span> <span class='ocrx_word' id='word_1_244' title='bbox 578 4077 659 4131; x_wconf 91' lang='lat' dir='ltr'><strong>vir</strong></span> <span class='ocrx_word' id='word_1_245' title='bbox 686 4077 904 4133; x_wconf 90' lang='lat' dir='ltr'><strong>Domini</strong></span> <span class='ocrx_word' id='word_1_246' title='bbox 934 4084 1105 4132; x_wconf 89' lang='lat' dir='ltr'><strong>certat</strong></span> <span class='ocrx_word' id='word_1_247' title='bbox 1134 4076 1437 4132; x_wconf 89' lang='lat' dir='ltr'><strong>defendere</strong></span> <span class='ocrx_word' id='word_1_248' title='bbox 1458 4074 1646 4130; x_wconf 91' lang='lat' dir='ltr'><strong>vitam.</strong></span> 
     </span>
    </p>
   </div>
   <div class='ocr_carea' id='block_1_43' title="bbox 300 4169 1489 4246">
    <p class='ocr_par' dir='ltr' id='par_1_43' title="bbox 300 4169 1489 4246">
     <span class='ocr_line' id='line_1_43' title="bbox 300 4169 1489 4246; baseline -0.001 -21"><span class='ocrx_word' id='word_1_249' title='bbox 300 4172 662 4243; x_wconf 87' lang='lat' dir='ltr'><strong>Suspendunt</strong></span> <span class='ocrx_word' id='word_1_250' title='bbox 693 4173 859 4244; x_wconf 84' lang='lat' dir='ltr'><strong>igitur</strong></span> <span class='ocrx_word' id='word_1_251' title='bbox 887 4172 1069 4228; x_wconf 88' lang='lat' dir='ltr'><strong>vicino</strong></span> <span class='ocrx_word' id='word_1_252' title='bbox 1097 4178 1315 4246; x_wconf 82' lang='lat' dir='ltr'><strong>tergora</strong></span> <span class='ocrx_word' id='word_1_253' title='bbox 1340 4169 1489 4237; x_wconf 88' lang='lat' dir='ltr'><strong>calli,</strong></span> 
     </span>
    </p>
   </div>
   <div class='ocr_carea' id='block_1_44' title="bbox 304 4258 1538 4316">
    <p class='ocr_par' dir='ltr' id='par_1_44' title="bbox 304 4258 1538 4316">
     <span class='ocr_line' id='line_1_44' title="bbox 304 4258 1538 4316; baseline -0.002 -2"><span class='ocrx_word' id='word_1_254' title='bbox 304 4261 513 4315; x_wconf 85' lang='lat' dir='ltr'><strong>Securo</strong></span> <span class='ocrx_word' id='word_1_255' title='bbox 544 4260 838 4316; x_wconf 91' lang='lat' dir='ltr'><strong>Dominum</strong></span> <span class='ocrx_word' id='word_1_256' title='bbox 870 4260 1148 4316; x_wconf 87' lang='lat' dir='ltr'><strong>Simeonis</strong></span> <span class='ocrx_word' id='word_1_257' title='bbox 1163 4259 1331 4315; x_wconf 87' lang='lat' dir='ltr'><strong>corde</strong></span> <span class='ocrx_word' id='word_1_258' title='bbox 1360 4258 1538 4315; x_wconf 84' lang='lat' dir='ltr'><strong>viator</strong></span> 
     </span>
    </p>
   </div>
   <div class='ocr_carea' id='block_1_45' title="bbox 302 4347 1724 4419">
    <p class='ocr_par' dir='ltr' id='par_1_45' title="bbox 302 4347 1724 4419">
     <span class='ocr_line' id='line_1_45' title="bbox 302 4347 1724 4419; baseline -0.002 -16"><span class='ocrx_word' id='word_1_259' title='bbox 302 4348 368 4403; x_wconf 89' lang='lat' dir='ltr'><strong>Ut</strong></span> <span class='ocrx_word' id='word_1_260' title='bbox 399 4347 716 4416; x_wconf 87' lang='lat' dir='ltr'><strong>benedicat,</strong></span> <span class='ocrx_word' id='word_1_261' title='bbox 748 4349 872 4416; x_wconf 89' lang='lat' dir='ltr'><strong>iter,</strong></span> <span class='ocrx_word' id='word_1_262' title='bbox 906 4348 1085 4419; x_wconf 88' lang='lat' dir='ltr'><strong>posita</strong></span> <span class='ocrx_word' id='word_1_263' title='bbox 1115 4347 1436 4411; x_wconf 87' lang='lat' dir='ltr'><strong>formidine,</strong></span> <span class='ocrx_word' id='word_1_264' title='bbox 1468 4362 1724 4417; x_wconf 89' lang='lat' dir='ltr'><strong>carpens.</strong></span> 
     </span>
    </p>
   </div>
   <div class='ocr_carea' id='block_1_46' title="bbox 825 317 3064 377">
    <p class='ocr_par' dir='ltr' id='par_1_46' title="bbox 825 317 3064 377">
     <span class='ocr_line' id='line_1_46' title="bbox 825 317 3064 377; baseline 0.003 -6"><span class='ocrx_word' id='word_1_265' title='bbox 825 319 905 372; x_wconf 87' lang='lat' dir='ltr'><strong>DE</strong></span> <span class='ocrx_word' id='word_1_266' title='bbox 944 317 1305 374; x_wconf 82' lang='lat' dir='ltr'><strong>TRIUMPHIS</strong></span> <span class='ocrx_word' id='word_1_267' title='bbox 1346 319 1600 374; x_wconf 82' lang='lat' dir='ltr'><strong>CHRISTI</strong></span> <span class='ocrx_word' id='word_1_268' title='bbox 1641 318 2011 375; x_wconf 67' lang='lat' dir='ltr'><strong>ANTIOCHI/1‘3</strong></span> <span class='ocrx_word' id='word_1_269' title='bbox 2050 320 2271 375; x_wconf 84' lang='lat' dir='ltr'><strong>GESTIS</strong></span> <span class='ocrx_word' id='word_1_270' title='bbox 2314 319 2489 375; x_wconf 83' lang='lat' dir='ltr'><strong>LIBRI</strong></span> <span class='ocrx_word' id='word_1_271' title='bbox 2530 320 2678 375; x_wconf 90' lang='lat' dir='ltr'><strong>DUO.</strong></span> <span class='ocrx_word' id='word_1_272' title='bbox 2721 352 2790 361; x_wconf 89' lang='lat'><strong>-—</strong></span> <span class='ocrx_word' id='word_1_273' title='bbox 2829 321 2955 377; x_wconf 88' lang='lat' dir='ltr'><strong>LIB.</strong></span> <span class='ocrx_word' id='word_1_274' title='bbox 3000 322 3064 377; x_wconf 89' lang='lat' dir='ltr'><strong>ll.</strong></span> 
     </span>
    </p>
   </div>
   <div class='ocr_carea' id='block_1_47' title="bbox 1928 1770 1978 1837">
    <p class='ocr_par' dir='ltr' id='par_1_47' title="bbox 1928 1770 1978 1837">
     <span class='ocr_line' id='line_1_47' title="bbox 1928 1770 1978 1837; baseline 0 0"><span class='ocrx_word' id='word_1_275' title='bbox 1928 1770 1978 1837; x_wconf 92' lang='lat' dir='ltr'>B</span> 
     </span>
    </p>
   </div>
   <div class='ocr_carea' id='block_1_48' title="bbox 3498 328 3603 381">
    <p class='ocr_par' dir='ltr' id='par_1_48' title="bbox 3498 328 3603 381">
     <span class='ocr_line' id='line_1_48' title="bbox 3498 328 3603 381; baseline 0 0"><span class='ocrx_word' id='word_1_276' title='bbox 3498 328 3603 381; x_wconf 79' lang='grc'><strong>578</strong></span> 
     </span>
    </p>
   </div>
   <div class='ocr_carea' id='block_1_49' title="bbox 1919 448 3247 521">
    <p class='ocr_par' dir='ltr' id='par_1_49' title="bbox 1919 448 3247 521">
     <span class='ocr_line' id='line_1_49' title="bbox 1919 448 3247 521; baseline 0.002 -19"><span class='ocrx_word' id='word_1_277' title='bbox 1919 455 1969 521; x_wconf 76' lang='grc' dir='ltr'>Α</span> <span class='ocrx_word' id='word_1_278' title='bbox 2071 448 2364 519; x_wconf 87' lang='lat' dir='ltr'><strong>Explevere</strong></span> <span class='ocrx_word' id='word_1_279' title='bbox 2392 448 2501 503; x_wconf 92' lang='lat' dir='ltr'><strong>duo</strong></span> <span class='ocrx_word' id='word_1_280' title='bbox 2530 448 2682 503; x_wconf 88' lang='lat' dir='ltr'><strong>socia</strong></span> <span class='ocrx_word' id='word_1_281' title='bbox 2710 450 2965 505; x_wconf 87' lang='lat' dir='ltr'><strong>mercede</strong></span> <span class='ocrx_word' id='word_1_282' title='bbox 3008 449 3247 505; x_wconf 86' lang='lat' dir='ltr'><strong>laborem</strong></span> 
     </span>
    </p>
   </div>
   <div class='ocr_carea' id='block_1_50' title="bbox 1997 539 3529 614">
    <p class='ocr_par' dir='ltr' id='par_1_50' title="bbox 1997 539 3529 614">
     <span class='ocr_line' id='line_1_50' title="bbox 1997 539 3529 614; baseline 0.003 -21"><span class='ocrx_word' id='word_1_283' title='bbox 1997 539 2061 593; x_wconf 89' lang='lat' dir='ltr'><strong>Ut</strong></span> <span class='ocrx_word' id='word_1_284' title='bbox 2090 540 2237 610; x_wconf 91' lang='lat' dir='ltr'><strong>quod</strong></span> <span class='ocrx_word' id='word_1_285' title='bbox 2268 539 2614 609; x_wconf 86' lang='lat' dir='ltr'><strong>perciperent</strong></span> <span class='ocrx_word' id='word_1_286' title='bbox 2643 542 2867 610; x_wconf 89' lang='lat' dir='ltr'><strong>posthac</strong></span> <span class='ocrx_word' id='word_1_287' title='bbox 2900 540 3037 594; x_wconf 89' lang='lat' dir='ltr'><strong>libra</strong></span> <span class='ocrx_word' id='word_1_288' title='bbox 3069 540 3303 595; x_wconf 84' lang='lat' dir='ltr'><strong>ﬁnderet</strong></span> <span class='ocrx_word' id='word_1_289' title='bbox 3333 558 3491 614; x_wconf 70' lang='lat' dir='ltr'><strong>aequa</strong></span> <span class='ocrx_word' id='word_1_290' title='bbox 3516 561 3529 609; x_wconf 89' lang='lat'><strong>;</strong></span> 
     </span>
    </p>
   </div>
   <div class='ocr_carea' id='block_1_51' title="bbox 1995 633 3468 706">
    <p class='ocr_par' dir='ltr' id='par_1_51' title="bbox 1995 633 3468 706">
     <span class='ocr_line' id='line_1_51' title="bbox 1995 633 3468 706; baseline 0.002 -18"><span class='ocrx_word' id='word_1_291' title='bbox 1995 633 2536 706; x_wconf 88' lang='lat' dir='ltr'><strong>Comproperantque</strong></span> <span class='ocrx_word' id='word_1_292' title='bbox 2566 635 2769 691; x_wconf 86' lang='lat' dir='ltr'><strong>dehinc</strong></span> <span class='ocrx_word' id='word_1_293' title='bbox 2798 636 2969 690; x_wconf 89' lang='lat' dir='ltr'><strong>sancti</strong></span> <span class='ocrx_word' id='word_1_294' title='bbox 2997 635 3324 691; x_wconf 82' lang='lat' dir='ltr'><strong>benedicier</strong></span> <span class='ocrx_word' id='word_1_295' title='bbox 3351 652 3468 703; x_wconf 89' lang='lat' dir='ltr'><strong>ore,</strong></span> 
     </span>
    </p>
   </div>
   <div class='ocr_carea' id='block_1_52' title="bbox 1996 722 3475 797">
    <p class='ocr_par' dir='ltr' id='par_1_52' title="bbox 1996 722 3475 797">
     <span class='ocr_line' id='line_1_52' title="bbox 1996 722 3475 797; baseline 0.003 -20"><span class='ocrx_word' id='word_1_296' title='bbox 1996 722 2139 787; x_wconf 83' lang='lat' dir='ltr'><strong>Quos</strong></span> <span class='ocrx_word' id='word_1_297' title='bbox 2167 724 2257 778; x_wconf 91' lang='lat' dir='ltr'><strong>ille</strong></span> <span class='ocrx_word' id='word_1_298' title='bbox 2287 724 2583 796; x_wconf 89' lang='lat' dir='ltr'><strong>aspiciens,</strong></span> <span class='ocrx_word' id='word_1_299' title='bbox 2611 725 2903 796; x_wconf 91' lang='lat' dir='ltr'><strong>cordisqne</strong></span> <span class='ocrx_word' id='word_1_300' title='bbox 2934 727 3149 781; x_wconf 87' lang='lat' dir='ltr'><strong>occulta</strong></span> <span class='ocrx_word' id='word_1_301' title='bbox 3180 733 3475 797; x_wconf 89' lang='lat' dir='ltr'><strong>penetrans</strong></span> 
     </span>
    </p>
   </div>
   <div class='ocr_carea' id='block_1_53' title="bbox 1997 815 3369 887">
    <p class='ocr_par' dir='ltr' id='par_1_53' title="bbox 1997 815 3369 887">
     <span class='ocr_line' id='line_1_53' title="bbox 1997 815 3369 887; baseline 0 -16"><span class='ocrx_word' id='word_1_302' title='bbox 1997 817 2166 885; x_wconf 84' lang='lat' dir='ltr'><strong>(Alter</strong></span> <span class='ocrx_word' id='word_1_303' title='bbox 2191 817 2337 872; x_wconf 91' lang='lat' dir='ltr'><strong>enim</strong></span> <span class='ocrx_word' id='word_1_304' title='bbox 2370 817 2626 871; x_wconf 90' lang='lat' dir='ltr'><strong>comitem</strong></span> <span class='ocrx_word' id='word_1_305' title='bbox 2660 817 2868 887; x_wconf 89' lang='lat' dir='ltr'><strong>pellace</strong></span> <span class='ocrx_word' id='word_1_306' title='bbox 2900 815 3167 871; x_wconf 86' lang='lat' dir='ltr'><strong>fefellerat</strong></span> <span class='ocrx_word' id='word_1_307' title='bbox 3201 820 3369 885; x_wconf 86' lang='lat' dir='ltr'><strong>astu),</strong></span> 
     </span>
    </p>
   </div>
   <div class='ocr_carea' id='block_1_54' title="bbox 1999 907 3469 979">
    <p class='ocr_par' dir='ltr' id='par_1_54' title="bbox 1999 907 3469 979">
     <span class='ocr_line' id='line_1_54' title="bbox 1999 907 3469 979; baseline -0.001 -17"><span class='ocrx_word' id='word_1_308' title='bbox 1999 908 2105 962; x_wconf 90' lang='lat' dir='ltr'><strong>Cur</strong></span> <span class='ocrx_word' id='word_1_309' title='bbox 2130 909 2355 963; x_wconf 80' lang='lat' dir='ltr'><strong>veniant</strong></span> <span class='ocrx_word' id='word_1_310' title='bbox 2382 908 2579 979; x_wconf 83' lang='lat' dir='ltr'><strong>rogitat</strong></span> <span class='ocrx_word' id='word_1_311' title='bbox 2608 907 2701 977; x_wconf 91' lang='lat' dir='ltr'><strong>qui</strong></span> <span class='ocrx_word' id='word_1_312' title='bbox 2732 915 2876 973; x_wconf 90' lang='lat' dir='ltr'><strong>sunt,</strong></span> <span class='ocrx_word' id='word_1_313' title='bbox 2921 908 3191 978; x_wconf 88' lang='lat' dir='ltr'><strong>iteratque</strong></span> <span class='ocrx_word' id='word_1_314' title='bbox 3222 923 3361 979; x_wconf 92' lang='lat' dir='ltr'><strong>opus</strong></span> <span class='ocrx_word' id='word_1_315' title='bbox 3395 907 3469 961; x_wconf 89' lang='lat' dir='ltr'><strong>illi</strong></span> 
     </span>
    </p>
   </div>
   <div class='ocr_carea' id='block_1_55' title="bbox 1996 996 3600 1051">
    <p class='ocr_par' dir='ltr' id='par_1_55' title="bbox 1996 996 3600 1051">
     <span class='ocr_line' id='line_1_55' title="bbox 1996 996 3600 1051; baseline 0 -1"><span class='ocrx_word' id='word_1_316' title='bbox 1996 996 2114 1051; x_wconf 90' lang='lat' dir='ltr'><strong>Non</strong></span> <span class='ocrx_word' id='word_1_317' title='bbox 2142 1004 2324 1050; x_wconf 86' lang='lat' dir='ltr'><strong>tamen</strong></span> <span class='ocrx_word' id='word_1_318' title='bbox 2350 1012 2515 1050; x_wconf 92' lang='lat' dir='ltr'><strong>omne</strong></span> <span class='ocrx_word' id='word_1_319' title='bbox 2545 996 2728 1049; x_wconf 88' lang='lat' dir='ltr'><strong>ferunt</strong></span> <span class='ocrx_word' id='word_1_320' title='bbox 2756 1012 2768 1048; x_wconf 90' lang='lat'><strong>:</strong></span> <span class='ocrx_word' id='word_1_321' title='bbox 2807 1017 2830 1046; x_wconf 88' lang='grc'><em>‹‹</em></span> <span class='ocrx_word' id='word_1_322' title='bbox 2848 997 3085 1050; x_wconf 87' lang='lat' dir='ltr'><strong>Frausne</strong></span> <span class='ocrx_word' id='word_1_323' title='bbox 3100 997 3167 1049; x_wconf 89' lang='lat' dir='ltr'><strong>sit</strong></span> <span class='ocrx_word' id='word_1_324' title='bbox 3182 996 3320 1051; x_wconf 88' lang='lat' dir='ltr'><strong>facta</strong></span> <span class='ocrx_word' id='word_1_325' title='bbox 3348 997 3551 1051; x_wconf 88' lang='lat' dir='ltr'><strong>videte.</strong></span> <span class='ocrx_word' id='word_1_326' title='bbox 3585 1022 3600 1042; x_wconf 77' lang='grc' dir='ltr'><strong>ο</strong></span> 
     </span>
    </p>
   </div>
   <div class='ocr_carea' id='block_1_56' title="bbox 1997 1089 3539 1163">
    <p class='ocr_par' dir='ltr' id='par_1_56' title="bbox 1997 1089 3539 1163">
     <span class='ocr_line' id='line_1_56' title="bbox 1997 1089 3539 1163; baseline 0 -19"><span class='ocrx_word' id='word_1_327' title='bbox 1997 1091 2171 1161; x_wconf 88' lang='lat' dir='ltr'><strong>thue</strong></span> <span class='ocrx_word' id='word_1_328' title='bbox 2205 1096 2427 1163; x_wconf 85' lang='lat' dir='ltr'><strong>negant,</strong></span> <span class='ocrx_word' id='word_1_329' title='bbox 2460 1089 2608 1144; x_wconf 84' lang='lat' dir='ltr'><strong>vafro</strong></span> <span class='ocrx_word' id='word_1_330' title='bbox 2635 1110 2658 1139; x_wconf 86' lang='lat'><strong>«</strong></span> <span class='ocrx_word' id='word_1_331' title='bbox 2693 1089 2929 1162; x_wconf 87' lang='lat' dir='ltr'><strong>Caligam</strong></span> <span class='ocrx_word' id='word_1_332' title='bbox 2964 1091 3104 1159; x_wconf 87' lang='lat' dir='ltr'><strong>pede</strong></span> <span class='ocrx_word' id='word_1_333' title='bbox 3137 1090 3263 1144; x_wconf 91' lang='lat' dir='ltr'><strong>tolle</strong></span> <span class='ocrx_word' id='word_1_334' title='bbox 3294 1111 3316 1139; x_wconf 85' lang='lat'>»</span> <span class='ocrx_word' id='word_1_335' title='bbox 3348 1091 3539 1145; x_wconf 88' lang='lat' dir='ltr'><strong>beatus</strong></span> 
     </span>
    </p>
   </div>
   <div class='ocr_carea' id='block_1_57' title="bbox 1997 1177 3485 1248">
    <p class='ocr_par' dir='ltr' id='par_1_57' title="bbox 1997 1177 3485 1248">
     <span class='ocr_line' id='line_1_57' title="bbox 1997 1177 3485 1248; baseline -0.003 -16"><span class='ocrx_word' id='word_1_336' title='bbox 1997 1180 2157 1243; x_wconf 83' lang='lat' dir='ltr'><strong>Dixit,</strong></span> <span class='ocrx_word' id='word_1_337' title='bbox 2191 1184 2245 1231; x_wconf 87' lang='lat' dir='ltr'><strong>et</strong></span> <span class='ocrx_word' id='word_1_338' title='bbox 2277 1179 2417 1231; x_wconf 89' lang='lat' dir='ltr'><strong>hanc</strong></span> <span class='ocrx_word' id='word_1_339' title='bbox 2440 1177 2534 1230; x_wconf 87' lang='lat' dir='ltr'><strong>ubi</strong></span> <span class='ocrx_word' id='word_1_340' title='bbox 2566 1178 2663 1231; x_wconf 91' lang='lat' dir='ltr'><strong>das</strong></span> <span class='ocrx_word' id='word_1_341' title='bbox 2693 1177 2905 1241; x_wconf 83' lang='lat' dir='ltr'><strong>comiti,</strong></span> <span class='ocrx_word' id='word_1_342' title='bbox 2934 1192 3041 1231; x_wconf 92' lang='lat' dir='ltr'><strong>non</strong></span> <span class='ocrx_word' id='word_1_343' title='bbox 3070 1178 3201 1231; x_wconf 87' lang='lat' dir='ltr'><strong>estis</strong></span> <span class='ocrx_word' id='word_1_344' title='bbox 3225 1178 3421 1248; x_wconf 89' lang='lat' dir='ltr'><strong>iniqui.</strong></span> <span class='ocrx_word' id='word_1_345' title='bbox 3456 1199 3485 1228; x_wconf 79' lang='grc' dir='ltr'><strong>ι)</strong></span> 
     </span>
    </p>
   </div>
   <div class='ocr_carea' id='block_1_58' title="bbox 1997 1273 3507 1343">
    <p class='ocr_par' dir='ltr' id='par_1_58' title="bbox 1997 1273 3507 1343">
     <span class='ocr_line' id='line_1_58' title="bbox 1997 1273 3507 1343; baseline 0 -16"><span class='ocrx_word' id='word_1_346' title='bbox 1997 1274 2111 1338; x_wconf 88' lang='lat' dir='ltr'><strong>Quo</strong></span> <span class='ocrx_word' id='word_1_347' title='bbox 2137 1273 2277 1328; x_wconf 87' lang='lat' dir='ltr'><strong>facto</strong></span> <span class='ocrx_word' id='word_1_348' title='bbox 2303 1273 2584 1343; x_wconf 87' lang='lat' dir='ltr'><strong>crepidam</strong></span> <span class='ocrx_word' id='word_1_349' title='bbox 2614 1273 2846 1339; x_wconf 90' lang='lat' dir='ltr'><strong>tollenti,</strong></span> <span class='ocrx_word' id='word_1_350' title='bbox 2889 1300 2906 1319; x_wconf 42' lang='grc' dir='ltr'>ἰ</span> <span class='ocrx_word' id='word_1_351' title='bbox 2954 1274 3173 1339; x_wconf 89' lang='lat' dir='ltr'><strong>Dissue,</strong></span> <span class='ocrx_word' id='word_1_352' title='bbox 3211 1294 3239 1322; x_wconf 76' lang='grc' dir='ltr'><strong>ν)</strong></span> <span class='ocrx_word' id='word_1_353' title='bbox 3265 1274 3507 1337; x_wconf 89' lang='lat' dir='ltr'><strong>mandat,</strong></span> 
     </span>
    </p>
   </div>
   <div class='ocr_carea' id='block_1_59' title="bbox 2003 1362 3414 1438">
    <p class='ocr_par' dir='ltr' id='par_1_59' title="bbox 2003 1362 3414 1438">
     <span class='ocr_line' id='line_1_59' title="bbox 2003 1362 3414 1438; baseline 0.002 -26"><span class='ocrx_word' id='word_1_354' title='bbox 2003 1364 2437 1438; x_wconf 64' lang='lat' dir='ltr'><strong>«Quinquaginta</strong></span> <span class='ocrx_word' id='word_1_355' title='bbox 2467 1371 2561 1416; x_wconf 91' lang='lat' dir='ltr'><strong>tuo</strong></span> <span class='ocrx_word' id='word_1_356' title='bbox 2589 1362 2795 1417; x_wconf 90' lang='lat' dir='ltr'><strong>solidos</strong></span> <span class='ocrx_word' id='word_1_357' title='bbox 2826 1363 2922 1417; x_wconf 85' lang='lat' dir='ltr'><strong>tibi</strong></span> <span class='ocrx_word' id='word_1_358' title='bbox 2951 1364 3074 1431; x_wconf 84' lang='lat' dir='ltr'><strong>jure</strong></span> <span class='ocrx_word' id='word_1_359' title='bbox 3099 1378 3414 1433; x_wconf 89' lang='lat' dir='ltr'><strong>capessens,</strong></span> 
     </span>
    </p>
   </div>
   <div class='ocr_carea' id='block_1_60' title="bbox 1995 1452 3284 1523">
    <p class='ocr_par' dir='ltr' id='par_1_60' title="bbox 1995 1452 3284 1523">
     <span class='ocr_line' id='line_1_60' title="bbox 1995 1452 3284 1523; baseline -0.005 -15"><span class='ocrx_word' id='word_1_360' title='bbox 1995 1454 2203 1523; x_wconf 84' lang='lat' dir='ltr'><strong>Totque</strong></span> <span class='ocrx_word' id='word_1_361' title='bbox 2232 1453 2413 1506; x_wconf 90' lang='lat' dir='ltr'><strong>sciens</strong></span> <span class='ocrx_word' id='word_1_362' title='bbox 2441 1452 2576 1506; x_wconf 90' lang='lat' dir='ltr'><strong>socii</strong></span> <span class='ocrx_word' id='word_1_363' title='bbox 2606 1452 2766 1523; x_wconf 87' lang='lat' dir='ltr'><strong>parili</strong></span> <span class='ocrx_word' id='word_1_364' title='bbox 2800 1468 3002 1522; x_wconf 89' lang='lat' dir='ltr'><strong>perone</strong></span> <span class='ocrx_word' id='word_1_365' title='bbox 3035 1452 3228 1506; x_wconf 87' lang='lat' dir='ltr'><strong>latere.</strong></span> <span class='ocrx_word' id='word_1_366' title='bbox 3261 1473 3284 1501; x_wconf 74' lang='grc' dir='ltr'><strong>υ</strong></span> 
     </span>
    </p>
   </div>
   <div class='ocr_carea' id='block_1_61' title="bbox 1999 1544 3334 1616">
    <p class='ocr_par' dir='ltr' id='par_1_61' title="bbox 1999 1544 3334 1616">
     <span class='ocr_line' id='line_1_61' title="bbox 1999 1544 3334 1616; baseline -0.001 -17"><span class='ocrx_word' id='word_1_367' title='bbox 1999 1546 2085 1601; x_wconf 89' lang='lat' dir='ltr'><strong>Sic</strong></span> <span class='ocrx_word' id='word_1_368' title='bbox 2115 1546 2396 1600; x_wconf 87' lang='lat' dir='ltr'><strong>moderata</strong></span> <span class='ocrx_word' id='word_1_369' title='bbox 2426 1544 2570 1615; x_wconf 62' lang='lat' dir='ltr'><strong>aequi</strong></span> <span class='ocrx_word' id='word_1_370' title='bbox 2601 1545 2825 1616; x_wconf 68' lang='lat' dir='ltr'><strong>collegae</strong></span> <span class='ocrx_word' id='word_1_371' title='bbox 2858 1544 3015 1598; x_wconf 87' lang='lat' dir='ltr'><strong>lance</strong></span> <span class='ocrx_word' id='word_1_372' title='bbox 3048 1544 3334 1607; x_wconf 86' lang='lat' dir='ltr'><strong>recedunt,</strong></span> 
     </span>
    </p>
   </div>
   <div class='ocr_carea' id='block_1_62' title="bbox 2001 1631 3480 1707">
    <p class='ocr_par' dir='ltr' id='par_1_62' title="bbox 2001 1631 3480 1707">
     <span class='ocr_line' id='line_1_62' title="bbox 2001 1631 3480 1707; baseline -0.001 -20"><span class='ocrx_word' id='word_1_373' title='bbox 2001 1631 2459 1707; x_wconf 80' lang='lat' dir='ltr'><strong>Magniﬁcantque</strong></span> <span class='ocrx_word' id='word_1_374' title='bbox 2492 1635 2661 1687; x_wconf 88' lang='lat' dir='ltr'><strong>Deum</strong></span> <span class='ocrx_word' id='word_1_375' title='bbox 2696 1650 2954 1703; x_wconf 85' lang='lat' dir='ltr'><strong>perversa</strong></span> <span class='ocrx_word' id='word_1_376' title='bbox 2984 1633 3174 1687; x_wconf 86' lang='lat' dir='ltr'><strong>fraude</strong></span> <span class='ocrx_word' id='word_1_377' title='bbox 3207 1641 3480 1699; x_wconf 87' lang='lat' dir='ltr'><strong>carentes,</strong></span> 
     </span>
    </p>
   </div>
   <div class='ocr_carea' id='block_1_63' title="bbox 2001 1728 3238 1802">
    <p class='ocr_par' dir='ltr' id='par_1_63' title="bbox 2001 1728 3238 1802">
     <span class='ocr_line' id='line_1_63' title="bbox 2001 1728 3238 1802; baseline 0 -20"><span class='ocrx_word' id='word_1_378' title='bbox 2001 1728 2099 1791; x_wconf 83' lang='lat' dir='ltr'><strong>Qui</strong></span> <span class='ocrx_word' id='word_1_379' title='bbox 2134 1734 2343 1783; x_wconf 91' lang='lat' dir='ltr'><strong>tantum</strong></span> <span class='ocrx_word' id='word_1_380' title='bbox 2375 1728 2482 1781; x_wconf 89' lang='lat' dir='ltr'><strong>vati</strong></span> <span class='ocrx_word' id='word_1_381' title='bbox 2514 1728 2788 1781; x_wconf 88' lang='lat' dir='ltr'><strong>concessit</strong></span> <span class='ocrx_word' id='word_1_382' title='bbox 2820 1728 3000 1781; x_wconf 89' lang='lat' dir='ltr'><strong>inesse</strong></span> <span class='ocrx_word' id='word_1_383' title='bbox 3034 1728 3238 1802; x_wconf 75' lang='lat' dir='ltr'><strong>vigoris</strong></span> 
     </span>
    </p>
   </div>
   <div class='ocr_carea' id='block_1_64' title="bbox 2004 1817 3101 1877">
    <p class='ocr_par' dir='ltr' id='par_1_64' title="bbox 2004 1817 3101 1877">
     <span class='ocr_line' id='line_1_64' title="bbox 2004 1817 3101 1877; baseline 0.004 -5"><span class='ocrx_word' id='word_1_384' title='bbox 2004 1817 2068 1872; x_wconf 88' lang='lat' dir='ltr'><strong>Ut</strong></span> <span class='ocrx_word' id='word_1_385' title='bbox 2093 1819 2221 1872; x_wconf 91' lang='lat' dir='ltr'><strong>dum</strong></span> <span class='ocrx_word' id='word_1_386' title='bbox 2246 1820 2414 1873; x_wconf 89' lang='lat' dir='ltr'><strong>totius</strong></span> <span class='ocrx_word' id='word_1_387' title='bbox 2443 1819 2564 1872; x_wconf 89' lang='lat' dir='ltr'><strong>nisu</strong></span> <span class='ocrx_word' id='word_1_388' title='bbox 2596 1819 2808 1873; x_wconf 90' lang='lat' dir='ltr'><strong>virtutis</strong></span> <span class='ocrx_word' id='word_1_389' title='bbox 2839 1820 3101 1877; x_wconf 66' lang='lat' dir='ltr'><strong>adhaeret.</strong></span> 
     </span>
    </p>
   </div>
   <div class='ocr_carea' id='block_1_65' title="bbox 2000 1910 3389 1979">
    <p class='ocr_par' dir='ltr' id='par_1_65' title="bbox 2000 1910 3389 1979">
     <span class='ocr_line' id='line_1_65' title="bbox 2000 1910 3389 1979; baseline -0.001 -15"><span class='ocrx_word' id='word_1_390' title='bbox 2000 1910 2231 1965; x_wconf 82' lang='lat' dir='ltr'><strong>Junctus</strong></span> <span class='ocrx_word' id='word_1_391' title='bbox 2256 1919 2440 1966; x_wconf 87' lang='lat' dir='ltr'><strong>mente</strong></span> <span class='ocrx_word' id='word_1_392' title='bbox 2472 1912 2601 1975; x_wconf 88' lang='lat' dir='ltr'><strong>Deo,</strong></span> <span class='ocrx_word' id='word_1_393' title='bbox 2632 1911 2700 1964; x_wconf 89' lang='lat' dir='ltr'><strong>sit</strong></span> <span class='ocrx_word' id='word_1_394' title='bbox 2730 1926 2958 1965; x_wconf 90' lang='lat' dir='ltr'><strong>munere</strong></span> <span class='ocrx_word' id='word_1_395' title='bbox 2985 1910 3207 1979; x_wconf 89' lang='lat' dir='ltr'><strong>spiritus</strong></span> <span class='ocrx_word' id='word_1_396' title='bbox 3248 1926 3389 1964; x_wconf 89' lang='lat' dir='ltr'><strong>unus</strong></span> 
     </span>
    </p>
   </div>
   <div class='ocr_carea' id='block_1_66' title="bbox 2005 1998 3264 2068">
    <p class='ocr_par' dir='ltr' id='par_1_66' title="bbox 2005 1998 3264 2068">
     <span class='ocr_line' id='line_1_66' title="bbox 2005 1998 3264 2068; baseline -0.002 -15"><span class='ocrx_word' id='word_1_397' title='bbox 2005 1998 2155 2054; x_wconf 67' lang='lat' dir='ltr'><strong>Cmca</strong></span> <span class='ocrx_word' id='word_1_398' title='bbox 2193 1999 2473 2054; x_wconf 88' lang='lat' dir='ltr'><strong>tenebrosi</strong></span> <span class='ocrx_word' id='word_1_399' title='bbox 2509 1999 2716 2053; x_wconf 90' lang='lat' dir='ltr'><strong>rimans</strong></span> <span class='ocrx_word' id='word_1_400' title='bbox 2742 1998 3049 2068; x_wconf 89' lang='lat' dir='ltr'><strong>penetralia</strong></span> <span class='ocrx_word' id='word_1_401' title='bbox 3064 1998 3264 2052; x_wconf 89' lang='lat' dir='ltr'><strong>cordis.</strong></span> 
     </span>
    </p>
   </div>
   <div class='ocr_carea' id='block_1_67' title="bbox 2005 2085 3335 2155">
    <p class='ocr_par' dir='ltr' id='par_1_67' title="bbox 2005 2085 3335 2155">
     <span class='ocr_line' id='line_1_67' title="bbox 2005 2085 3335 2155; baseline -0.002 -14"><span class='ocrx_word' id='word_1_402' title='bbox 2005 2088 2093 2141; x_wconf 91' lang='lat' dir='ltr'><strong>Sic</strong></span> <span class='ocrx_word' id='word_1_403' title='bbox 2122 2088 2280 2155; x_wconf 89' lang='lat' dir='ltr'><strong>cujus</strong></span> <span class='ocrx_word' id='word_1_404' title='bbox 2308 2088 2593 2142; x_wconf 89' lang='lat' dir='ltr'><strong>combusta</strong></span> <span class='ocrx_word' id='word_1_405' title='bbox 2620 2086 2817 2142; x_wconf 90' lang='lat' dir='ltr'><strong>domus</strong></span> <span class='ocrx_word' id='word_1_406' title='bbox 2846 2086 2950 2140; x_wconf 90' lang='lat' dir='ltr'><strong>civi</strong></span> <span class='ocrx_word' id='word_1_407' title='bbox 2980 2085 3335 2141; x_wconf 82' lang='lat' dir='ltr'><strong>Antiochensi</strong></span> 
     </span>
    </p>
   </div>
   <div class='ocr_carea' id='block_1_68' title="bbox 2004 2178 3302 2251">
    <p class='ocr_par' dir='ltr' id='par_1_68' title="bbox 2004 2178 3302 2251">
     <span class='ocr_line' id='line_1_68' title="bbox 2004 2178 3302 2251; baseline 0 -18"><span class='ocrx_word' id='word_1_408' title='bbox 2004 2180 2276 2244; x_wconf 87' lang='lat' dir='ltr'><strong>Quantum</strong></span> <span class='ocrx_word' id='word_1_409' title='bbox 2308 2180 2609 2250; x_wconf 90' lang='lat' dir='ltr'><strong>perdiderit</strong></span> <span class='ocrx_word' id='word_1_410' title='bbox 2643 2196 2844 2251; x_wconf 88' lang='lat' dir='ltr'><strong>;quare</strong></span> <span class='ocrx_word' id='word_1_411' title='bbox 2876 2178 3111 2233; x_wconf 88' lang='lat' dir='ltr'><strong>narravit</strong></span> <span class='ocrx_word' id='word_1_412' title='bbox 3139 2194 3302 2233; x_wconf 88' lang='lat' dir='ltr'><strong>avaro</strong></span> 
     </span>
    </p>
   </div>
   <div class='ocr_carea' id='block_1_69' title="bbox 2003 2267 3514 2339">
    <p class='ocr_par' dir='ltr' id='par_1_69' title="bbox 2003 2267 3514 2339">
     <span class='ocr_line' id='line_1_69' title="bbox 2003 2267 3514 2339; baseline -0.001 -18"><span class='ocrx_word' id='word_1_413' title='bbox 2003 2268 2266 2323; x_wconf 87' lang='lat' dir='ltr'><strong>Promens</strong></span> <span class='ocrx_word' id='word_1_414' title='bbox 2287 2278 2419 2339; x_wconf 88' lang='lat' dir='ltr'><strong>quot</strong></span> <span class='ocrx_word' id='word_1_415' title='bbox 2443 2268 2669 2322; x_wconf 87' lang='lat' dir='ltr'><strong>latebris</strong></span> <span class='ocrx_word' id='word_1_416' title='bbox 2691 2268 2990 2323; x_wconf 90' lang='lat' dir='ltr'><strong>solidorum</strong></span> <span class='ocrx_word' id='word_1_417' title='bbox 3034 2268 3284 2322; x_wconf 88' lang='lat' dir='ltr'><strong>abstrusa</strong></span> <span class='ocrx_word' id='word_1_418' title='bbox 3308 2267 3514 2320; x_wconf 87' lang='lat' dir='ltr'><strong>talenta</strong></span> 
     </span>
    </p>
   </div>
   <div class='ocr_carea' id='block_1_70' title="bbox 2005 2357 3301 2429">
    <p class='ocr_par' dir='ltr' id='par_1_70' title="bbox 2005 2357 3301 2429">
     <span class='ocr_line' id='line_1_70' title="bbox 2005 2357 3301 2429; baseline -0.002 -17"><span class='ocrx_word' id='word_1_419' title='bbox 2005 2358 2220 2423; x_wconf 86' lang='lat' dir='ltr'><strong>Celarit,</strong></span> <span class='ocrx_word' id='word_1_420' title='bbox 2253 2374 2520 2429; x_wconf 88' lang='lat' dir='ltr'><strong>serusque</strong></span> <span class='ocrx_word' id='word_1_421' title='bbox 2550 2357 2679 2413; x_wconf 87' lang='lat' dir='ltr'><strong>boni</strong></span> <span class='ocrx_word' id='word_1_422' title='bbox 2714 2357 2849 2411; x_wconf 90' lang='lat' dir='ltr'><strong>nihil</strong></span> <span class='ocrx_word' id='word_1_423' title='bbox 2871 2358 3002 2411; x_wconf 91' lang='lat' dir='ltr'><strong>inde</strong></span> <span class='ocrx_word' id='word_1_424' title='bbox 3036 2357 3301 2427; x_wconf 87' lang='lat' dir='ltr'><strong>patrarit;</strong></span> 
     </span>
    </p>
   </div>
   <div class='ocr_carea' id='block_1_71' title="bbox 2004 2444 3377 2507">
    <p class='ocr_par' dir='ltr' id='par_1_71' title="bbox 2004 2444 3377 2507">
     <span class='ocr_line' id='line_1_71' title="bbox 2004 2444 3377 2507; baseline -0.001 -7"><span class='ocrx_word' id='word_1_425' title='bbox 2004 2446 2179 2500; x_wconf 89' lang='lat' dir='ltr'><strong>Mersa</strong></span> <span class='ocrx_word' id='word_1_426' title='bbox 2202 2446 2328 2501; x_wconf 88' lang='lat' dir='ltr'><strong>ideo</strong></span> <span class='ocrx_word' id='word_1_427' title='bbox 2358 2462 2561 2501; x_wconf 66' lang='lat' dir='ltr'><strong>caecum</strong></span> <span class='ocrx_word' id='word_1_428' title='bbox 2594 2446 2795 2500; x_wconf 87' lang='lat' dir='ltr'><strong>baratri</strong></span> <span class='ocrx_word' id='word_1_429' title='bbox 2831 2453 3058 2500; x_wconf 90' lang='lat' dir='ltr'><strong>testatus</strong></span> <span class='ocrx_word' id='word_1_430' title='bbox 3099 2446 3153 2498; x_wconf 90' lang='lat' dir='ltr'><strong>in</strong></span> <span class='ocrx_word' id='word_1_431' title='bbox 3188 2444 3377 2507; x_wconf 91' lang='lat' dir='ltr'><strong>imum,</strong></span> 
     </span>
    </p>
   </div>
   <div class='ocr_carea' id='block_1_72' title="bbox 2006 2533 3252 2609">
    <p class='ocr_par' dir='ltr' id='par_1_72' title="bbox 2006 2533 3252 2609">
     <span class='ocr_line' id='line_1_72' title="bbox 2006 2533 3252 2609; baseline -0.002 -21"><span class='ocrx_word' id='word_1_432' title='bbox 2006 2534 2315 2589; x_wconf 88' lang='lat' dir='ltr'><strong>Ostendens</strong></span> <span class='ocrx_word' id='word_1_433' title='bbox 2344 2536 2667 2609; x_wconf 90' lang='lat' dir='ltr'><strong>nonignaro</strong></span> <span class='ocrx_word' id='word_1_434' title='bbox 2704 2535 2851 2606; x_wconf 92' lang='lat' dir='ltr'><strong>quod</strong></span> <span class='ocrx_word' id='word_1_435' title='bbox 2884 2534 3076 2589; x_wconf 88' lang='lat' dir='ltr'><strong>fecerit</strong></span> <span class='ocrx_word' id='word_1_436' title='bbox 3107 2533 3252 2587; x_wconf 87' lang='lat' dir='ltr'><strong>istud</strong></span> 
     </span>
    </p>
   </div>
   <div class='ocr_carea' id='block_1_73' title="bbox 2004 2624 3512 2695">
    <p class='ocr_par' dir='ltr' id='par_1_73' title="bbox 2004 2624 3512 2695">
     <span class='ocr_line' id='line_1_73' title="bbox 2004 2624 3512 2695; baseline -0.002 -15"><span class='ocrx_word' id='word_1_437' title='bbox 2004 2625 2096 2691; x_wconf 90' lang='lat' dir='ltr'><strong>Se,</strong></span> <span class='ocrx_word' id='word_1_438' title='bbox 2122 2627 2387 2681; x_wconf 91' lang='lat' dir='ltr'><strong>Dominus</strong></span> <span class='ocrx_word' id='word_1_439' title='bbox 2416 2626 2621 2683; x_wconf 87' lang='lat' dir='ltr'><strong>famulo</strong></span> <span class='ocrx_word' id='word_1_440' title='bbox 2658 2643 2757 2681; x_wconf 91' lang='lat' dir='ltr'><strong>sua</strong></span> <span class='ocrx_word' id='word_1_441' title='bbox 2787 2628 2951 2681; x_wconf 89' lang='lat' dir='ltr'><strong>charo</strong></span> <span class='ocrx_word' id='word_1_442' title='bbox 2980 2626 3232 2680; x_wconf 86' lang='lat' dir='ltr'><strong>examina</strong></span> <span class='ocrx_word' id='word_1_443' title='bbox 3259 2624 3512 2695; x_wconf 89' lang='lat' dir='ltr'><strong>pandens</strong></span> 
     </span>
    </p>
   </div>
   <div class='ocr_carea' id='block_1_74' title="bbox 2003 2714 3211 2786">
    <p class='ocr_par' dir='ltr' id='par_1_74' title="bbox 2003 2714 3211 2786">
     <span class='ocr_line' id='line_1_74' title="bbox 2003 2714 3211 2786; baseline -0.001 -18"><span class='ocrx_word' id='word_1_444' title='bbox 2003 2714 2299 2769; x_wconf 83' lang='lat' dir='ltr'><strong>Arbitrium</strong></span> <span class='ocrx_word' id='word_1_445' title='bbox 2320 2715 2659 2786; x_wconf 90' lang='lat' dir='ltr'><strong>suspectanti</strong></span> <span class='ocrx_word' id='word_1_446' title='bbox 2686 2731 2783 2770; x_wconf 92' lang='lat' dir='ltr'><strong>seu</strong></span> <span class='ocrx_word' id='word_1_447' title='bbox 2809 2716 3015 2784; x_wconf 89' lang='lat' dir='ltr'><strong>judicis</strong></span> <span class='ocrx_word' id='word_1_448' title='bbox 3043 2715 3211 2786; x_wconf 68' lang='lat' dir='ltr'><strong>aequi.</strong></span> 
     </span>
    </p>
   </div>
   <div class='ocr_carea' id='block_1_75' title="bbox 2080 2804 3212 2879">
    <p class='ocr_par' dir='ltr' id='par_1_75' title="bbox 2080 2804 3212 2879">
     <span class='ocr_line' id='line_1_75' title="bbox 2080 2804 3212 2879; baseline 0 -21"><span class='ocrx_word' id='word_1_449' title='bbox 2080 2804 2178 2859; x_wconf 93' lang='lat' dir='ltr'><strong>Olli</strong></span> <span class='ocrx_word' id='word_1_450' title='bbox 2213 2812 2475 2876; x_wconf 62' lang='lat' dir='ltr'><strong>praeterea</strong></span> <span class='ocrx_word' id='word_1_451' title='bbox 2504 2804 2965 2876; x_wconf 87' lang='lat' dir='ltr'><strong>pietasimmensa</strong></span> <span class='ocrx_word' id='word_1_452' title='bbox 2988 2804 3212 2879; x_wconf 85' lang='lat' dir='ltr'><strong>vigebat</strong></span> 
     </span>
    </p>
   </div>
   <div class='ocr_carea' id='block_1_76' title="bbox 2007 2896 3342 2970">
    <p class='ocr_par' dir='ltr' id='par_1_76' title="bbox 2007 2896 3342 2970">
     <span class='ocr_line' id='line_1_76' title="bbox 2007 2896 3342 2970; baseline -0.001 -19"><span class='ocrx_word' id='word_1_453' title='bbox 2007 2896 2214 2952; x_wconf 73' lang='lat' dir='ltr'><strong>Aﬁ‘ectu</strong></span> <span class='ocrx_word' id='word_1_454' title='bbox 2245 2905 2300 2952; x_wconf 92' lang='lat' dir='ltr'><strong>et</strong></span> <span class='ocrx_word' id='word_1_455' title='bbox 2331 2898 2545 2953; x_wconf 87' lang='lat' dir='ltr'><strong>cunctis</strong></span> <span class='ocrx_word' id='word_1_456' title='bbox 2574 2898 2736 2953; x_wconf 91' lang='lat' dir='ltr'><strong>avido</strong></span> <span class='ocrx_word' id='word_1_457' title='bbox 2770 2898 3035 2969; x_wconf 88' lang='lat' dir='ltr'><strong>prodesse</strong></span> <span class='ocrx_word' id='word_1_458' title='bbox 3076 2896 3342 2970; x_wconf 89' lang='lat' dir='ltr'><strong>benigno.</strong></span> 
     </span>
    </p>
   </div>
   <div class='ocr_carea' id='block_1_77' title="bbox 2011 2991 3416 3065">
    <p class='ocr_par' dir='ltr' id='par_1_77' title="bbox 2011 2991 3416 3065">
     <span class='ocr_line' id='line_1_77' title="bbox 2011 2991 3416 3065; baseline -0.001 -18"><span class='ocrx_word' id='word_1_459' title='bbox 2011 2994 2164 3048; x_wconf 90' lang='lat' dir='ltr'><strong>Unde</strong></span> <span class='ocrx_word' id='word_1_460' title='bbox 2190 2994 2353 3048; x_wconf 87' lang='lat' dir='ltr'><strong>etiam</strong></span> <span class='ocrx_word' id='word_1_461' title='bbox 2383 2994 2516 3048; x_wconf 90' lang='lat' dir='ltr'><strong>lethi</strong></span> <span class='ocrx_word' id='word_1_462' title='bbox 2548 2994 2826 3065; x_wconf 89' lang='lat' dir='ltr'><strong>quondam</strong></span> <span class='ocrx_word' id='word_1_463' title='bbox 2860 2994 2928 3047; x_wconf 88' lang='lat' dir='ltr'><strong>de</strong></span> <span class='ocrx_word' id='word_1_464' title='bbox 2958 2991 3116 3047; x_wconf 85' lang='lat' dir='ltr'><strong>fauce</strong></span> <span class='ocrx_word' id='word_1_465' title='bbox 3150 2992 3416 3046; x_wconf 89' lang='lat' dir='ltr'><strong>latronem</strong></span> 
     </span>
    </p>
   </div>
   <div class='ocr_carea' id='block_1_78' title="bbox 1941 3084 3135 3173">
    <p class='ocr_par' dir='ltr' id='par_1_78' title="bbox 1941 3084 3135 3173">
     <span class='ocr_line' id='line_1_78' title="bbox 1941 3084 3135 3173; baseline -0.002 -34"><span class='ocrx_word' id='word_1_466' title='bbox 1941 3107 1990 3173; x_wconf 66' lang='grc' dir='ltr'><strong>Ο</strong></span> <span class='ocrx_word' id='word_1_467' title='bbox 2014 3084 2282 3155; x_wconf 88' lang='lat' dir='ltr'><strong>Eripiens,</strong></span> <span class='ocrx_word' id='word_1_468' title='bbox 2306 3084 2446 3140; x_wconf 88' lang='lat' dir='ltr'><strong>coelo</strong></span> <span class='ocrx_word' id='word_1_469' title='bbox 2474 3084 2643 3139; x_wconf 89' lang='lat' dir='ltr'><strong>celeri</strong></span> <span class='ocrx_word' id='word_1_470' title='bbox 2672 3084 2942 3139; x_wconf 89' lang='lat' dir='ltr'><strong>solamine</strong></span> <span class='ocrx_word' id='word_1_471' title='bbox 2966 3084 3135 3149; x_wconf 89' lang='lat' dir='ltr'><strong>misit,</strong></span> 
     </span>
    </p>
   </div>
   <div class='ocr_carea' id='block_1_79' title="bbox 2012 3175 3449 3248">
    <p class='ocr_par' dir='ltr' id='par_1_79' title="bbox 2012 3175 3449 3248">
     <span class='ocr_line' id='line_1_79' title="bbox 2012 3175 3449 3248; baseline -0.001 -19"><span class='ocrx_word' id='word_1_472' title='bbox 2012 3175 2109 3238; x_wconf 88' lang='lat' dir='ltr'><strong>Qui</strong></span> <span class='ocrx_word' id='word_1_473' title='bbox 2153 3184 2273 3245; x_wconf 91' lang='lat' dir='ltr'><strong>post</strong></span> <span class='ocrx_word' id='word_1_474' title='bbox 2307 3175 2572 3230; x_wconf 86' lang='lat' dir='ltr'><strong>lethiferis</strong></span> <span class='ocrx_word' id='word_1_475' title='bbox 2604 3176 2743 3228; x_wconf 89' lang='lat' dir='ltr'><strong>mala</strong></span> <span class='ocrx_word' id='word_1_476' title='bbox 2780 3176 3011 3245; x_wconf 91' lang='lat' dir='ltr'><strong>plurima</strong></span> <span class='ocrx_word' id='word_1_477' title='bbox 3042 3184 3198 3248; x_wconf 87' lang='lat' dir='ltr'><strong>gesta</strong></span> <span class='ocrx_word' id='word_1_478' title='bbox 3220 3175 3449 3245; x_wconf 84' lang='lat' dir='ltr'><strong>rapinis,</strong></span> 
     </span>
    </p>
   </div>
   <div class='ocr_carea' id='block_1_80' title="bbox 2012 3265 3463 3336">
    <p class='ocr_par' dir='ltr' id='par_1_80' title="bbox 2012 3265 3463 3336">
     <span class='ocr_line' id='line_1_80' title="bbox 2012 3265 3463 3336; baseline 0.003 -17"><span class='ocrx_word' id='word_1_479' title='bbox 2012 3267 2145 3319; x_wconf 89' lang='lat' dir='ltr'><strong>Dum</strong></span> <span class='ocrx_word' id='word_1_480' title='bbox 2187 3265 2379 3320; x_wconf 90' lang='lat' dir='ltr'><strong>mortis</strong></span> <span class='ocrx_word' id='word_1_481' title='bbox 2407 3266 2613 3318; x_wconf 69' lang='lat' dir='ltr'><strong>meritae</strong></span> <span class='ocrx_word' id='word_1_482' title='bbox 2640 3272 2919 3334; x_wconf 88' lang='lat' dir='ltr'><strong>pateretur</strong></span> <span class='ocrx_word' id='word_1_483' title='bbox 2947 3267 3013 3320; x_wconf 92' lang='lat' dir='ltr'><strong>ad</strong></span> <span class='ocrx_word' id='word_1_484' title='bbox 3042 3267 3232 3321; x_wconf 91' lang='lat' dir='ltr'><strong>ultima</strong></span> <span class='ocrx_word' id='word_1_485' title='bbox 3265 3283 3463 3336; x_wconf 56' lang='lat' dir='ltr'><strong>paenae.</strong></span> 
     </span>
    </p>
   </div>
   <div class='ocr_carea' id='block_1_81' title="bbox 2010 3354 3521 3429">
    <p class='ocr_par' dir='ltr' id='par_1_81' title="bbox 2010 3354 3521 3429">
     <span class='ocr_line' id='line_1_81' title="bbox 2010 3354 3521 3429; baseline 0.001 -21"><span class='ocrx_word' id='word_1_486' title='bbox 2010 3354 2338 3429; x_wconf 87' lang='lat' dir='ltr'><strong>Aggreditur</strong></span> <span class='ocrx_word' id='word_1_487' title='bbox 2359 3369 2595 3424; x_wconf 88' lang='lat' dir='ltr'><strong>propero</strong></span> <span class='ocrx_word' id='word_1_488' title='bbox 2619 3354 2984 3408; x_wconf 80' lang='lat' dir='ltr'><strong>venerandam</strong></span> <span class='ocrx_word' id='word_1_489' title='bbox 3012 3356 3150 3409; x_wconf 88' lang='lat' dir='ltr'><strong>calle</strong></span> <span class='ocrx_word' id='word_1_490' title='bbox 3181 3356 3521 3411; x_wconf 89' lang='lat' dir='ltr'><strong>columnam.</strong></span> 
     </span>
    </p>
   </div>
   <div class='ocr_carea' id='block_1_82' title="bbox 2011 3444 3509 3519">
    <p class='ocr_par' dir='ltr' id='par_1_82' title="bbox 2011 3444 3509 3519">
     <span class='ocr_line' id='line_1_82' title="bbox 2011 3444 3509 3519; baseline 0.003 -20"><span class='ocrx_word' id='word_1_491' title='bbox 2011 3446 2359 3509; x_wconf 66' lang='lat' dir='ltr'><strong>Quaerentum</strong></span> <span class='ocrx_word' id='word_1_492' title='bbox 2390 3461 2553 3515; x_wconf 90' lang='lat' dir='ltr'><strong>quem</strong></span> <span class='ocrx_word' id='word_1_493' title='bbox 2587 3460 2748 3499; x_wconf 90' lang='lat' dir='ltr'><strong>nemo</strong></span> <span class='ocrx_word' id='word_1_494' title='bbox 2778 3444 2923 3498; x_wconf 88' lang='lat' dir='ltr'><strong>valet</strong></span> <span class='ocrx_word' id='word_1_495' title='bbox 2954 3447 3276 3519; x_wconf 85' lang='lat' dir='ltr'><strong>contingere</strong></span> <span class='ocrx_word' id='word_1_496' title='bbox 3306 3446 3509 3514; x_wconf 92' lang='lat' dir='ltr'><strong>visum,</strong></span> 
     </span>
    </p>
   </div>
   <div class='ocr_carea' id='block_1_83' title="bbox 2017 3533 3599 3604">
    <p class='ocr_par' dir='ltr' id='par_1_83' title="bbox 2017 3533 3599 3604">
     <span class='ocr_line' id='line_1_83' title="bbox 2017 3533 3599 3604; baseline 0.004 -16"><span class='ocrx_word' id='word_1_497' title='bbox 2017 3534 2127 3590; x_wconf 86' lang='lat' dir='ltr'><strong>Sed</strong></span> <span class='ocrx_word' id='word_1_498' title='bbox 2155 3550 2260 3589; x_wconf 88' lang='lat' dir='ltr'><strong>nec</strong></span> <span class='ocrx_word' id='word_1_499' title='bbox 2288 3533 2356 3588; x_wconf 92' lang='lat' dir='ltr'><strong>ad</strong></span> <span class='ocrx_word' id='word_1_500' title='bbox 2391 3534 2537 3588; x_wconf 92' lang='lat' dir='ltr'><strong>hunc</strong></span> <span class='ocrx_word' id='word_1_501' title='bbox 2567 3549 2733 3588; x_wconf 89' lang='lat' dir='ltr'><strong>ausus</strong></span> <span class='ocrx_word' id='word_1_502' title='bbox 2763 3534 3095 3604; x_wconf 89' lang='lat' dir='ltr'><strong>capiendum</strong></span> <span class='ocrx_word' id='word_1_503' title='bbox 3128 3536 3425 3592; x_wconf 89' lang='lat' dir='ltr'><strong>extendere</strong></span> <span class='ocrx_word' id='word_1_504' title='bbox 3458 3538 3599 3594; x_wconf 88' lang='lat' dir='ltr'><strong>dex-</strong></span> 
     </span>
    </p>
   </div>
   <div class='ocr_carea' id='block_1_84' title="bbox 3365 3628 3569 3699">
    <p class='ocr_par' dir='ltr' id='par_1_84' title="bbox 3365 3628 3569 3699">
     <span class='ocr_line' id='line_1_84' title="bbox 3365 3628 3569 3699; baseline 0.015 -18"><span class='ocrx_word' id='word_1_505' title='bbox 3365 3628 3520 3698; x_wconf 91' lang='lat' dir='ltr'><strong>[tram</strong></span> <span class='ocrx_word' id='word_1_506' title='bbox 3555 3651 3569 3699; x_wconf 91' lang='lat'><strong>;</strong></span> 
     </span>
    </p>
   </div>
   <div class='ocr_carea' id='block_1_85' title="bbox 2019 3716 3374 3789">
    <p class='ocr_par' dir='ltr' id='par_1_85' title="bbox 2019 3716 3374 3789">
     <span class='ocr_line' id='line_1_85' title="bbox 2019 3716 3374 3789; baseline -0.001 -17"><span class='ocrx_word' id='word_1_507' title='bbox 2019 3718 2245 3789; x_wconf 83' lang='lat' dir='ltr'><strong>Moxque</strong></span> <span class='ocrx_word' id='word_1_508' title='bbox 2271 3717 2367 3772; x_wconf 92' lang='lat' dir='ltr'><strong>ubi</strong></span> <span class='ocrx_word' id='word_1_509' title='bbox 2387 3716 2613 3771; x_wconf 88' lang='lat' dir='ltr'><strong>deﬂevit</strong></span> <span class='ocrx_word' id='word_1_510' title='bbox 2638 3723 2850 3787; x_wconf 89' lang='lat' dir='ltr'><strong>septem</strong></span> <span class='ocrx_word' id='word_1_511' title='bbox 2892 3731 2990 3770; x_wconf 88' lang='lat' dir='ltr'><strong>sua</strong></span> <span class='ocrx_word' id='word_1_512' title='bbox 3004 3716 3143 3771; x_wconf 89' lang='lat' dir='ltr'><strong>facta</strong></span> <span class='ocrx_word' id='word_1_513' title='bbox 3171 3717 3374 3771; x_wconf 91' lang='lat' dir='ltr'><strong>diebus</strong></span> 
     </span>
    </p>
   </div>
   <div class='ocr_carea' id='block_1_86' title="bbox 2019 3811 3454 3869">
    <p class='ocr_par' dir='ltr' id='par_1_86' title="bbox 2019 3811 3454 3869">
     <span class='ocr_line' id='line_1_86' title="bbox 2019 3811 3454 3869; baseline -0.001 0"><span class='ocrx_word' id='word_1_514' title='bbox 2019 3812 2267 3869; x_wconf 88' lang='lat' dir='ltr'><strong>Perﬁdus</strong></span> <span class='ocrx_word' id='word_1_515' title='bbox 2308 3814 2610 3869; x_wconf 83' lang='lat' dir='ltr'><strong>Honoratas</strong></span> <span class='ocrx_word' id='word_1_516' title='bbox 2630 3813 2837 3868; x_wconf 90' lang='lat' dir='ltr'><strong>dudum</strong></span> <span class='ocrx_word' id='word_1_517' title='bbox 2870 3811 3090 3866; x_wconf 88' lang='lat' dir='ltr'><strong>tandem</strong></span> <span class='ocrx_word' id='word_1_518' title='bbox 3123 3828 3246 3867; x_wconf 88' lang='lat' dir='ltr'><strong>esse</strong></span> <span class='ocrx_word' id='word_1_519' title='bbox 3276 3811 3454 3869; x_wconf 88' lang='lat' dir='ltr'><strong>ﬁdelis</strong></span> 
     </span>
    </p>
   </div>
   <div class='ocr_carea' id='block_1_87' title="bbox 2022 3903 3435 3980">
    <p class='ocr_par' dir='ltr' id='par_1_87' title="bbox 2022 3903 3435 3980">
     <span class='ocr_line' id='line_1_87' title="bbox 2022 3903 3435 3980; baseline 0 -21"><span class='ocrx_word' id='word_1_520' title='bbox 2022 3906 2343 3971; x_wconf 87' lang='lat' dir='ltr'><strong>Addiscens,</strong></span> <span class='ocrx_word' id='word_1_521' title='bbox 2376 3905 2624 3980; x_wconf 86' lang='lat' dir='ltr'><strong>gratique</strong></span> <span class='ocrx_word' id='word_1_522' title='bbox 2650 3920 2858 3960; x_wconf 91' lang='lat' dir='ltr'><strong>canens</strong></span> <span class='ocrx_word' id='word_1_523' title='bbox 2883 3903 2992 3958; x_wconf 91' lang='lat' dir='ltr'><strong>sibi</strong></span> <span class='ocrx_word' id='word_1_524' title='bbox 3015 3910 3263 3974; x_wconf 90' lang='lat' dir='ltr'><strong>tempora</strong></span> <span class='ocrx_word' id='word_1_525' title='bbox 3290 3903 3435 3971; x_wconf 85' lang='lat' dir='ltr'><strong>linis,</strong></span> 
     </span>
    </p>
   </div>
   <div class='ocr_carea' id='block_1_88' title="bbox 2022 3995 3326 4070">
    <p class='ocr_par' dir='ltr' id='par_1_88' title="bbox 2022 3995 3326 4070">
     <span class='ocr_line' id='line_1_88' title="bbox 2022 3995 3326 4070; baseline 0 -19"><span class='ocrx_word' id='word_1_526' title='bbox 2022 3997 2351 4052; x_wconf 88' lang='lat' dir='ltr'><strong>Conscendit</strong></span> <span class='ocrx_word' id='word_1_527' title='bbox 2379 3996 2632 4068; x_wconf 81' lang='lat' dir='ltr'><strong>lacrymis</strong></span> <span class='ocrx_word' id='word_1_528' title='bbox 2674 3996 2911 4067; x_wconf 89' lang='lat' dir='ltr'><strong>paradisi</strong></span> <span class='ocrx_word' id='word_1_529' title='bbox 2942 3996 3142 4070; x_wconf 87' lang='lat' dir='ltr'><strong>gaudia</strong></span> <span class='ocrx_word' id='word_1_530' title='bbox 3180 3995 3326 4051; x_wconf 90' lang='lat' dir='ltr'><strong>lotus</strong></span> 
     </span>
    </p>
   </div>
   <div class='ocr_carea' id='block_1_89' title="bbox 2023 4087 3287 4152">
    <p class='ocr_par' dir='ltr' id='par_1_89' title="bbox 2023 4087 3287 4152">
     <span class='ocr_line' id='line_1_89' title="bbox 2023 4087 3287 4152; baseline -0.002 -9"><span class='ocrx_word' id='word_1_531' title='bbox 2023 4089 2084 4143; x_wconf 88' lang='lat' dir='ltr'><strong>Et</strong></span> <span class='ocrx_word' id='word_1_532' title='bbox 2112 4096 2300 4144; x_wconf 90' lang='lat' dir='ltr'><strong>vectus</strong></span> <span class='ocrx_word' id='word_1_533' title='bbox 2331 4088 2543 4143; x_wconf 91' lang='lat' dir='ltr'><strong>meritis</strong></span> <span class='ocrx_word' id='word_1_534' title='bbox 2572 4088 2849 4143; x_wconf 90' lang='lat' dir='ltr'><strong>Simeonis</strong></span> <span class='ocrx_word' id='word_1_535' title='bbox 2873 4090 2941 4143; x_wconf 89' lang='lat' dir='ltr'><strong>ad</strong></span> <span class='ocrx_word' id='word_1_536' title='bbox 2969 4089 3079 4144; x_wconf 89' lang='lat' dir='ltr'><strong>alta</strong></span> <span class='ocrx_word' id='word_1_537' title='bbox 3098 4087 3242 4143; x_wconf 89' lang='lat' dir='ltr'><strong>beati</strong></span> <span class='ocrx_word' id='word_1_538' title='bbox 3269 4106 3287 4152; x_wconf 91' lang='lat'><strong><em>;</em></strong></span> 
     </span>
    </p>
   </div>
   <div class='ocr_carea' id='block_1_90' title="bbox 2017 4182 3546 4255">
    <p class='ocr_par' dir='ltr' id='par_1_90' title="bbox 2017 4182 3546 4255">
     <span class='ocr_line' id='line_1_90' title="bbox 2017 4182 3546 4255; baseline 0.001 -18"><span class='ocrx_word' id='word_1_539' title='bbox 2017 4183 2190 4255; x_wconf 88' lang='lat' dir='ltr'><strong>Atque</strong></span> <span class='ocrx_word' id='word_1_540' title='bbox 2223 4184 2393 4239; x_wconf 89' lang='lat' dir='ltr'><strong>decus</strong></span> <span class='ocrx_word' id='word_1_541' title='bbox 2419 4182 2615 4237; x_wconf 86' lang='lat' dir='ltr'><strong>Christi</strong></span> <span class='ocrx_word' id='word_1_542' title='bbox 2640 4183 2956 4237; x_wconf 88' lang='lat' dir='ltr'><strong>confessum</strong></span> <span class='ocrx_word' id='word_1_543' title='bbox 2989 4183 3042 4236; x_wconf 90' lang='lat' dir='ltr'><strong>in</strong></span> <span class='ocrx_word' id='word_1_544' title='bbox 3074 4190 3253 4237; x_wconf 91' lang='lat' dir='ltr'><strong>morte</strong></span> <span class='ocrx_word' id='word_1_545' title='bbox 3277 4182 3546 4239; x_wconf 88' lang='lat' dir='ltr'><strong>latronem</strong></span> 
     </span>
    </p>
   </div>
   <div class='ocr_carea' id='block_1_91' title="bbox 2024 4270 3527 4342">
    <p class='ocr_par' dir='ltr' id='par_1_91' title="bbox 2024 4270 3527 4342">
     <span class='ocr_line' id='line_1_91' title="bbox 2024 4270 3527 4342; baseline 0.001 -15"><span class='ocrx_word' id='word_1_546' title='bbox 2024 4272 2373 4337; x_wconf 89' lang='lat' dir='ltr'><strong>Consectans,</strong></span> <span class='ocrx_word' id='word_1_547' title='bbox 2405 4279 2619 4342; x_wconf 87' lang='lat' dir='ltr'><strong>raptum</strong></span> <span class='ocrx_word' id='word_1_548' title='bbox 2636 4271 2900 4326; x_wconf 91' lang='lat' dir='ltr'><strong>Dominus</strong></span> <span class='ocrx_word' id='word_1_549' title='bbox 2932 4287 3095 4342; x_wconf 90' lang='lat' dir='ltr'><strong>quem</strong></span> <span class='ocrx_word' id='word_1_550' title='bbox 3120 4270 3374 4327; x_wconf 90' lang='lat' dir='ltr'><strong>faucibus</strong></span> <span class='ocrx_word' id='word_1_551' title='bbox 3413 4275 3527 4329; x_wconf 92' lang='lat' dir='ltr'><strong>orci</strong></span> 
     </span>
    </p>
   </div>
   <div class='ocr_carea' id='block_1_92' title="bbox 2021 4362 3251 4433">
    <p class='ocr_par' dir='ltr' id='par_1_92' title="bbox 2021 4362 3251 4433">
     <span class='ocr_line' id='line_1_92' title="bbox 2021 4362 3251 4433; baseline -0.002 -15"><span class='ocrx_word' id='word_1_552' title='bbox 2021 4364 2099 4418; x_wconf 91' lang='lat' dir='ltr'><strong>Ad</strong></span> <span class='ocrx_word' id='word_1_553' title='bbox 2132 4362 2458 4433; x_wconf 89' lang='lat' dir='ltr'><strong>paradisiaci</strong></span> <span class='ocrx_word' id='word_1_554' title='bbox 2489 4362 2744 4433; x_wconf 90' lang='lat' dir='ltr'><strong>perduxit</strong></span> <span class='ocrx_word' id='word_1_555' title='bbox 2762 4377 2984 4417; x_wconf 61' lang='lat' dir='ltr'><strong>amoena</strong></span> <span class='ocrx_word' id='word_1_556' title='bbox 3013 4362 3251 4418; x_wconf 90' lang='lat' dir='ltr'><strong>decoris.</strong></span> 
     </span>
    </p>
   </div>
   <div class='ocr_carea' id='block_1_93' title="bbox 371 4435 3564 4545">
    <p class='ocr_par' dir='ltr' id='par_1_93' title="bbox 371 4435 3564 4545">
     <span class='ocr_line' id='line_1_93' title="bbox 371 4435 3564 4545; baseline 0.004 -51"><span class='ocrx_word' id='word_1_557' title='bbox 371 4436 716 4545; x_wconf 51' lang='lat' dir='ltr'><strong>(gmnitncdis</strong></span> <span class='ocrx_word' id='word_1_558' title='bbox 742 4446 923 4493; x_wconf 81' lang='lat' dir='ltr'><strong>tamen</strong></span> <span class='ocrx_word' id='word_1_559' title='bbox 952 4436 1041 4491; x_wconf 78' lang='lat' dir='ltr'><strong>ille</strong></span> <span class='ocrx_word' id='word_1_560' title='bbox 1072 4436 1183 4491; x_wconf 75' lang='lat' dir='ltr'><strong>sibi</strong></span> <span class='ocrx_word' id='word_1_561' title='bbox 1216 4435 1546 4545; x_wconf 37' lang='lat' dir='ltr'><strong>pPOh&#39;i&#39;bebat</strong></span> <span class='ocrx_word' id='word_1_562' title='bbox 1577 4436 1841 4491; x_wconf 65' lang='grc' dir='ltr'><strong>ὶιοηονθηι</strong></span> <span class='ocrx_word' id='word_1_563' title='bbox 1934 4477 1991 4545; x_wconf 83' lang='lat' dir='ltr'><strong>D</strong></span> <span class='ocrx_word' id='word_1_564' title='bbox 2094 4450 2335 4520; x_wconf 77' lang='lat' dir='ltr'><strong>Inclytus</strong></span> <span class='ocrx_word' id='word_1_565' title='bbox 2356 4450 2444 4503; x_wconf 94' lang='lat' dir='ltr'><strong>hic</strong></span> <span class='ocrx_word' id='word_1_566' title='bbox 2462 4449 2679 4505; x_wconf 90' lang='lat' dir='ltr'><strong>Domini</strong></span> <span class='ocrx_word' id='word_1_567' title='bbox 2701 4449 2937 4505; x_wconf 89' lang='lat' dir='ltr'><strong>famulus</strong></span> <span class='ocrx_word' id='word_1_568' title='bbox 2966 4467 3314 4522; x_wconf 62' lang='lat' dir='ltr'><strong>quascunque</strong></span> <span class='ocrx_word' id='word_1_569' title='bbox 3346 4452 3564 4523; x_wconf 90' lang='lat' dir='ltr'><strong>petivit,</strong></span> 
     </span>
    </p>
   </div>
   <div class='ocr_carea' id='block_1_94' title="bbox 297 4528 1566 4605">
    <p class='ocr_par' dir='ltr' id='par_1_94' title="bbox 297 4528 1566 4605">
     <span class='ocr_line' id='line_1_94' title="bbox 297 4528 1566 4605; baseline -0.002 -22"><span class='ocrx_word' id='word_1_570' title='bbox 297 4528 532 4597; x_wconf 88' lang='lat' dir='ltr'><strong>Deferri,</strong></span> <span class='ocrx_word' id='word_1_571' title='bbox 565 4528 782 4605; x_wconf 85' lang='lat' dir='ltr'><strong>fugiens</strong></span> <span class='ocrx_word' id='word_1_572' title='bbox 812 4537 1054 4587; x_wconf 71' lang='lat' dir='ltr'><strong>ventosa:</strong></span> <span class='ocrx_word' id='word_1_573' title='bbox 1085 4543 1314 4583; x_wconf 89' lang='lat' dir='ltr'><strong>munera</strong></span> <span class='ocrx_word' id='word_1_574' title='bbox 1346 4529 1566 4603; x_wconf 67' lang='lat' dir='ltr'><strong>linguai.</strong></span> 
     </span>
    </p>
   </div>
   <div class='ocr_carea' id='block_1_95' title="bbox 2027 4538 3010 4611">
    <p class='ocr_par' dir='ltr' id='par_1_95' title="bbox 2027 4538 3010 4611">
     <span class='ocr_line' id='line_1_95' title="bbox 2027 4538 3010 4611; baseline -0.001 -18"><span class='ocrx_word' id='word_1_575' title='bbox 2027 4540 2148 4595; x_wconf 63' lang='lat' dir='ltr'><strong>Haec</strong></span> <span class='ocrx_word' id='word_1_576' title='bbox 2162 4539 2385 4594; x_wconf 91' lang='lat' dir='ltr'><strong>salutari</strong></span> <span class='ocrx_word' id='word_1_577' title='bbox 2418 4538 2821 4611; x_wconf 87' lang='lat' dir='ltr'><strong>donocaptavit</strong></span> <span class='ocrx_word' id='word_1_578' title='bbox 2851 4539 3010 4593; x_wconf 90' lang='lat' dir='ltr'><strong>herili</strong></span> 
     </span>
    </p>
   </div>
   <div class='ocr_carea' id='block_1_96' title="bbox 298 4618 3486 4706">
    <p class='ocr_par' dir='ltr' id='par_1_96' title="bbox 298 4618 3486 4706">
     <span class='ocr_line' id='line_1_96' title="bbox 298 4618 3486 4706; baseline 0.004 -34"><span class='ocrx_word' id='word_1_579' title='bbox 298 4642 324 4671; x_wconf 73' lang='grc' dir='ltr'><strong>ιι</strong></span> <span class='ocrx_word' id='word_1_580' title='bbox 357 4620 532 4695; x_wconf 81' lang='lat' dir='ltr'><strong>Perge</strong></span> <span class='ocrx_word' id='word_1_581' title='bbox 552 4620 800 4687; x_wconf 89' lang='lat' dir='ltr'><strong>domum,</strong></span> <span class='ocrx_word' id='word_1_582' title='bbox 835 4645 861 4668; x_wconf 77' lang='grc' dir='ltr'><strong>ιι</strong></span> <span class='ocrx_word' id='word_1_583' title='bbox 910 4621 1126 4689; x_wconf 68' lang='lat' dir='ltr'><strong>dicens.</strong></span> <span class='ocrx_word' id='word_1_584' title='bbox 1180 4618 1465 4692; x_wconf 57' lang='grc' dir='ltr'><strong>Ρνωδθῧειι</strong></span> <span class='ocrx_word' id='word_1_585' title='bbox 1495 4619 1697 4691; x_wconf 68' lang='lat' dir='ltr'><strong>cuique</strong></span> <span class='ocrx_word' id='word_1_586' title='bbox 1730 4618 1922 4673; x_wconf 71' lang='lat' dir='ltr'>mede&#39;</span> <span class='ocrx_word' id='word_1_587' title='bbox 2025 4632 2154 4685; x_wconf 88' lang='lat' dir='ltr'><strong>Nam</strong></span> <span class='ocrx_word' id='word_1_588' title='bbox 2187 4631 2377 4706; x_wconf 83' lang='lat' dir='ltr'><strong>regina</strong></span> <span class='ocrx_word' id='word_1_589' title='bbox 2399 4638 2613 4703; x_wconf 89' lang='lat' dir='ltr'><strong>potens,</strong></span> <span class='ocrx_word' id='word_1_590' title='bbox 2644 4638 2828 4686; x_wconf 90' lang='lat' dir='ltr'><strong>tamen</strong></span> <span class='ocrx_word' id='word_1_591' title='bbox 2857 4630 3155 4686; x_wconf 90' lang='lat' dir='ltr'><strong>infecunda</strong></span> <span class='ocrx_word' id='word_1_592' title='bbox 3185 4630 3406 4699; x_wconf 92' lang='lat' dir='ltr'><strong>marito,</strong></span> <span class='ocrx_word' id='word_1_593' title='bbox 3482 4632 3486 4637; x_wconf 79' lang='grc'><strong>’</strong></span> 
     </span>
    </p>
   </div>
   <div class='ocr_carea' id='block_1_97' title="bbox 1699 4711 1846 4781">
    <p class='ocr_par' dir='ltr' id='par_1_97' title="bbox 1699 4711 1846 4781">
     <span class='ocr_line' id='line_1_97' title="bbox 1699 4711 1846 4781; baseline 0 -16"><span class='ocrx_word' id='word_1_594' title='bbox 1699 4711 1846 4781; x_wconf 70' lang='grc' dir='ltr'><strong>μω,</strong></span> 
     </span>
    </p>
   </div>
   <div class='ocr_carea' id='block_1_98' title="bbox 299 4801 1714 4876">
    <p class='ocr_par' dir='ltr' id='par_1_98' title="bbox 299 4801 1714 4876">
     <span class='ocr_line' id='line_1_98' title="bbox 299 4801 1714 4876; baseline 0.001 -21"><span class='ocrx_word' id='word_1_595' title='bbox 299 4825 328 4855; x_wconf 74' lang='grc' dir='ltr'><strong>α</strong></span> <span class='ocrx_word' id='word_1_596' title='bbox 353 4801 784 4875; x_wconf 88' lang='lat' dir='ltr'><strong>Gloriﬁcansque</strong></span> <span class='ocrx_word' id='word_1_597' title='bbox 823 4805 994 4859; x_wconf 92' lang='lat' dir='ltr'><strong>Deum</strong></span> <span class='ocrx_word' id='word_1_598' title='bbox 1016 4804 1109 4876; x_wconf 91' lang='lat' dir='ltr'><strong>qui</strong></span> <span class='ocrx_word' id='word_1_599' title='bbox 1141 4811 1194 4858; x_wconf 90' lang='lat' dir='ltr'><strong>te</strong></span> <span class='ocrx_word' id='word_1_600' title='bbox 1217 4803 1453 4868; x_wconf 90' lang='lat' dir='ltr'><strong>sanavit,</strong></span> <span class='ocrx_word' id='word_1_601' title='bbox 1484 4802 1714 4869; x_wconf 90' lang='lat' dir='ltr'><strong>honora,</strong></span> 
     </span>
    </p>
   </div>
   <div class='ocr_carea' id='block_1_99' title="bbox 300 4895 1507 4952">
    <p class='ocr_par' dir='ltr' id='par_1_99' title="bbox 300 4895 1507 4952">
     <span class='ocr_line' id='line_1_99' title="bbox 300 4895 1507 4952; baseline -0.002 -1"><span class='ocrx_word' id='word_1_602' title='bbox 300 4897 412 4951; x_wconf 81' lang='lat' dir='ltr'><strong>Nec</strong></span> <span class='ocrx_word' id='word_1_603' title='bbox 443 4905 494 4951; x_wconf 87' lang='lat' dir='ltr'><strong>te</strong></span> <span class='ocrx_word' id='word_1_604' title='bbox 529 4904 773 4951; x_wconf 90' lang='lat' dir='ltr'><strong>curatum</strong></span> <span class='ocrx_word' id='word_1_605' title='bbox 812 4896 1087 4952; x_wconf 87' lang='lat' dir='ltr'><strong>Simeonis</strong></span> <span class='ocrx_word' id='word_1_606' title='bbox 1116 4895 1328 4951; x_wconf 89' lang='lat' dir='ltr'><strong>viribus</strong></span> <span class='ocrx_word' id='word_1_607' title='bbox 1358 4895 1507 4949; x_wconf 92' lang='lat' dir='ltr'><strong>ausis</strong></span> 
     </span>
    </p>
   </div>
   <div class='ocr_carea' id='block_1_100' title="bbox 298 4983 1635 5055">
    <p class='ocr_par' dir='ltr' id='par_1_100' title="bbox 298 4983 1635 5055">
     <span class='ocr_line' id='line_1_100' title="bbox 298 4983 1635 5055; baseline -0.001 -15"><span class='ocrx_word' id='word_1_608' title='bbox 298 4987 560 5051; x_wconf 89' lang='lat' dir='ltr'><strong>Prodere,</strong></span> <span class='ocrx_word' id='word_1_609' title='bbox 594 5002 661 5040; x_wconf 90' lang='lat' dir='ltr'><strong>ne</strong></span> <span class='ocrx_word' id='word_1_610' title='bbox 689 5000 855 5055; x_wconf 82' lang='lat' dir='ltr'><strong>poena</strong></span> <span class='ocrx_word' id='word_1_611' title='bbox 884 5001 1040 5039; x_wconf 88' lang='lat' dir='ltr'><strong>versa</strong></span> <span class='ocrx_word' id='word_1_612' title='bbox 1072 4985 1172 5040; x_wconf 91' lang='lat' dir='ltr'><strong>tibi</strong></span> <span class='ocrx_word' id='word_1_613' title='bbox 1203 4994 1349 5040; x_wconf 90' lang='lat' dir='ltr'><strong>sorte</strong></span> <span class='ocrx_word' id='word_1_614' title='bbox 1384 4983 1592 5039; x_wconf 88' lang='lat' dir='ltr'><strong>feratur</strong></span> <span class='ocrx_word' id='word_1_615' title='bbox 1620 5002 1635 5049; x_wconf 87' lang='lat'><strong>;</strong></span> 
     </span>
    </p>
   </div>
   <div class='ocr_carea' id='block_1_101' title="bbox 297 5073 1575 5145">
    <p class='ocr_par' dir='ltr' id='par_1_101' title="bbox 297 5073 1575 5145">
     <span class='ocr_line' id='line_1_101' title="bbox 297 5073 1575 5145; baseline -0.002 -16"><span class='ocrx_word' id='word_1_616' title='bbox 297 5075 615 5143; x_wconf 89' lang='lat' dir='ltr'><strong>Necjurare</strong></span> <span class='ocrx_word' id='word_1_617' title='bbox 636 5075 732 5130; x_wconf 88' lang='lat' dir='ltr'><strong>Dei</strong></span> <span class='ocrx_word' id='word_1_618' title='bbox 764 5090 1067 5145; x_wconf 66' lang='lat' dir='ltr'><strong>praesumas</strong></span> <span class='ocrx_word' id='word_1_619' title='bbox 1099 5074 1324 5129; x_wconf 92' lang='lat' dir='ltr'><strong>nomine</strong></span> <span class='ocrx_word' id='word_1_620' title='bbox 1351 5073 1575 5141; x_wconf 88' lang='lat' dir='ltr'><strong>summi,</strong></span> 
     </span>
    </p>
   </div>
   <div class='ocr_carea' id='block_1_102' title="bbox 300 5168 1809 5241">
    <p class='ocr_par' dir='ltr' id='par_1_102' title="bbox 300 5168 1809 5241">
     <span class='ocr_line' id='line_1_102' title="bbox 300 5168 1809 5241; baseline -0.001 -17"><span class='ocrx_word' id='word_1_621' title='bbox 300 5170 591 5226; x_wconf 88' lang='lat' dir='ltr'><strong>Peccatum</strong></span> <span class='ocrx_word' id='word_1_622' title='bbox 623 5184 745 5223; x_wconf 89' lang='lat' dir='ltr'><strong>esse</strong></span> <span class='ocrx_word' id='word_1_623' title='bbox 770 5169 951 5224; x_wconf 89' lang='lat' dir='ltr'><strong>sciens</strong></span> <span class='ocrx_word' id='word_1_624' title='bbox 985 5187 999 5232; x_wconf 89' lang='lat'>;</span> <span class='ocrx_word' id='word_1_625' title='bbox 1034 5169 1087 5223; x_wconf 90' lang='lat' dir='ltr'><strong>in</strong></span> <span class='ocrx_word' id='word_1_626' title='bbox 1129 5185 1215 5224; x_wconf 90' lang='lat' dir='ltr'><strong>me</strong></span> <span class='ocrx_word' id='word_1_627' title='bbox 1247 5168 1381 5241; x_wconf 91' lang='lat' dir='ltr'><strong>quin</strong></span> <span class='ocrx_word' id='word_1_628' title='bbox 1414 5183 1658 5239; x_wconf 89' lang='lat' dir='ltr'><strong>paupere</strong></span> <span class='ocrx_word' id='word_1_629' title='bbox 1684 5168 1809 5236; x_wconf 88' lang='lat' dir='ltr'><strong>jura</strong></span> 
     </span>
    </p>
   </div>
   <div class='ocr_carea' id='block_1_103' title="bbox 294 5262 1644 5338">
    <p class='ocr_par' dir='ltr' id='par_1_103' title="bbox 294 5262 1644 5338">
     <span class='ocr_line' id='line_1_103' title="bbox 294 5262 1644 5338; baseline -0.002 -21"><span class='ocrx_word' id='word_1_630' title='bbox 294 5264 599 5319; x_wconf 85' lang='lat' dir='ltr'><strong>Constricto</strong></span> <span class='ocrx_word' id='word_1_631' title='bbox 630 5263 776 5318; x_wconf 85' lang='lat' dir='ltr'><strong>vitiis</strong></span> <span class='ocrx_word' id='word_1_632' title='bbox 804 5264 978 5338; x_wconf 86' lang='lat' dir='ltr'><strong>fragili</strong></span> <span class='ocrx_word' id='word_1_633' title='bbox 1014 5263 1117 5317; x_wconf 89' lang='lat' dir='ltr'><strong>sub</strong></span> <span class='ocrx_word' id='word_1_634' title='bbox 1145 5263 1328 5319; x_wconf 90' lang='lat' dir='ltr'><strong>carnis</strong></span> <span class='ocrx_word' id='word_1_635' title='bbox 1359 5262 1579 5317; x_wconf 89' lang='lat' dir='ltr'><strong>amictu.</strong></span> <span class='ocrx_word' id='word_1_636' title='bbox 1616 5282 1644 5314; x_wconf 68' lang='grc' dir='ltr'><strong><em>υ</em></strong></span> 
     </span>
    </p>
   </div>
   <div class='ocr_carea' id='block_1_104' title="bbox 297 5355 1759 5430">
    <p class='ocr_par' dir='ltr' id='par_1_104' title="bbox 297 5355 1759 5430">
     <span class='ocr_line' id='line_1_104' title="bbox 297 5355 1759 5430; baseline -0.002 -19"><span class='ocrx_word' id='word_1_637' title='bbox 297 5358 336 5412; x_wconf 91' lang='grc' dir='ltr'><strong>Ο</strong></span> <span class='ocrx_word' id='word_1_638' title='bbox 370 5356 601 5430; x_wconf 88' lang='lat' dir='ltr'><strong>dignum</strong></span> <span class='ocrx_word' id='word_1_639' title='bbox 634 5355 827 5410; x_wconf 88' lang='lat' dir='ltr'><strong>Christi</strong></span> <span class='ocrx_word' id='word_1_640' title='bbox 860 5355 1167 5410; x_wconf 87' lang='lat' dir='ltr'><strong>fomuluml</strong></span> <span class='ocrx_word' id='word_1_641' title='bbox 1200 5356 1330 5409; x_wconf 92' lang='lat' dir='ltr'><strong>dum</strong></span> <span class='ocrx_word' id='word_1_642' title='bbox 1362 5364 1578 5410; x_wconf 90' lang='lat' dir='ltr'><strong>vertere</strong></span> <span class='ocrx_word' id='word_1_643' title='bbox 1605 5361 1759 5409; x_wconf 89' lang='lat' dir='ltr'><strong>curat</strong></span> 
     </span>
    </p>
   </div>
   <div class='ocr_carea' id='block_1_105' title="bbox 298 5444 1604 5518">
    <p class='ocr_par' dir='ltr' id='par_1_105' title="bbox 298 5444 1604 5518">
     <span class='ocr_line' id='line_1_105' title="bbox 298 5444 1604 5518; baseline -0.003 -17"><span class='ocrx_word' id='word_1_644' title='bbox 298 5449 602 5518; x_wconf 81' lang='lat' dir='ltr'><strong>Lapsantes</strong></span> <span class='ocrx_word' id='word_1_645' title='bbox 629 5446 863 5511; x_wconf 88' lang='lat' dir='ltr'><strong>animas,</strong></span> <span class='ocrx_word' id='word_1_646' title='bbox 888 5445 1098 5515; x_wconf 89' lang='lat' dir='ltr'><strong>potiora</strong></span> <span class='ocrx_word' id='word_1_647' title='bbox 1139 5444 1385 5515; x_wconf 86' lang='lat' dir='ltr'><strong>pericula</strong></span> <span class='ocrx_word' id='word_1_648' title='bbox 1414 5444 1604 5510; x_wconf 90' lang='lat' dir='ltr'><strong>demit,</strong></span> 
     </span>
    </p>
   </div>
   <div class='ocr_carea' id='block_1_106' title="bbox 302 5533 1715 5610">
    <p class='ocr_par' dir='ltr' id='par_1_106' title="bbox 302 5533 1715 5610">
     <span class='ocr_line' id='line_1_106' title="bbox 302 5533 1715 5610; baseline -0.006 -15"><span class='ocrx_word' id='word_1_649' title='bbox 302 5539 538 5595; x_wconf 85' lang='lat' dir='ltr'><strong>Lubrica</strong></span> <span class='ocrx_word' id='word_1_650' title='bbox 566 5537 882 5610; x_wconf 86' lang='lat' dir='ltr'><strong>linguarum</strong></span> <span class='ocrx_word' id='word_1_651' title='bbox 914 5537 1092 5591; x_wconf 88' lang='lat' dir='ltr'><strong>bonus</strong></span> <span class='ocrx_word' id='word_1_652' title='bbox 1113 5536 1169 5589; x_wconf 90' lang='lat' dir='ltr'><strong>in</strong></span> <span class='ocrx_word' id='word_1_653' title='bbox 1199 5552 1259 5589; x_wconf 92' lang='lat' dir='ltr'><strong>se</strong></span> <span class='ocrx_word' id='word_1_654' title='bbox 1290 5534 1501 5605; x_wconf 88' lang='lat' dir='ltr'><strong>spicula</strong></span> <span class='ocrx_word' id='word_1_655' title='bbox 1524 5533 1715 5597; x_wconf 90' lang='lat' dir='ltr'><strong>demit,</strong></span> 
     </span>
    </p>
   </div>
   <div class='ocr_carea' id='block_1_107' title="bbox 302 5630 1816 5699">
    <p class='ocr_par' dir='ltr' id='par_1_107' title="bbox 302 5630 1816 5699">
     <span class='ocr_line' id='line_1_107' title="bbox 302 5630 1816 5699; baseline -0.006 -10"><span class='ocrx_word' id='word_1_656' title='bbox 302 5634 376 5689; x_wconf 87' lang='lat' dir='ltr'><strong>Ne</strong></span> <span class='ocrx_word' id='word_1_657' title='bbox 411 5634 466 5688; x_wconf 92' lang='lat' dir='ltr'><strong>in</strong></span> <span class='ocrx_word' id='word_1_658' title='bbox 497 5630 790 5687; x_wconf 91' lang='lat' dir='ltr'><strong>Dominum</strong></span> <span class='ocrx_word' id='word_1_659' title='bbox 820 5630 1111 5686; x_wconf 88' lang='lat' dir='ltr'><strong>commissa</strong></span> <span class='ocrx_word' id='word_1_660' title='bbox 1137 5645 1260 5683; x_wconf 90' lang='lat' dir='ltr'><strong>reos</strong></span> <span class='ocrx_word' id='word_1_661' title='bbox 1290 5634 1513 5699; x_wconf 89' lang='lat' dir='ltr'><strong>peccata</strong></span> <span class='ocrx_word' id='word_1_662' title='bbox 1545 5634 1816 5693; x_wconf 89' lang='lat' dir='ltr'><strong>tenerent,</strong></span> 
     </span>
    </p>
   </div>
   <div class='ocr_carea' id='block_1_108' title="bbox 302 5721 1790 5797">
    <p class='ocr_par' dir='ltr' id='par_1_108' title="bbox 302 5721 1790 5797">
     <span class='ocr_line' id='line_1_108' title="bbox 302 5721 1790 5797; baseline -0.007 -13"><span class='ocrx_word' id='word_1_663' title='bbox 302 5727 454 5793; x_wconf 86' lang='lat' dir='ltr'><strong>Quos</strong></span> <span class='ocrx_word' id='word_1_664' title='bbox 483 5724 710 5797; x_wconf 90' lang='lat' dir='ltr'><strong>proprio</strong></span> <span class='ocrx_word' id='word_1_665' title='bbox 742 5724 1016 5777; x_wconf 87' lang='lat' dir='ltr'><strong>redimens</strong></span> <span class='ocrx_word' id='word_1_666' title='bbox 1036 5722 1265 5777; x_wconf 88' lang='lat' dir='ltr'><strong>salvavit</strong></span> <span class='ocrx_word' id='word_1_667' title='bbox 1292 5721 1563 5794; x_wconf 83' lang='lat' dir='ltr'><strong>sanguine</strong></span> <span class='ocrx_word' id='word_1_668' title='bbox 1584 5722 1790 5776; x_wconf 83' lang='lat' dir='ltr'><strong>Factor.</strong></span> 
     </span>
    </p>
   </div>
   <div class='ocr_carea' id='block_1_109' title="bbox 2022 4718 3256 4795">
    <p class='ocr_par' dir='ltr' id='par_1_109' title="bbox 2022 4718 3256 4795">
     <span class='ocr_line' id='line_1_109' title="bbox 2022 4718 3256 4795; baseline -0.002 -21"><span class='ocrx_word' id='word_1_669' title='bbox 2022 4719 2235 4795; x_wconf 90' lang='lat' dir='ltr'><strong>Legatis</strong></span> <span class='ocrx_word' id='word_1_670' title='bbox 2262 4726 2416 4794; x_wconf 88' lang='lat' dir='ltr'><strong>rogat</strong></span> <span class='ocrx_word' id='word_1_671' title='bbox 2443 4719 2665 4774; x_wconf 91' lang='lat' dir='ltr'><strong>attribui</strong></span> <span class='ocrx_word' id='word_1_672' title='bbox 2686 4719 2793 4774; x_wconf 89' lang='lat' dir='ltr'><strong>sibi</strong></span> <span class='ocrx_word' id='word_1_673' title='bbox 2824 4718 3026 4794; x_wconf 87' lang='lat' dir='ltr'><strong>gaudia</strong></span> <span class='ocrx_word' id='word_1_674' title='bbox 3048 4718 3256 4773; x_wconf 91' lang='lat' dir='ltr'><strong>matris.</strong></span> 
     </span>
    </p>
   </div>
   <div class='ocr_carea' id='block_1_110' title="bbox 2025 4808 3336 4883">
    <p class='ocr_par' dir='ltr' id='par_1_110' title="bbox 2025 4808 3336 4883">
     <span class='ocr_line' id='line_1_110' title="bbox 2025 4808 3336 4883; baseline -0.002 -18"><span class='ocrx_word' id='word_1_675' title='bbox 2025 4812 2408 4882; x_wconf 84' lang='lat' dir='ltr'><strong>Expromptam</strong></span> <span class='ocrx_word' id='word_1_676' title='bbox 2442 4812 2647 4883; x_wconf 83' lang='lat' dir='ltr'><strong>pietate</strong></span> <span class='ocrx_word' id='word_1_677' title='bbox 2681 4809 2844 4865; x_wconf 88' lang='lat' dir='ltr'><strong>ﬁdem</strong></span> <span class='ocrx_word' id='word_1_678' title='bbox 2887 4808 3223 4865; x_wconf 86' lang='lat' dir='ltr'><strong>venerabilis</strong></span> <span class='ocrx_word' id='word_1_679' title='bbox 3244 4808 3336 4863; x_wconf 91' lang='lat' dir='ltr'><strong>ille</strong></span> 
     </span>
    </p>
   </div>
   <div class='ocr_carea' id='block_1_111' title="bbox 2024 4898 3642 4970">
    <p class='ocr_par' dir='ltr' id='par_1_111' title="bbox 2024 4898 3642 4970">
     <span class='ocr_line' id='line_1_111' title="bbox 2024 4898 3642 4970; baseline 0.001 -19"><span class='ocrx_word' id='word_1_680' title='bbox 2024 4899 2197 4952; x_wconf 83' lang='lat' dir='ltr'><strong>Mente</strong></span> <span class='ocrx_word' id='word_1_681' title='bbox 2228 4906 2409 4966; x_wconf 86' lang='lat' dir='ltr'><strong>tuens,</strong></span> <span class='ocrx_word' id='word_1_682' title='bbox 2434 4900 2701 4970; x_wconf 91' lang='lat' dir='ltr'><strong>promittit</strong></span> <span class='ocrx_word' id='word_1_683' title='bbox 2729 4915 2915 4969; x_wconf 90' lang='lat' dir='ltr'><strong>opem,</strong></span> <span class='ocrx_word' id='word_1_684' title='bbox 2951 4898 3334 4970; x_wconf 89' lang='lat' dir='ltr'><strong>promissaque</strong></span> <span class='ocrx_word' id='word_1_685' title='bbox 3372 4900 3642 4969; x_wconf 89' lang='lat' dir='ltr'><strong>supplens</strong></span> 
     </span>
    </p>
   </div>
   <div class='ocr_carea' id='block_1_112' title="bbox 2025 4988 3273 5062">
    <p class='ocr_par' dir='ltr' id='par_1_112' title="bbox 2025 4988 3273 5062">
     <span class='ocr_line' id='line_1_112' title="bbox 2025 4988 3273 5062; baseline 0.001 -20"><span class='ocrx_word' id='word_1_686' title='bbox 2025 4988 2145 5042; x_wconf 88' lang='lat' dir='ltr'><strong>Fert</strong></span> <span class='ocrx_word' id='word_1_687' title='bbox 2174 4988 2351 5044; x_wconf 91' lang='lat' dir='ltr'><strong>sterili</strong></span> <span class='ocrx_word' id='word_1_688' title='bbox 2388 4995 2623 5057; x_wconf 90' lang='lat' dir='ltr'><strong>partum,</strong></span> <span class='ocrx_word' id='word_1_689' title='bbox 2654 5004 2765 5062; x_wconf 82' lang='lat' dir='ltr'><strong>non</strong></span> <span class='ocrx_word' id='word_1_690' title='bbox 2789 4988 3020 5043; x_wconf 88' lang='lat' dir='ltr'><strong>inferior</strong></span> <span class='ocrx_word' id='word_1_691' title='bbox 3048 4988 3227 5043; x_wconf 87' lang='lat' dir='ltr'><strong>Eliseo</strong></span> <span class='ocrx_word' id='word_1_692' title='bbox 3258 5006 3273 5053; x_wconf 85' lang='lat'><strong>;</strong></span> 
     </span>
    </p>
   </div>
   <div class='ocr_carea' id='block_1_113' title="bbox 2024 5083 3298 5155">
    <p class='ocr_par' dir='ltr' id='par_1_113' title="bbox 2024 5083 3298 5155">
     <span class='ocr_line' id='line_1_113' title="bbox 2024 5083 3298 5155; baseline -0.002 -16"><span class='ocrx_word' id='word_1_693' title='bbox 2024 5085 2229 5141; x_wconf 90' lang='lat' dir='ltr'><strong>Clarior</strong></span> <span class='ocrx_word' id='word_1_694' title='bbox 2248 5090 2417 5155; x_wconf 91' lang='lat' dir='ltr'><strong>utque</strong></span> <span class='ocrx_word' id='word_1_695' title='bbox 2446 5083 2549 5137; x_wconf 89' lang='lat' dir='ltr'><strong>viri</strong></span> <span class='ocrx_word' id='word_1_696' title='bbox 2574 5083 2744 5138; x_wconf 90' lang='lat' dir='ltr'><strong>virtus</strong></span> <span class='ocrx_word' id='word_1_697' title='bbox 2771 5084 2875 5138; x_wconf 93' lang='lat' dir='ltr'><strong>hoc</strong></span> <span class='ocrx_word' id='word_1_698' title='bbox 2904 5084 3051 5138; x_wconf 91' lang='lat' dir='ltr'><strong>clara</strong></span> <span class='ocrx_word' id='word_1_699' title='bbox 3083 5090 3298 5154; x_wconf 90' lang='lat' dir='ltr'><strong>patratu</strong></span> 
     </span>
    </p>
   </div>
   <div class='ocr_carea' id='block_1_114' title="bbox 2016 5176 3433 5250">
    <p class='ocr_par' dir='ltr' id='par_1_114' title="bbox 2016 5176 3433 5250">
     <span class='ocr_line' id='line_1_114' title="bbox 2016 5176 3433 5250; baseline -0.002 -16"><span class='ocrx_word' id='word_1_700' title='bbox 2016 5179 2364 5250; x_wconf 72' lang='lat' dir='ltr'><strong>Splenderet,</strong></span> <span class='ocrx_word' id='word_1_701' title='bbox 2398 5191 2628 5247; x_wconf 89' lang='lat' dir='ltr'><strong>puerum</strong></span> <span class='ocrx_word' id='word_1_702' title='bbox 2662 5176 2879 5246; x_wconf 79' lang='lat' dir='ltr'><strong>peperit</strong></span> <span class='ocrx_word' id='word_1_703' title='bbox 2910 5176 3120 5250; x_wconf 74' lang='lat' dir='ltr'><strong>regina,</strong></span> <span class='ocrx_word' id='word_1_704' title='bbox 3147 5184 3433 5249; x_wconf 86' lang='lat' dir='ltr'><strong>repertum</strong></span> 
     </span>
    </p>
   </div>
   <div class='ocr_carea' id='block_1_115' title="bbox 2016 5266 3639 5339">
    <p class='ocr_par' dir='ltr' id='par_1_115' title="bbox 2016 5266 3639 5339">
     <span class='ocr_line' id='line_1_115' title="bbox 2016 5266 3639 5339; baseline -0.003 -16"><span class='ocrx_word' id='word_1_705' title='bbox 2016 5270 2283 5339; x_wconf 88' lang='lat' dir='ltr'><strong>Tempora</strong></span> <span class='ocrx_word' id='word_1_706' title='bbox 2315 5273 2436 5337; x_wconf 89' lang='lat' dir='ltr'><strong>post</strong></span> <span class='ocrx_word' id='word_1_707' title='bbox 2465 5272 2673 5319; x_wconf 91' lang='lat' dir='ltr'><strong>mutum</strong></span> <span class='ocrx_word' id='word_1_708' title='bbox 2701 5280 2924 5339; x_wconf 88' lang='lat' dir='ltr'><strong>gressus</strong></span> <span class='ocrx_word' id='word_1_709' title='bbox 2956 5282 3135 5338; x_wconf 91' lang='lat' dir='ltr'><strong>neque</strong></span> <span class='ocrx_word' id='word_1_710' title='bbox 3166 5266 3311 5321; x_wconf 90' lang='lat' dir='ltr'><strong>ferre</strong></span> <span class='ocrx_word' id='word_1_711' title='bbox 3342 5267 3639 5321; x_wconf 88' lang='lat' dir='ltr'><strong>valentem.</strong></span> 
     </span>
    </p>
   </div>
   <div class='ocr_carea' id='block_1_116' title="bbox 2018 5354 3505 5428">
    <p class='ocr_par' dir='ltr' id='par_1_116' title="bbox 2018 5354 3505 5428">
     <span class='ocr_line' id='line_1_116' title="bbox 2018 5354 3505 5428; baseline 0 -18"><span class='ocrx_word' id='word_1_712' title='bbox 2018 5358 2515 5428; x_wconf 86' lang='lat' dir='ltr'><strong>Approperansque</strong></span> <span class='ocrx_word' id='word_1_713' title='bbox 2544 5355 2637 5409; x_wconf 85' lang='lat' dir='ltr'><strong>Dei</strong></span> <span class='ocrx_word' id='word_1_714' title='bbox 2662 5354 2849 5409; x_wconf 84' lang='lat' dir='ltr'><strong>famuli</strong></span> <span class='ocrx_word' id='word_1_715' title='bbox 2880 5372 3051 5427; x_wconf 90' lang='lat' dir='ltr'><strong>pr0pe</strong></span> <span class='ocrx_word' id='word_1_716' title='bbox 3083 5356 3341 5411; x_wconf 87' lang='lat' dir='ltr'><strong>culminis</strong></span> <span class='ocrx_word' id='word_1_717' title='bbox 3361 5372 3505 5422; x_wconf 90' lang='lat' dir='ltr'><strong>oras,</strong></span> 
     </span>
    </p>
   </div>
   <div class='ocr_carea' id='block_1_117' title="bbox 2022 5443 3425 5519">
    <p class='ocr_par' dir='ltr' id='par_1_117' title="bbox 2022 5443 3425 5519">
     <span class='ocr_line' id='line_1_117' title="bbox 2022 5443 3425 5519; baseline 0 -20"><span class='ocrx_word' id='word_1_718' title='bbox 2022 5444 2151 5499; x_wconf 91' lang='lat' dir='ltr'><strong>Cum</strong></span> <span class='ocrx_word' id='word_1_719' title='bbox 2181 5445 2379 5500; x_wconf 88' lang='lat' dir='ltr'><strong>misero</strong></span> <span class='ocrx_word' id='word_1_720' title='bbox 2408 5445 2551 5519; x_wconf 88' lang='lat' dir='ltr'><strong>legat</strong></span> <span class='ocrx_word' id='word_1_721' title='bbox 2570 5452 2901 5497; x_wconf 58' lang='lat' dir='ltr'><strong>monentem</strong></span> <span class='ocrx_word' id='word_1_722' title='bbox 2931 5443 3138 5499; x_wconf 89' lang='lat' dir='ltr'><strong>infante</strong></span> <span class='ocrx_word' id='word_1_723' title='bbox 3170 5444 3425 5501; x_wconf 89' lang='lat' dir='ltr'><strong>maritum</strong></span> 
     </span>
    </p>
   </div>
   <div class='ocr_carea' id='block_1_118' title="bbox 2003 5536 3262 5607">
    <p class='ocr_par' dir='ltr' id='par_1_118' title="bbox 2003 5536 3262 5607">
     <span class='ocr_line' id='line_1_118' title="bbox 2003 5536 3262 5607; baseline 0 -16"><span class='ocrx_word' id='word_1_724' title='bbox 2003 5537 2255 5599; x_wconf 74' lang='lat' dir='ltr'><strong>Patrono</strong></span> <span class='ocrx_word' id='word_1_725' title='bbox 2286 5555 2299 5601; x_wconf 86' lang='lat'><strong>;</strong></span> <span class='ocrx_word' id='word_1_726' title='bbox 2334 5538 2602 5607; x_wconf 88' lang='lat' dir='ltr'><strong>tantisper</strong></span> <span class='ocrx_word' id='word_1_727' title='bbox 2623 5551 2721 5591; x_wconf 90' lang='lat' dir='ltr'><strong>eos</strong></span> <span class='ocrx_word' id='word_1_728' title='bbox 2741 5536 2898 5604; x_wconf 89' lang='lat' dir='ltr'><strong>jubet</strong></span> <span class='ocrx_word' id='word_1_729' title='bbox 2918 5536 3009 5589; x_wconf 90' lang='lat' dir='ltr'><strong>ille</strong></span> <span class='ocrx_word' id='word_1_730' title='bbox 3037 5552 3262 5591; x_wconf 88' lang='lat' dir='ltr'><strong>manere</strong></span> 
     </span>
    </p>
   </div>
   <div class='ocr_carea' id='block_1_119' title="bbox 2023 5628 3467 5702">
    <p class='ocr_par' dir='ltr' id='par_1_119' title="bbox 2023 5628 3467 5702">
     <span class='ocr_line' id='line_1_119' title="bbox 2023 5628 3467 5702; baseline 0.003 -20"><span class='ocrx_word' id='word_1_731' title='bbox 2023 5631 2159 5683; x_wconf 91' lang='lat' dir='ltr'><strong>Dum</strong></span> <span class='ocrx_word' id='word_1_732' title='bbox 2191 5629 2408 5684; x_wconf 91' lang='lat' dir='ltr'><strong>Domini</strong></span> <span class='ocrx_word' id='word_1_733' title='bbox 2438 5637 2588 5701; x_wconf 86' lang='lat' dir='ltr'><strong>petat</strong></span> <span class='ocrx_word' id='word_1_734' title='bbox 2616 5631 2874 5685; x_wconf 83' lang='lat' dir='ltr'><strong>auxilium</strong></span> <span class='ocrx_word' id='word_1_735' title='bbox 2911 5647 2924 5684; x_wconf 89' lang='lat'>:</span> <span class='ocrx_word' id='word_1_736' title='bbox 2950 5628 3106 5701; x_wconf 86' lang='lat' dir='ltr'><strong>petit,</strong></span> <span class='ocrx_word' id='word_1_737' title='bbox 3144 5631 3467 5702; x_wconf 87' lang='lat' dir='ltr'><strong>accipit,ori</strong></span> 
     </span>
    </p>
   </div>
   <div class='ocr_carea' id='block_1_120' title="bbox 2026 5721 3395 5794">
    <p class='ocr_par' dir='ltr' id='par_1_120' title="bbox 2026 5721 3395 5794">
     <span class='ocr_line' id='line_1_120' title="bbox 2026 5721 3395 5794; baseline 0.005 -19"><span class='ocrx_word' id='word_1_738' title='bbox 2026 5722 2216 5777; x_wconf 88' lang='lat' dir='ltr'><strong>Sermo</strong></span> <span class='ocrx_word' id='word_1_739' title='bbox 2246 5721 2406 5779; x_wconf 87' lang='lat' dir='ltr'><strong>datur</strong></span> <span class='ocrx_word' id='word_1_740' title='bbox 2433 5724 2609 5794; x_wconf 87' lang='lat' dir='ltr'><strong>pueri,</strong></span> <span class='ocrx_word' id='word_1_741' title='bbox 2642 5724 2861 5781; x_wconf 86' lang='lat' dir='ltr'><strong>discunt</strong></span> <span class='ocrx_word' id='word_1_742' title='bbox 2887 5723 3146 5781; x_wconf 90' lang='lat' dir='ltr'><strong>incedere</strong></span> <span class='ocrx_word' id='word_1_743' title='bbox 3174 5722 3395 5793; x_wconf 68' lang='lat' dir='ltr'><strong>plantae.</strong></span> 
     </span>
    </p>
   </div>
  </div>
