3970 6200
487 363 593 417 579

486 495 677 564 Fitque
707 495 828 564 pius
849 492 1035 548 senior
1061 492 1216 562 pueri
1242 491 1481 546 director
1495 496 1549 543 et
1579 498 1748 554 actor,

485 589 734 643 Ofﬁcium
766 587 894 640 dum
913 584 1119 654 praebet
1147 583 1196 637 ei
1233 584 1541 656 linguaeque
1570 585 1907 654 pedumque,

485 680 667 749 Cujus,
698 695 820 734 eum
850 675 1071 747 quando
1093 674 1345 730 obtinuit.
1380 682 1536 748 pater
1565 675 1774 732 exstitit
1802 676 1955 740 olim,

559 768 750 824 Clausa
775 767 858 822 vir
879 766 1136 840 egregius
1166 772 1417 820 scrutans
1448 782 1646 822 arcana
1669 766 1914 832 videbat,

490 857 645 911 Nulla
673 857 894 911 domum
923 857 1082 925 cujus
1112 858 1310 912 mulier
1335 866 1624 928 penetrare
1659 857 1892 913 solebat.

488 949 644 1004 Forte
675 948 776 1004 fuit
804 950 1054 1021 quaedam
1079 950 1309 1021 cupiens
1340 951 1579 1005 invisere
1599 959 1799 1014 vatem,

486 1040 800 1112 Militizeque
831 1042 977 1096 viros
1006 1042 1127 1112 ejus
1158 1041 1429 1097 habitacla
1460 1049 1714 1112 petentes

485 1132 690 1195 Cernit.
719 1142 774 1190 et
803 1135 1075 1206 arripiens
1102 1134 1348 1190 habitum
1379 1141 1586 1190 mutata
1603 1135 1815 1189 virilem

485 1222 744 1278 Militibus
772 1225 1029 1279 comitata
1057 1224 1203 1278 subit
1233 1240 1394 1278 secus
1428 1224 1566 1278 ostia
1595 1222 1788 1277 sancti.

484 1315 695 1368 Limina
724 1330 835 1370 non
868 1315 1078 1370 audens
1103 1313 1282 1368 vetitae
1313 1313 1454 1384 pede
1485 1320 1709 1386 tangere
1732 1311 1884 1366 cellae

483 1404 869 1463 Conservanda
899 1403 1033 1473 petit
1061 1403 1585 1470 comitumjumenta
1617 1419 1631 1467 ;
1663 1403 1937 1456 sinuntur.

487 1500 772 1554 lntroeunt
811 1500 969 1565 socii,
1002 1498 1516 1570 benedicunturque
1537 1500 1682 1553 beati

482 1589 583 1644 Ore
612 1592 752 1654 viri;
783 1590 1012 1660 posthac
1035 1590 1110 1644 ait
1149 1589 1237 1643 ille
1271 1605 1283 1642 :
1316 1609 1341 1640 ‹‹
1373 1589 1656 1643 Remansit

481 1682 722 1748 Quilibet
750 1688 876 1735 ante
895 1680 1060 1743 fores,
1094 1697 1158 1735 ex
1189 1697 1278 1735 me
1305 1680 1392 1734 cui
1417 1680 1544 1734 talia
1575 1679 1711 1734 ferte
1737 1698 1749 1733 :

479 1765 597 1821 Noli
627 1769 825 1829 vexari,
853 1768 994 1822 intro
1022 1768 1220 1838 pedem
1253 1784 1434 1838 neque
1457 1767 1635 1842 dirige
1667 1767 1860 1822 Christi

477 1858 671 1926 Contra
698 1861 1044 1931 dispositum,
1078 1861 1220 1914 servi
1247 1859 1375 1914 ﬁdei
1438 1861 1572 1932 [cod.
1601 1860 1634 1915 2
1662 1860 1800 1932 fieri]
1833 1861 1949 1930 ipse
1981 1862 2091 1915 mi-

1805 1951 2020 2021 [sertus.

477 2041 718 2113 Namque
749 2041 827 2095 tui
856 2042 1138 2097 cernendo
1172 2041 1334 2098 ﬁdem
1369 2044 1632 2099 Dominus
1669 2045 1864 2115 probat
1894 2044 2084 2099 altus.»

478 2132 692 2207 Egressi
723 2134 981 2188 comitem
1011 2135 1214 2204 pandat
1244 2151 1353 2206 quo
1380 2151 1507 2190 vera
1539 2144 1834 2206 precantur
1864 2155 1878 2201 ;

473 2221 660 2275 Prodit
688 2237 745 2275 se
776 2222 1002 2287 sociam,
1033 2224 1216 2277 socius
1246 2223 1448 2295 quibus
1480 2233 1610 2279 ante
1643 2232 1883 2295 putatus,

471 2310 624 2364 Talia
650 2317 833 2366 mente
859 2312 960 2364 viri
985 2328 1156 2382 quare
1187 2315 1601 2384 praesumpserit
1623 2315 1856 2370 addens.

473 2399 708 2453 Auribus
742 2401 858 2456 haec
888 2401 967 2454 illi
999 2401 1236 2472 stupidis
1267 2403 1564 2474 animoque
1595 2404 1872 2458 trahentes

473 2492 821 2564 Magnificam
854 2494 1099 2558 Domini,
1131 2504 1462 2551 venerantes
1490 2512 1739 2562 munera,
1771 2513 2009 2552 servum.

476 2583 684 2638 Funera
707 2591 830 2654 post
855 2585 1011 2653 cujus
1041 2587 1292 2657 quaedam
1325 2594 1594 2643 temerare
1625 2596 1878 2659 protervo

475 2680 714 2736 Claustra
743 2691 938 2752 petens
969 2698 1127 2744 ausu,
1158 2683 1324 2738 vetita
1348 2690 1406 2737 ut
1437 2685 1580 2754 pede
1611 2684 1810 2740 limina
1827 2686 2021 2760 tangit,

476 2770 637 2825 Retro
655 2771 812 2842 plexa
831 2773 959 2840 ruit,
977 2773 1238 2844 lethoque
1265 2773 1504 2828 coercita
1533 2776 1717 2830 cessit.

547 2859 702 2930 Saepe
729 2861 952 2931 quidem
982 2861 1213 2916 veniens
1246 2861 1500 2916 benedici
1531 2864 1699 2918 multa
1717 2865 1937 2935 petebat

472 2952 648 3007 Turba
706 2953 997 3008 hominum
1057 2967 1073 3018 ;
1130 2954 1228 3010 sed
1283 2971 1348 3009 ea
1415 2955 1607 3029 longas
1655 2957 1783 3012 dum
1842 2965 2091 3030 tempore

1762 3049 2020 3122 [quodam

477 3135 804 3207 Expectante
827 3151 1009 3191 moras
1032 3136 1288 3207 precibus
1311 3137 1476 3192 trahit
1501 3137 1616 3205 ille,
1658 3139 1913 3195 minister

473 3225 720 3281 Innitens
749 3225 1010 3300 gradibus
1039 3226 1361 3281 conscendit
1383 3226 1450 3280 ad
1478 3227 1586 3281 alta
1604 3228 1913 3294 colummaa,

474 3317 583 3372 Nec
620 3333 885 3388 responsa
914 3318 1062 3389 capit
1084 3318 1348 3390 populum
1379 3318 1607 3373 solarier
1634 3335 1798 3374 orans
1829 3337 1842 3373 :

470 3409 708 3464 Vocibus
739 3409 974 3464 assiduis
1001 3409 1222 3465 tandem
1252 3411 1543 3466 insistente
1561 3419 1799 3477 caterva,

477 3517 496 3546 α
532 3497 629 3564 Ne,
654 3497 847 3552 fratres
867 3499 1037 3565 chari,
1068 3499 1184 3554 sitis
1210 3499 1366 3567 mihi,
1392 3513 1601 3571 quaeso,
1637 3501 1914 3566 molesti,»

469 3593 700 3646 Sanctus
728 3593 822 3657 ait,
860 3618 883 3638 ει
917 3596 1160 3650 morulas
1185 3596 1331 3666 quod
1359 3594 1517 3650 vobis
1547 3595 1715 3651 affero
1738 3596 1960 3650 tardans
1984 3613 1997 3660 ;

467 3683 660 3756 Magna
685 3683 907 3754 quidem
928 3685 1081 3738 navis
1119 3700 1207 3738 me
1235 3685 1369 3737 dum
1401 3685 1674 3738 vocitabat
1705 3685 1759 3738 in
1787 3685 1918 3752 alto,

467 3773 632 3843 Cujus
659 3774 727 3827 ad
754 3773 978 3827 exitium
1010 3773 1217 3827 tumida
1243 3781 1502 3847 surgente
1529 3774 1792 3844 procella,

468 3869 656 3923 Ferme
677 3873 1043 3922 trecentorum
1074 3864 1346 3919 titubabat
1374 3866 1483 3920 vita
1513 3867 1752 3921 virorum
1779 3883 1791 3919 :

466 3961 644 4016 Mente
673 3961 834 4014 simul
863 3960 1012 4014 sensi
1041 3959 1330 4014 Dominum
1362 3976 1445 4015 me
1477 3977 1706 4031 poscere
1723 3962 1900 4031 posci,

468 4051 910 4120 Omnipotentem
939 4048 1047 4102 adii
1079 4048 1242 4114 votis,
1271 4049 1362 4120 qui
1392 4050 1643 4119 protinus
1674 4049 1784 4103 illis

463 4142 837 4213 Tranquillam
865 4141 1153 4196 miseratus
1183 4155 1345 4211 Opem
1365 4141 1564 4195 direxit
1592 4141 1644 4194 in
1678 4141 1914 4195 undas.»

465 4234 702 4300 Dixerat,
733 4241 788 4288 et
819 4231 1076 4304 precibus
1105 4231 1284 4286 ditans
1306 4232 1359 4284 in
1389 4247 1524 4301 pace
1553 4230 1862 4286 remittens.

463 4328 500 4381 Ο
541 4343 697 4382 mens
725 4325 832 4380 alta
860 4325 981 4391 viri,
1009 4325 1126 4396 qui,
1160 4325 1379 4378 domate
1409 4330 1596 4394 septus
1632 4324 1688 4377 in
1725 4332 1896 4390 arcto,

462 4419 642 4474 Mente
667 4417 831 4472 maris
857 4418 986 4471 dum
1019 4418 1209 4471 lustrat
1230 4431 1420 4486 aquas,
1451 4415 1820 4485 praesentibus
1842 4422 2002 4483 astat,

458 4511 695 4584 Turgida
724 4510 1026 4566 concilians
1055 4508 1377 4563 absentibus
1406 4523 1627 4579 aequora
1657 4523 1900 4577 praesens
1933 4525 1947 4574 ;

462 4603 699 4674 Spiritus
729 4616 1068 4671 exsuperans
1093 4614 1316 4654 carnem
1344 4597 1636 4668 praesentia
1665 4595 1870 4662 differt,

457 4689 886 4759 Trausvaditque
915 4688 1092 4744 solum
1131 4686 1407 4742 tribulatis
1441 4691 1726 4756 promptus
1747 4685 1962 4740 adesse.

460 4778 633 4834 Carne
654 4779 783 4833 licet
807 4776 1068 4851 gravidus
1095 4775 1239 4830 liber
1253 4775 1366 4844 jam
1389 4774 1562 4829 fertur
1587 4774 1642 4828 in
1666 4775 1876 4829 orbem.

461 4874 598 4950 Ergo
626 4889 835 4948 negans
859 4887 969 4928 non
993 4871 1312 4942 spernendo
1344 4870 1707 4941 praesentibus
1746 4885 1928 4937 aures,

456 4968 625 5020 Aures
653 4980 762 5036 quo
795 4979 1038 5036 praesens
1059 4979 1170 5018 non
1192 4963 1525 5018 cernebatur
1546 4962 1786 5018 habebat
1814 4981 1829 5029 ;

454 5057 718 5113 Nimirum
747 5057 978 5113 Domino
1004 5057 1230 5126 junctus
1258 5057 1674 5113 transcenderat
1701 5057 1830 5112 ima.

526 5147 620 5202 Hic
640 5148 924 5223 regionem
959 5148 1119 5201 istam
1154 5147 1278 5218 pius
1308 5154 1368 5202 ut
1398 5157 1664 5219 patronus
1693 5147 1896 5214 alebat,

451 5237 749 5293 Pestiferos
777 5252 1068 5292 removens
1097 5236 1323 5293 morbos
1351 5237 1650 5309 cladesque
1673 5236 1952 5308 repellens
1981 5251 1996 5301 ;

451 5330 584 5386 Nam
617 5328 832 5384 telluris
860 5344 1020 5402 agros
1047 5338 1232 5384 motus
1262 5329 1548 5402 quatiebat
1575 5336 1628 5384 et
1655 5329 1804 5385 aedes

456 5422 553 5476 llic
579 5419 858 5491 quondam
875 5418 1081 5489 pariter
1092 5425 1349 5474 sternens
1371 5421 1734 5492 hominesque
1747 5419 2080 5508 domosque,

451 5511 608 5566 Cives
627 5509 996 5584 agricolaeque
1022 5511 1187 5564 simul
1215 5528 1322 5582 qua
1351 5517 1506 5582 peste
1537 5512 1712 5566 coacti

450 5601 766 5657 Pmsidium
799 5609 1052 5672 quaerunt
1072 5601 1245 5657 Patris
1263 5602 1502 5657 sublime
1531 5602 1699 5658 beati.

450 5688 546 5740 llle
576 5687 675 5740 Dei
695 5687 909 5758 liquido
938 5689 1296 5744 venientibus
1327 5690 1576 5760 undique
1606 5690 1784 5746 turbis

454 5773 584 5827 Esse
616 5775 794 5840 aperit
831 5776 1056 5847 dignam
1073 5778 1286 5833 meritis
1314 5778 1652 5834 facientibus
1693 5781 1853 5847 iram,

1227 360 1592 416 FLODOARD]
1633 359 1937 416 CANONICI
1979 358 2308 414 REMENSIS
2349 361 2686 417 OPUSCULA
2732 363 3038 420 METRICA.

3728 371 3825 425 580

2141 493 2185 559 Α
2215 487 2345 543 Cum
2375 496 2526 544 tanto
2559 491 2612 545 in
2640 493 2848 563 populo
2881 492 3089 548 faciens
3112 493 3256 549 bona
3283 495 3369 550 vix
3392 495 3537 551 foret
3567 514 3716 552 unus
3746 516 3759 562 ;

2214 586 2733 660 Suggeritetsecum
2769 589 3022 648 precibus
3051 591 3414 660 procumbere
3448 593 3697 663 plebem.

2212 676 2347 742 Una,
2376 693 2485 733 non
2516 679 2673 748 parili
2701 680 2920 745 merito,
2943 697 3077 736 voce
3104 683 3307 736 aethera
3335 683 3582 753 pulsant.

2210 766 2271 820 Et
2294 767 2563 822 Christum
2597 768 2802 838 pariter
2826 771 3120 825 summissa
3137 781 3323 827 mente
3351 783 3668 844 precantur,

2207 857 2314 912 Sed
2337 859 2462 931 quis
2487 876 2612 914 eum
2632 861 2824 936 digno,
2859 878 2997 934 puro
3027 863 3152 935 quis
3173 865 3343 921 corde
3372 877 3618 940 rogaret,

2206 950 2416 1006 Arcano
2450 951 2713 1006 Dominus
2745 952 2950 1009 famulo
2989 971 3246 1011 sermone
3287 958 3515 1024 revelat,

2207 1040 2399 1096 Paudit
2425 1051 2478 1096 et
2504 1043 2549 1096 is
2585 1044 2789 1114 populo
2818 1046 2964 1116 quod
2997 1046 3065 1101 de
3097 1054 3176 1102 tot
3207 1048 3645 1104 millibusuuum

2204 1133 2452 1189 Audierit
2481 1135 2743 1192 Dominus
2768 1154 2979 1205 secum,
3005 1155 3325 1212 nomenque
3348 1140 3554 1198 fatetur

2200 1222 2486 1296 Agricolae,
2519 1227 2862 1298 accersitque
2888 1229 3088 1292 virum,
3119 1229 3397 1302 vitamque
3431 1239 3693 1302 precatur

2198 1310 2404 1378 Edicat,
2439 1313 2633 1385 reliqui
2667 1322 2726 1369 ut
2756 1317 2956 1371 factum
3001 1319 3374 1391 meritumque
3415 1330 3752 1392 sequantur.

2202 1399 2270 1452 Se
2298 1401 2394 1454 sed
2428 1401 2515 1456 hic
2546 1403 2836 1478 indignum
2867 1414 3330 1479 peccatoremque
3369 1410 3582 1465 referre

2199 1491 2408 1548 Perstat
2448 1511 2462 1558 ;
2495 1502 2553 1550 ut
2581 1498 2894 1568 exemplum
2919 1499 3124 1554 tribuat
3152 1499 3372 1557 virtutis
3401 1504 3637 1569 amicus,

2195 1583 2271 1637 Ne
2302 1592 2507 1638 tectum
2537 1586 2748 1641 celetur
2785 1603 2926 1658 Opus
2957 1589 3160 1644 bonum
3191 1599 3246 1646 et
3276 1592 3414 1646 utile
3447 1593 3663 1660 multis,

2195 1676 2470 1735 Cultorem
2511 1679 2827 1749 compulsus
2857 1681 2972 1754 agri
3004 1697 3063 1736 se
3097 1681 3306 1754 detegit
3337 1683 3450 1748 ille,

2119 1805 2168 1873 Β
2194 1771 2410 1842 Resque
2445 1771 2714 1840 tripertito
2745 1771 3059 1844 sejungere,
3094 1773 3549 1844 pauperibusque

2196 1863 2352 1916 Parte
2383 1863 2530 1927 data,
2563 1861 2697 1917 ﬁsco
2730 1870 2959 1933 partem,
2991 1864 3097 1918 sibi
3127 1872 3324 1919 caetera
3345 1866 3573 1930 subdat,

2197 1951 2421 2006 Enitens
2438 1952 2604 2006 rebus
2632 1953 2870 2023 propriis
2893 1961 3185 2008 contentus
3213 1955 3423 2023 haberi,

2195 2038 2445 2094 Reddere
2476 2056 2599 2110 quae
2625 2041 2842 2095 Domini
2875 2041 3273 2114 Domino,quze
3315 2042 3547 2098 Caesaris
3593 2045 3694 2115 ipsi
3731 2064 3744 2096 :

2193 2133 2444 2187 Tendere
2476 2149 2759 2204 nunquam
2791 2134 2887 2188 ulli
2911 2134 3160 2198 insidias,
3194 2136 3441 2208 nullique
3477 2153 3716 2201 nocere;

2194 2223 2433 2278 Fratrem
2493 2241 2773 2297 quemque
2821 2242 2981 2280 suum
3050 2226 3105 2280 in
3192 2226 3403 2283 Christo
3473 2244 3576 2282 ceu
3635 2239 3808 2282 semet

3524 2317 3744 2388 [amare

2194 2402 2391 2458 Audito
2418 2403 2521 2458 hoc
2547 2404 2695 2459 cives
2722 2404 2988 2460 humilem
3018 2413 3370 2472 venerantur,
3400 2406 3677 2461 honorant

2196 2497 2533 2563 Ruriculam,
2566 2498 2933 2570 meritumque
2960 2500 3035 2569 pii
3067 2500 3343 2554 Simeonis
3368 2501 3625 2564 adorant,

2197 2589 2298 2644 Per
2320 2589 2574 2662 geminos
2602 2589 2736 2644 istos
2769 2589 2993 2646 instanti
3022 2607 3052 2645 a
3081 2599 3259 2646 morte
3300 2592 3531 2659 revulsi,

2195 2680 2347 2746 Quod
2377 2695 2486 2734 non
2517 2680 2862 2750 spondentur
2889 2681 3144 2735 Sodomis
3181 2681 3434 2736 conferre
3473 2683 3695 2737 noveni.

2266 2771 2416 2824 Hunc
2446 2771 2669 2825 charum
2699 2769 2963 2825 Dominus
2991 2769 3256 2825 famulum
3287 2773 3525 2842 protexit
3567 2772 3637 2825 ab
3657 2771 3805 2826 omni

2195 2863 2376 2926 Hoste,
2421 2871 2618 2918 notans
2643 2863 2791 2934 quod
2822 2863 2866 2917 si
2898 2863 3024 2934 quis
3052 2864 3101 2918 ei
3143 2864 3285 2918 mala
3317 2863 3459 2918 ferre
3502 2872 3737 2935 pararet,

2194 2954 2251 3009 ln
2289 2955 2575 3010 Dominum
2607 2962 2878 3026 peccaret,
2912 2955 3041 3009 dum
3070 2954 3350 3026 tangendo
3380 2955 3648 3010 nitentem

2193 3043 2528 3116 Conspectus
2559 3045 2773 3100 Domini
2809 3045 3076 3116 pupillam
3111 3050 3360 3117 tangeret
3387 3043 3505 3099 alti.

2191 3134 2419 3198 Quidam
2452 3151 2654 3204 nempe
2684 3134 2854 3200 ferox,
2886 3149 3031 3188 saevo
3058 3133 3355 3206 instigante
3396 3133 3662 3199 dracone,

2115 3221 2164 3289 C
2187 3225 2492 3281 Almiﬁcum
2519 3226 2656 3280 diris
2685 3227 2967 3296 praesumit
2993 3240 3220 3295 carpere
3252 3223 3433 3289 dictis,

2187 3316 2338 3371 Hunc
2360 3316 2707 3370 seductorem
2733 3329 3046 3369 memorans
3073 3321 3128 3368 et
3157 3313 3350 3367 fallere
3379 3314 3592 3376 turbas,

2186 3407 2496 3480 Militizeque
2527 3413 2724 3478 potens
2751 3407 2976 3461 sibimet
3005 3405 3270 3461 mandare
3299 3405 3624 3480 magistrum

2183 3497 2352 3551 Vadat
2380 3505 2435 3553 et
2460 3498 2606 3551 hunc
2634 3512 2840 3551 vexans
2870 3497 3113 3566 deponat
3142 3495 3210 3548 ab
3240 3510 3367 3550 arce
3397 3495 3696 3550 columnae.

2185 3585 2491 3640 Permissus
2519 3592 2776 3657 properat
2797 3585 3092 3656 sociosque
3122 3585 3342 3640 asciscit
3371 3592 3427 3640 et
3451 3586 3590 3639 altas

2177 3679 2473 3750 Appellunt
2499 3680 2672 3734 scalas
2705 3696 2718 3744 ;
2751 3678 3016 3753 gradibus
3045 3678 3426 3732 conscendere
3455 3679 3609 3732 uisus

2180 3766 2392 3830 lnfelix,
2416 3783 2580 3838 quem
2613 3782 2974 3822 conscensum
3005 3767 3146 3820 mala
3175 3775 3300 3821 vota
3329 3766 3611 3840 negabant
3645 3784 3657 3820 :

2175 3859 2414 3931 Tresque
2435 3861 2639 3934 gradus
2664 3859 2937 3914 scandens
2965 3866 3341 3930 superaverat,
3386 3874 3517 3914 ecce
3575 3868 3808 3915 remotae

2184 3950 2242 4005 Vi
2273 3967 2474 4022 supera
2503 3951 2664 4007 scala:
2701 3951 2887 4006 subito
2918 3952 3125 4022 liquere
3148 3950 3463 4005 columnam
3501 3970 3514 4016 ;

2186 4040 2245 4094 Et
2270 4040 2440 4095 miser
2466 4056 2746 4111 appensus
2776 4042 2935 4104 ccelo,
2970 4049 3225 4111 terraque
3256 4055 3515 4110 perosus,

2182 4132 2446 4196 Quattuor
2485 4139 2542 4188 ut
2573 4132 2774 4187 cubitis
2806 4133 2980 4187 elatus
3009 4148 3135 4188 rure
3165 4131 3455 4203 pependit.

2183 4221 2319 4277 Ecce
2351 4221 2539 4278 furens
2565 4221 2779 4277 animos
2809 4229 3014 4277 caecato
3043 4221 3210 4276 corde
3232 4219 3452 4276 feroces

2181 4314 2420 4374 Extollit,
2455 4315 2820 4386 pharetraque
2848 4313 2991 4385 rapit
3020 4313 3307 4385 pendente
3344 4315 3629 4382 sagittam,

2182 4404 2505 4477 Lunatoque
2536 4420 2664 4459 arcu
2693 4403 2866 4458 uisam
2901 4404 2990 4475 pia
3020 4404 3264 4458 membra
3287 4403 3468 4459 forare
3499 4422 3515 4469 ;

2185 4501 2266 4554 ira
2319 4515 2557 4571 superna
2615 4514 2839 4554 manum
2907 4497 3032 4554 ferit
3091 4515 3104 4552 :
3157 4498 3303 4553 haud
3354 4513 3509 4554 mora
3548 4499 3814 4570 plectitur

3515 4587 3705 4658 [arens
3727 4607 3742 4653 ;

2099 4549 2158 4618 D

2177 4681 2422 4753 Hincque
2445 4681 2592 4737 ferus
2620 4681 2928 4756 chiragram
2958 4682 3164 4752 patitur
3184 4681 3507 4752 rapiturque
3531 4682 3806 4757 podagra,

2173 4773 2363 4830 Ofﬁcio
2392 4791 2656 4829 manuum
2686 4780 3005 4829 monstrans
3044 4789 3304 4844 peccasse
3331 4773 3680 4845 pedumque.

2171 4865 2304 4919 Nam
2336 4864 2534 4920 Christi
2564 4872 2791 4921 conatus
2817 4863 2912 4920 ubi
2943 4871 3296 4934 prosternere
3329 4879 3555 4919 servum

2169 4961 2440 5016 Sternilur
2468 4961 2590 5032 ipse
2616 4960 2804 5027 miser,
2837 4959 3026 5015 dextra
3055 4959 3353 5014 damnante
3382 4975 3664 5030 superna.

2172 5050 2382 5105 Dudum
2403 5049 2604 5106 etenim
2638 5050 2804 5104 turris
2833 5049 2957 5105 caeli
2982 5048 3077 5120 qui
3106 5048 3254 5104 celsa
3277 5049 3522 5119 petentis

2171 5141 2480 5198 Structores
2505 5141 2655 5196 labio
2688 5141 2744 5196 in
2773 5140 2961 5195 multis
2990 5140 3226 5196 secrevit
3257 5141 3325 5194 ab
3349 5155 3485 5205 uno,

2173 5232 2526 5303 Ascensuque
2554 5229 2666 5302 poli
2708 5230 2967 5304 indignos
3004 5230 3301 5285 summovit
3330 5230 3522 5302 inepto
3549 5247 3563 5290 :

2183 5323 2304 5393 Ipse
2333 5330 2544 5377 trucem
2587 5335 2878 5375 removens
2925 5319 3276 5390 praesumptis
3323 5320 3561 5390 perculit
3588 5319 3800 5374 hostem

2183 5416 2471 5472 Gressibus
2500 5416 2779 5472 excelsum
2812 5414 3026 5470 Domini
3059 5430 3259 5469 vexare
3279 5421 3591 5485 parantem,

2184 5506 2467 5580 Indignus,
2510 5503 2771 5559 famulum
2801 5503 2927 5558 cceli
2955 5508 3168 5557 secreta
3197 5502 3496 5568 colentem,

2252 5597 2315 5651 At
2339 5601 2562 5650 sanctus
2589 5593 2808 5649 Domini
2833 5599 3120 5664 postquam
3148 5593 3502 5663 perpluribus
3523 5594 3688 5648 annis

2171 5691 2334 5746 Fixus
2363 5703 2549 5745 amore
2582 5687 2676 5741 Dei
2703 5685 2852 5742 celsa
2889 5686 3040 5742 stetit
3069 5687 3213 5742 altus
3245 5687 3303 5741 in
3334 5701 3486 5755 arce,

2171 5783 2459 5852 Nunquam
2492 5777 2823 5834 intermissis
2854 5777 3132 5849 precibus,
3163 5777 3384 5833 demum
3407 5779 3500 5849 pia
3527 5778 3664 5834 felix
