3970 6200
164 298 258 351 581
691 293 770 346 DE
811 292 1173 347 TRIUMPHIS
1217 292 1477 349 CHRISTI
1518 294 1896 350 ANTIOCHIE
1936 274 2163 350 GESTIS
2209 295 2385 350 LIBRI
2426 298 2576 354 DUO.
2621 330 2687 339 —
2727 300 2853 355 LIB.
2897 302 2966 354 ll.
3386 306 3491 361 582

168 426 308 479 lnter
328 422 493 478 verba
514 437 735 492 precum
781 421 905 476 αωιὶ
926 428 1138 476 secreta
1163 422 1372 492 petivit.

171 515 431 568 lntentam
460 512 613 566 cmlis
635 513 873 565 animam
897 512 964 565 ad
993 512 1239 567 coelestia
1264 513 1488 567 mittens

170 606 401 662 Cernere
430 605 787 659 scandentem
818 620 917 675 per
942 612 1192 675 tempora
1218 605 1381 679 longa
1409 606 1677 675 cupitum,

172 699 229 752 Et
259 699 400 752 locat
428 696 693 761 aetherea,
721 695 883 751 satiat
912 712 1075 767 quam
1107 696 1281 769 gratia
1309 696 1495 769 Regis,

172 790 233 843 Et
257 788 397 843 locat
426 787 663 842 aztherea
694 785 912 857 superis
943 802 1065 841 cum
1100 785 1334 841 coetibus
1364 786 1487 841 aula
1514 786 1713 857 (167').

172 878 437 932 lllustrata
477 875 598 931 dies
631 876 863 947 posthac
893 874 1024 929 dum
1058 876 1213 929 tertia
1244 874 1417 947 fulget

173 967 342 1031 Quam
375 965 570 1021 Christi
601 964 805 1021 celebri
839 964 1037 1019 colitur
1060 964 1327 1019 surrectio
1350 964 1518 1019 cultu.

175 1058 535 1127 Exspectante
568 1053 661 1107 diu
689 1052 945 1107 benedici
977 1052 1140 1123 plebe
1171 1063 1414 1125 gregata,

174 1148 347 1202 Patris
373 1147 641 1201 sollicitus
671 1162 804 1202 cura
829 1136 1152 1201 conscendit
1181 1146 1235 1199 in
1263 1162 1466 1210 arcem,

173 1239 501 1303 Antoninus,
534 1244 588 1291 et
619 1236 865 1290 innixum
898 1236 1039 1292 votis
1071 1243 1243 1303 ratus,
1278 1244 1416 1291 astat

172 1330 445 1393 Attentus,
471 1326 808 1396 tandemque
828 1341 1051 1391 vocans,
1073 1328 1243 1381 multa
1270 1335 1324 1380 et
1345 1340 1509 1396 prece
1544 1340 1798 1396 poscens,

174 1423 310 1476 Dum
335 1422 447 1490 jam
474 1420 624 1474 nulla
645 1418 1025 1489 rependuntur
1052 1434 1317 1488 responsa
1358 1418 1588 1488 petenti,

175 1517 319 1569 Aure
346 1529 451 1568 nec
472 1513 704 1567 assumit
722 1512 1023 1583 spiramina
1056 1518 1184 1566 nota
1208 1511 1482 1579 minister,

175 1604 308 1658 Sese
341 1619 580 1658 cernuus
604 1603 880 1657 inclinans
907 1601 989 1656 ori
1029 1601 1269 1672 applicat
1308 1617 1519 1666 aurem,

177 1695 425 1749 Flamine
452 1710 550 1765 pro
578 1694 704 1749 vitae
735 1693 872 1747 nihil
909 1693 998 1747 hic
1027 1691 1135 1746 nisi
1167 1702 1410 1748 aromata
1433 1692 1619 1757 sentit,

177 1789 412 1845 Nectare
443 1789 747 1863 fragrantes
778 1796 832 1844 et
858 1804 989 1843 nare
1021 1788 1259 1859 capessit
1278 1788 1480 1843 odores

177 1879 396 1933 Funere
423 1881 701 1949 spirantes
728 1878 959 1949 ejusque
983 1876 1205 1931 ﬂamine
1237 1877 1430 1931 Christi

177 1970 307 2026 Late
343 1986 672 2045 respergens
703 1970 840 2025 odor
878 1969 1113 2040 in‘elytus
1138 1969 1346 2023 exstitit
1376 1969 1579 2023 tethraw.

172 2061 492 2133 Discipulus
519 2076 753 2116 cernens
781 2059 1064 2115 hominem
1097 2059 1245 2130 quod
1275 2059 1501 2130 liquerit
1529 2059 1693 2112 imum

169 2155 352 2210 Mistis
378 2154 543 2226 longa
572 2151 740 2206 trahit
771 2150 1026 2223 lacrymis
1064 2150 1301 2221 suSpiria
1331 2149 1517 2213 corde,

163 2250 345 2306 Multa
371 2246 613 2320 querens
637 2246 959 2321 gemituque
990 2245 1226 2300 animam
1258 2245 1547 2301 confectus
1579 2242 1801 2298 anhelo.

168 2343 311 2397 Dum
352 2342 550 2396 laetum
581 2339 888 2413 ingeminat
915 2345 1101 2409 raptus
1128 2337 1409 2392 mulcente
1438 2352 1661 2407 sopore,

168 2427 408 2497 Sopitus
429 2427 611 2482 subito
637 2428 761 2495 jura
790 2443 957 2481 manu
984 2428 1120 2497 (sic),
1154 2426 1351 2481 virtute
1380 2443 1641 2498 superna,
1738 2436 1741 2441 ‘

172 2520 249 2574 En
287 2520 473 2574 Patris
502 2535 627 2574 orsa
657 2519 802 2590 capit
828 2520 1052 2573 monitis
1078 2518 1183 2573 sibi
1220 2519 1348 2573 talia
1390 2520 1608 2574 dantis:

172 2639 195 2659 ιι
240 2611 333 2666 Ne
364 2618 595 2674 metuas,
618 2618 824 2683 gratam
858 2627 1036 2682 neque
1058 2611 1205 2664 enim
1231 2610 1448 2665 dimitto
1472 2610 1805 2674 columnam,

174 2701 440 2757 Culmina
467 2716 572 2754 nec
600 2700 805 2755 montis
837 2699 1079 2770 linquam
1112 2715 1221 2770 qua
1253 2698 1461 2753 lumina
1487 2698 1609 2752 vita:

173 2794 417 2849 Certans
442 2792 687 2857 obtinui;
718 2791 1017 2857 descende,
1049 2791 1509 2863 satisfaciensque

172 2884 343 2940 Plebi
376 2884 715 2955 exspectanti
745 2885 813 2937 de
843 2899 952 2949 me,
976 2882 1056 2937 sic
1086 2882 1268 2953 perfer
1299 2883 1353 2936 in
1375 2882 1566 2936 urbem

171 2976 411 3041 Nuntia,
448 2976 584 3031 clam
606 2974 783 3030 maesti
804 2974 895 3029 fiat
916 2990 985 3028 ne
1006 2975 1164 3029 turba
1185 2976 1490 3040 tumultus;

174 3071 313 3125 Nam
330 3084 439 3140 que
462 3083 566 3139 ego
598 3067 747 3138 quod
771 3067 1004 3122 Domino
1026 3066 1232 3137 placuit
1256 3067 1368 3135 jam
1400 3066 1510 3121 fine
1532 3066 1742 3137 quievi.

182 3162 221 3216 Ο
252 3161 484 3231 plenam
515 3159 710 3213 virtUte
741 3158 978 3211 animam
1008 3172 1185 3227 neque
1204 3155 1400 3211 funere
1421 3153 1648 3211 victam!

181 3248 459 3303 Aﬂ'ectum
491 3248 713 3317 planctu
738 3244 999 3299 famulum
1023 3244 1339 3315 fessumque
1370 3245 1605 3300 levando

185 3340 392 3394 Visitat
423 3337 824 3391 ineonsolatum
858 3351 928 3389 ne
957 3334 1170 3406 linquat
1199 3335 1505 3399 alumnum,
1690 3324 1697 3327 L

184 3431 250 3484 Et
282 3442 531 3500 quonam
562 3426 681 3496 ipse
707 3425 869 3479 docet
898 3432 1005 3478 ritu
1035 3439 1133 3477 sua
1160 3422 1355 3477 funera
1372 3431 1543 3478 curet.

186 3520 566 3589 Experrectus
598 3516 761 3569 homo
794 3513 1069 3567 Christum
1102 3511 1417 3582 pavefactus
1435 3510 1645 3578 adorat,

189 3612 549 3684 Pigneraque
571 3612 843 3683 attentans
865 3621 896 3659 e
918 3620 1147 3675 corpore
1179 3620 1405 3674 carpere
1434 3617 1611 3668 sacro,

184 3705 331 3759 Ecce
360 3707 593 3772 repente
626 3699 778 3753 videt
802 3698 1046 3773 gelidum
1071 3696 1366 3752 tremuisse
1392 3696 1649 3762 cadaver,

182 3794 260 3847 Ac
292 3805 425 3845 sese
454 3789 675 3860 penitus
700 3788 803 3843 hoc
829 3787 1192 3842 absterrerier
1230 3801 1400 3851 ausu;

178 3885 311 3948 Quo
342 3880 519 3936 misso
550 3879 717 3935 celeri
746 3879 1033 3934 descendit
1060 3879 1129 3932 ab
1158 3893 1284 3933 arce
1311 3892 1597 3952 regressu;

184 3977 459 4037 Pontiﬁci
495 3976 713 4030 fratrem
748 3984 857 4029 tum
886 3974 1077 4049 dirigit
1104 3973 1449 4028 Antiocheno

189 4072 379 4135 Quem
414 4064 612 4138 probat
650 4064 956 4139 egregium,
987 4063 1081 4134 qui
1114 4062 1333 4118 cmlitus
1356 4062 1668 4130 irradiatus,

193 4159 445 4215 Cernere
477 4160 593 4208 erat
620 4153 815 4208 solitus
845 4151 1071 4207 secretis
1099 4152 1271 4205 multa
1302 4151 1617 4222 loquentem

192 4254 339 4308 Cum
374 4249 638 4305 Simeone
668 4248 835 4315 horis,
866 4247 1143 4319 praeclarae
1171 4247 1336 4301 vestis
1363 4246 1563 4300 amictu

191 4343 615 4417 Splendentem
648 4341 812 4396 niveo
841 4339 1064 4394 rutilum
1097 4354 1197 4393 ceu
1227 4338 1407 4414 fulgor
1429 4339 1689 4393 amicum.

191 4437 460 4493 Crastina
491 4434 579 4489 lux
611 4448 772 4488 roseo
804 4432 1071 4487 lustrabat
1101 4431 1311 4486 lumine
1338 4438 1534 4497 terras,

188 4524 656 4594 Praesulibusque
687 4522 792 4575 sibi
816 4522 1025 4589 junctis
1052 4522 1226 4576 tribus
1257 4520 1633 4575 Antiochenus

183 4623 573 4693 Approperat,
612 4615 785 4669 tensis
815 4614 959 4669 circa
986 4613 1287 4684 deponitur
1310 4614 1421 4667 alta

186 4710 414 4768 Aulzeis
442 4723 574 4762 auro
606 4705 902 4777 pretiosius
924 4720 1047 4759 arce
1082 4704 1323 4768 monile;

185 4807 291 4859 Ast
322 4799 427 4855 ubi
456 4798 728 4871 contigua:
750 4810 947 4866 corpus
978 4794 1285 4848 devertitur
1317 4809 1440 4859 ana,

192 4897 423 4955 Cuncta
454 4892 508 4945 in
542 4889 769 4946 circuitu
813 4887 1016 4961 nebula
1050 4887 1333 4957 replentur
1358 4899 1553 4956 opaca,

188 4992 355 5047 Utse
395 4991 717 5056 praesentem
748 4980 1009 5037 Dominus
1040 4984 1370 5034 monstraret
1398 4977 1589 5031 adesse

186 5083 388 5146 Quem
412 5082 614 5129 tectum
642 5070 844 5126 nebula
878 5071 1012 5141 petit
1040 5085 1070 5123 e
1099 5067 1337 5141 caligine
1363 5067 1597 5137 Moyses,

188 5171 260 5225 Et
296 5162 749 5220 Salomoniacam
782 5160 983 5214 nebula
1017 5157 1109 5229 qui
1160 5157 1482 5228 impleverat
1512 5154 1691 5209 aulam

186 5250 518 5313 Pontifices
544 5265 723 5304 arcam
756 5247 1039 5303 cherubim
1071 5248 1200 5300 dum
1237 5244 1462 5299 sedibus
1483 5249 1675 5315 aptant

186 5348 402 5415 thue
440 5339 765 5409 probaretur
796 5336 978 5408 potius
1007 5333 1298 5405 praesentia
1330 5333 1531 5386 summi

187 5437 380 5491 Certa
417 5428 532 5494 Dei,
560 5428 730 5481 cretes
758 5427 907 5481 cultu
936 5424 1183 5477 radiante
1213 5420 1494 5487 renidens,

189 5528 348 5584 Cum
385 5519 535 5573 visus
560 5526 768 5589 septem
800 5514 1116 5571 senioribus
1152 5512 1335 5566 abdita
1364 5511 1527 5567 ferre.

191 5619 370 5686 Papa
405 5625 571 5664 sacrae
602 5618 747 5663 setas
775 5605 1007 5676 cupiens
1025 5603 1324 5670 decerpere
1354 5598 1560 5667 barbae,

282 5766 450 5845 (167)
479 5766 568 5839 Sic
597 5764 769 5820 codex
791 5769 1037 5828 uterque.

1808 430 1856 494 Α
1885 422 2296 493 Nazareumque
2319 425 2444 494 pilis
2474 426 2703 481 Domino
2731 428 2939 481 nudare
2967 430 3209 497 sacratis,

1888 517 1951 570 Ut
1980 518 2221 570 dextram
2253 517 2319 569 ad
2343 520 2639 573 metuenda
2670 520 2810 585 tulit,
2841 520 2957 575 haec
2987 522 3137 577 arida
3170 525 3355 591 cessit,

1886 606 1998 660 Nec
2025 604 2167 658 valet
2198 606 2288 659 hic
2316 607 2457 660 votis
2487 608 2695 663 servire
2726 608 2905 680 gelata
2936 610 3191 676 ferentis;

1890 690 2111 745 Haerens
2141 693 2373 747 antistes
2402 700 2604 765 stupet,
2636 706 2800 766 atque
2830 713 3051 752 manum
3081 700 3183 753 sibi
3213 708 3395 756 notam

1892 783 2111 837 Miratur
2141 800 2249 840 non
2279 802 2399 841 esse
2430 789 3027 862 suam,Dominumque
3058 808 3271 866 rogare,

1893 874 2044 938 Quod
2075 875 2178 928 sibi
2210 876 2313 942 iam
2340 876 2512 929 visum
2547 883 2777 932 restaret
2808 878 3000 933 inutile
3032 882 3367 946 membrum;

1895 964 2069 1035 thue
2102 965 2473 1033 vovetjurans
2501 982 2564 1019 se
2594 966 2724 1021 talia
2754 968 2957 1023 deinde
2988 986 3204 1038 cavere,

1896 1057 2231 1127 Adjutusque
2264 1074 2488 1126 precum
2521 1058 2709 1128 pepuli
2752 1059 3034 1115 fulcimine
3065 1064 3258 1131 multo,

1899 1144 2108 1217 Organa
2142 1159 2431 1197 nervorum
2466 1146 2662 1215 recipit
2693 1156 2943 1203 revocata
2964 1166 3211 1217 suorum,

1902 1234 2230 1304 Perditaque
2262 1232 2504 1287 officium
2538 1234 2881 1291 recalescens
2921 1239 3098 1309 palma
3131 1250 3366 1312 recepta.

1906 1330 2170 1385 Laetantes
2203 1331 2367 1403 igitnr
2397 1336 2537 1385 tactu
2570 1331 2871 1385 reverenda
2902 1331 3175 1386 vehebant

1905 1422 2143 1475 Membra
2173 1438 2326 1475 suam
2356 1421 2595 1474 validum
2627 1420 2818 1491 populi
2847 1428 3088 1475 tutamen
3122 1422 3187 1475 ad
3218 1422 3406 1476 urbem

1906 1513 2159 1583 Dumque
2192 1512 2281 1582 pio
2314 1511 2724 1582 proficiscentes
2747 1529 2867 1568 cum
2892 1512 3084 1567 funere
3108 1514 3291 1569 vicum

1909 1601 2189 1655 Introeunt
2215 1602 2529 1671 quemdam,
2566 1600 2824 1655 famulum
2859 1617 2967 1671 quo
2995 1601 3316 1669 clarificare,

1906 1695 2131 1769 Legerat
2155 1696 2532 1767 Omnipotens,
2558 1697 2737 1751 subito
2770 1713 2836 1750 en
2868 1696 3152 1751 immobile
3175 1698 3376 1773 pignus

1904 1787 2185 1854 Efficitur;
2218 1796 2431 1858 ponunt
2460 1789 2635 1861 geruli
2668 1788 3018 1843 intolerabile
3051 1791 3289 1860 pondus,

1904 1877 2012 1932 Nec
2041 1878 2269 1932 sufferre
2295 1879 2479 1933 valent
2509 1878 2615 1932 vim
2647 1895 2767 1949 quae
2800 1880 3166 1935 descenderat
3194 1883 3385 1937 aethra.

1906 1973 2003 2027 Hic
2028 1973 2110 2027 vir
2133 1979 2250 2028 erat
2272 1974 2479 2028 dudum
2508 1973 2622 2027 fere
2650 1976 3013 2048 quadraginta
3048 1994 3145 2045 per
3171 1994 3347 2033 annos

1906 2066 2226 2119 Sermonem
2250 2080 2357 2119 non
2380 2080 2510 2119 aure
2540 2066 2786 2131 trahens,
2818 2081 2925 2120 non
2958 2081 3051 2120 ore
3078 2068 3421 2135 ministrans,

1908 2154 2140 2208 Numine
2166 2154 2259 2225 qui
2284 2155 2478 2208 ductus
2509 2170 2708 2224 supero
2738 2154 2846 2208 ruit
2867 2166 2994 2210 ante
3026 2155 3307 2222 feretrum,

1906 2246 2081 2299 Sensu
2104 2246 2287 2300 cordis
2312 2262 2473 2317 Opem
2506 2261 2763 2315 poscens,
2794 2263 2955 2317 quam
2984 2264 3118 2303 voce
3154 2250 3448 2320 nequibat;

1912 2336 2044 2389 Ecce
2078 2342 2301 2405 repente
2343 2335 2446 2388 sibi
2483 2335 2653 2389 divini
2685 2335 2851 2389 sentit
2882 2336 3073 2389 adesse

1909 2424 2173 2478 Culminis
2200 2424 2461 2477 auxrlium
2487 2424 2760 2494 stupidus,
2789 2424 3112 2494 sensimque
3132 2431 3361 2479 caterva:

1913 2516 2027 2571 Non
2051 2516 2247 2570 solitus
2276 2516 2492 2569 haurire
2513 2530 2699 2582 sonos,
2733 2523 2786 2569 et
2813 2515 2978 2570 verba
3000 2530 3315 2585 capessens,

1915 2606 2356 2677 Concipiensque
2387 2607 2571 2661 animo
2604 2607 2845 2662 insuetas
2872 2607 3014 2677 parit
3042 2623 3136 2662 ore
3164 2606 3432 2680 loquelas,

1916 2694 2345 2766 Exclamansque
2379 2695 2470 2749 diu
2503 2695 2665 2750 tacito
2695 2696 2776 2750 sic
2804 2712 2896 2750 ore
2928 2696 3206 2766 profatur:

1919 2804 1943 2834 ‹‹
1979 2783 2145 2837 Serve
2183 2784 2301 2849 Dei,
2334 2784 2478 2837 bene
2506 2785 2728 2839 venisti.
2763 2793 2887 2839 tuus
2920 2785 3176 2840 introitus
3205 2802 3292 2840 me

1916 2877 2168 2944 Salvavit,
2201 2879 2294 2932 tibi
2331 2895 2453 2933 nam
2486 2879 2594 2933 vita
2610 2878 2918 2935 famulabor
2949 2881 3005 2934 in
3038 2880 3211 2946 omni,

1917 2971 2149 3042 Spiritus
2180 2972 2344 3027 hosce
2365 2988 2519 3027 meos
2540 2980 2803 3048 vegetans
2825 2975 2952 3029 dum
2984 2975 3184 3029 rexerit
3211 2981 3388 3042 artus;
3438 2999 3461 3021 »

1868 3107 1885 3122 η
1922 3065 2049 3118 Cum
2082 3070 2206 3118 voto
2247 3081 2478 3135 surgens
2509 3066 2745 3120 loculum
2780 3067 2944 3121 simul
2977 3074 3141 3139 atque
3173 3068 3467 3138 prehendit

1878 3151 1888 3167 '
1920 3153 2215 3206 Alleviatur
2243 3169 2402 3218 onus,
2435 3154 2619 3208 subito
2655 3156 2925 3225 portabile
2959 3156 3181 3222 factum,

1923 3241 2343 3311 Laudantesque
2364 3242 2532 3295 Deum
2562 3251 2779 3316 gestant
2808 3245 2926 3298 sine
2950 3246 3196 3315 pondere
3230 3247 3467 3317 pondus.

1925 3331 2033 3384 Nec
2058 3329 2286 3383 dubium
2313 3331 2461 3400 quod
2484 3330 2551 3383 ad
2586 3331 2640 3383 id
2673 3333 2937 3387 Dominus
2958 3334 3257 3388 servaverit
3284 3334 3469 3400 istum,

1925 3425 2061 3477 Dum
2094 3422 2293 3478 multos
2323 3421 2446 3475 aliis
2467 3432 2521 3476 et
2545 3423 2657 3491 jam
2690 3425 3013 3499 regionibus
3038 3434 3190 3482 actos

1927 3513 2029 3567 Per
2051 3514 2222 3568 sancti
2257 3514 2534 3569 Simeonis
2556 3531 2719 3586 opem
2748 3526 3034 3572 curaverat
3058 3536 3257 3593 aegros,

1928 3606 2168 3663 Mortuus
2193 3612 2251 3659 ut
2279 3606 2404 3659 vitae
2443 3605 2647 3660 viventi
2679 3608 2809 3661 dum
2840 3609 2995 3664 daret
3025 3627 3157 3665 usus

1931 3695 2051 3765 ipse
2078 3693 2406 3764 probaretur
2436 3692 2672 3748 feliciter
2702 3694 2757 3748 in
2788 3697 3016 3767 regione

1931 3784 2124 3839 Vivere
2163 3783 2411 3838 vivorum
2443 3782 2678 3854 vitisque
2708 3784 2919 3839 haerere
2948 3786 3146 3841 datori.

1933 3876 2161 3946 Jamque
2196 3874 2645 3946 propinquabant
2676 3876 2821 3942 urbi,
2856 3878 3013 3947 plebs
3043 3881 3320 3935 moenibus
3350 3897 3478 3937 ecce

1934 3966 2321 4039 Progrediens,
2354 3968 2707 4038 psalmosque
2752 3967 2923 4022 boans
2954 3970 3281 4044 hymnisque
3325 3989 3550 4043 canora,

1939 4056 2306 4127 Lampadibus
2334 4056 2647 4127 lichnisque
2678 4057 2907 4123 micans,
2949 4060 3221 4131 ramisque
3248 4062 3448 4116 decora

1938 4147 2272 4213 Palmarum,
2306 4148 2476 4201 sacris
2506 4156 2765 4219 properat
2803 4148 2920 4203 fieri
2951 4150 3111 4204 obvia
3139 4152 3420 4221 membris,

1940 4241 2113 4311 Atque
2146 4239 2533 4310 triumphantis
2555 4241 2818 4295 mundum
2844 4250 3124 4315 gestamen
3159 4247 3445 4300 honestum

1940 4329 2063 4384 Urbi
2084 4328 2284 4383 inferre
2315 4343 2448 4394 suae,
2485 4329 2679 4400 pOpuli
2709 4330 2991 4385 munimen
3017 4338 3069 4386 et
3090 4332 3252 4401 arcis,

1937 4418 2125 4487 Majori
2168 4417 2415 4473 ecclesiae
2445 4419 2719 4489 extemplo
2751 4420 2838 4489 pia
2867 4436 3097 4475 munera
3127 4422 3341 4477 dantes.

1856 4492 1906 4558 Ι)
1940 4511 2133 4566 Pandit
2161 4510 2365 4565 abhinc
2393 4510 2656 4565 Dominus
2672 4526 2909 4582 quonam
2939 4512 3043 4565 sibi
3067 4514 3229 4567 chara
3252 4515 3478 4569 recondi

1937 4602 2069 4657 Ossa
2098 4603 2231 4658 velit
2257 4603 2460 4674 potius,
2485 4603 2810 4675 jussamque
2839 4605 3117 4659 vehuntur
3148 4605 3203 4660 in
3231 4607 3408 4661 aulam
3432 4625 3445 4673 ;

1938 4691 2113 4763 thue
2142 4692 2319 4764 palam
2351 4691 2514 4746 faciat
2535 4693 2748 4748 cunctis
2776 4692 2828 4746 id
2862 4694 3091 4748 numine
3122 4695 3247 4751 divo

1938 4783 2164 4838 Prorsus
2196 4784 2281 4855 agi
2314 4785 2461 4839 clara
2492 4786 2712 4857 superis
2751 4785 2990 4841 demittit
3021 4787 3088 4841 ab
3119 4788 3277 4841 astris

1940 4874 2234 4929 Nobilitate
2264 4875 2464 4944 virum,
2496 4877 2650 4949 virga
2679 4877 2771 4948 qui
2805 4878 3043 4952 fulgidus
3061 4879 3199 4944 auri,

1941 4963 2278 5035 Splendidus
2307 4972 2557 5035 aspectu,
2592 4968 2849 5021 candenti
2878 4973 3054 5022 tectus
3080 4968 3280 5022 amictu

1941 5056 2178 5112 Sedulus
2207 5055 2465 5112 insistens
2497 5060 2674 5129 Operi,
2708 5061 2836 5114 dum
2877 5062 3111 5116 claustra
3141 5061 3377 5133 sepulcri

1947 5143 2290 5200 Communita
2321 5145 2523 5209 sident,
2555 5148 2776 5211 mansit,
2810 5165 2935 5203 mox
2967 5150 3093 5204 inde
3126 5150 3413 5217 recedens,

1946 5233 2193 5303 Amplius
2216 5234 2304 5287 hic
2330 5234 2477 5287 visus
2508 5250 2610 5289 nec
2638 5244 2778 5305 post,
2815 5254 2914 5291 nec
2946 5240 3125 5307 paruit
3148 5246 3274 5293 ante

1944 5328 2097 5384 Unde
2128 5329 2288 5383 datur
2311 5336 2505 5383 notum
2537 5329 2657 5383 caali
2686 5331 2905 5386 venisse
2936 5334 3216 5388 colonum.

1948 5419 2089 5476 Vatis
2115 5421 2318 5475 abhinc
2348 5420 2557 5475 tumulo
2588 5427 2694 5473 tam
2729 5421 2867 5475 mira
2900 5431 3111 5492 patrata
3134 5426 3401 5496 feruntur,

1945 5515 2060 5578 Quo
2096 5530 2204 5569 non
2246 5512 2402 5584 plura
2442 5512 2595 5582 prius
2621 5512 2811 5567 vivens
2842 5513 3035 5568 fecisse
3067 5524 3308 5584 putetur,

1947 5603 2161 5659 Arduus
2190 5601 2417 5657 excelsa?
2448 5601 2575 5656 dum
2611 5600 2853 5673 perstitit
2879 5615 3002 5655 arce
3034 5604 3328 5678 columnae,
