3970 6200
470 317 574 372 583
1189 319 1555 380 FLODOARDI
1599 320 1903 376 CANONICI
1945 321 2276 378 REMENSIS
2316 323 2650 392 OPUSVCULA
2691 324 2999 379 METRICA.
3702 327 3801 380 584

475 440 539 494 Ut
570 441 804 496 Domino
837 441 1062 509 junctus
1093 450 1348 498 noscatur
1378 444 1432 497 in
1463 446 1668 500 althere
1698 463 1913 502 summo
2194 451 2443 505 Cernitur
2471 451 2523 504 in
2547 451 2732 516 terris;
2756 452 2920 505 vitam
2951 466 3054 504 nec
3083 458 3258 505 morte
3287 459 3662 520 peremptam,

474 534 664 589 Vivere
697 536 958 590 nobiliter
989 537 1154 591 tantis
1184 538 1277 609 qui
1309 539 1493 594 vivere
1515 541 1692 614 signis
2196 541 2252 594 In
2282 539 2479 593 melius
2508 540 2604 594 sed
2633 539 2683 594 ci
2708 538 2918 594 cmlesti
2946 538 3081 592 sede
3113 537 3360 592 relatam.

1973 677 2180 731 CAPUT
2223 677 2305 730 IX.

1514 779 1592 836 De
1621 780 1847 837 sanctis
1890 778 2074 838 Vitate
2102 795 2170 834 ac
2211 777 2436 836 Μειειὶο
2470 777 2779 853 episcopis.

474 891 664 946 Vitatis
694 893 873 947 tritam
899 901 1114 964 reparat
1144 909 1468 964 versamque
1492 894 1739 964 tyrannis
2115 897 2167 963 Α
2197 892 2417 946 Desinat
2449 908 2570 946 esse
2612 893 2775 961 lupus
2802 890 3060 962 mitisque
3087 895 3351 960 appareat
3381 904 3584 960 agnus,

474 981 644 1053 Erigit
685 981 1002 1048 Ecclesiam,
1045 981 1508 1052 decessorumque
1539 981 1842 1055 benignum
2195 983 2370 1053 Atque
2398 997 2595 1054 greges
2623 982 2778 1051 parili
2808 997 2994 1035 secum
3026 980 3294 1033 tutamine
3323 985 3544 1047 pascat:

473 1069 702 1139 Supplet
732 1085 891 1140 Opus.
927 1069 1151 1139 prOprio
1183 1069 1468 1121 cumulans
1510 1068 1723 1122 fervore
1764 1069 2021 1122 decorem
2197 1073 2394 1126 Sedem
2427 1085 2608 1124 sermo
2632 1069 2724 1124 Dei
2759 1078 2964 1133 teneat,
2997 1069 3303 1136 jungantur
3333 1075 3568 1136 utraque

473 1158 758 1230 Licinique
801 1159 950 1229 pium
976 1158 1164 1228 pandit
1182 1158 1284 1211 sub
1318 1165 1568 1228 tempora
1599 1157 1802 1212 zelum.
2196 1164 2351 1218 Parte
2379 1164 2568 1226 duces,
2606 1179 2716 1216 uno
2742 1163 2922 1229 jaceat
2948 1177 3079 1232 grex
3099 1159 3280 1215 omnis
3319 1158 3487 1211 ovili:

475 1250 690 1304 Intonat
722 1250 812 1304 hic
840 1249 1192 1320 purisdivina
1223 1247 1472 1302 Meletius
1502 1248 1667 1314 orsis,
2196 1253 2353 1306 Solus
2379 1252 2471 1322 qui
2513 1257 2735 1321 superet
2761 1250 3045 1324 generalia
3071 1248 3320 1323 regmina
3358 1254 3574 1301 tractet.

474 1345 739 1395 Armenas
761 1327 1050 1413 postquam
1092 1331 1302 1395 sacrato
1335 1341 1591 1407 dogmate
1631 1347 1825 1414 gentes
2199 1346 2422 1400 Fredera
2454 1345 2550 1399 sed
2577 1343 2726 1414 pacis
2753 1342 2997 1397 crudelis
3027 1341 3214 1395 bellua
3249 1340 3456 1398 nescit:

479 1430 703 1496 Imbuit,
737 1430 1018 1484 obstructo
1049 1429 1294 1483 cohiberi
1321 1445 1423 1482 nec
1453 1429 1598 1484 valet
1627 1445 1722 1483 ore
2196 1437 2399 1491 Pastori
2440 1451 2570 1509 ergo
2605 1435 2694 1505 pio
2725 1434 3004 1490 caularum
3027 1433 3154 1501 jura
3185 1433 3466 1497 feruntur;

477 1521 713 1576 Eminus
745 1522 1016 1575 irradians
1049 1521 1236 1592 digitis
1266 1521 1400 1592 quin
1432 1521 1624 1576 cmlica
1654 1521 1868 1592 pangit:
2197 1525 2402 1580 Crescit
2444 1525 2619 1578 honor
2651 1523 2787 1586 miti,
2824 1538 2924 1593 pro
2953 1523 3096 1576 votis
3119 1536 3284 1594 regna
3317 1528 3588 1592 reguntur

473 1613 686 1669 Gaudet
708 1622 763 1669 ct
786 1614 1045 1684 expulsus
1076 1613 1192 1667 veri
1231 1630 1450 1668 servare
1492 1612 1760 1666 libramcn
1793 1630 1806 1676 ;
2197 1613 2465 1680 Pacilicis,
2496 1618 2709 1682 sceptra
2749 1610 2966 1682 imperii
2997 1610 3196 1666 virtute
3230 1609 3534 1680 probantur

474 1707 533 1760 Et
567 1723 820 1761 remeans
850 1723 1038 1760 secum
1073 1706 1256 1760 socios
1274 1706 1562 1776 conjungil
1602 1712 1655 1759 ct
1685 1715 1878 1767 armat.
2200 1711 2491 1767 Pontifices
2517 1711 2683 1783 digno
2717 1709 2997 1780 prtecelsis
3028 1708 3268 1764 fascibus
3299 1709 3425 1763 addi

474 1795 704 1865 lnsuper
732 1794 996 1865 acquirit;
1029 1794 1207 1864 spolio
1239 1809 1462 1864 quoque
1503 1802 1697 1848 mmret
1725 1794 1916 1864 Apollo

1906 1810 1916 1846 ι
2200 1802 2506 1858 Barbaricis
2534 1800 2847 1855 Theodosio
2877 1807 3180 1869 superante
3220 1798 3474 1862 catervis,

474 1888 630 1943 Prole
661 1888 986 1951 sacerdotis,
1016 1888 1216 1942 mulier
1239 1889 1438 1943 devota
1465 1888 1613 1959 quod
1655 1887 1814 1943 offert
2201 1895 2419 1949 Devotis
2448 1909 2681 1964 seseque
2712 1907 2877 1944 manu
2919 1897 3183 1944 cernente
3213 1889 3360 1943 beati

475 1981 613 2036 Patri
647 1982 912 2048 salvifico,
957 1989 1172 2052 raptum
1208 1999 1238 2035 a
1277 1983 1526 2056 genitore
1555 1982 1804 2054 profano.
2196 1982 2445 2038 Cultibus
2473 1980 2680 2040 ornari,
2713 1979 2980 2053 regnique
3009 1978 3199 2032 subire
3228 1978 3514 2043 decorem,

470 2073 623 2128 Unde
654 2089 851 2128 manus
881 2083 1044 2144 atque
1073 2089 1181 2127 aere
1210 2074 1381 2143 pedes
1402 2081 1456 2128 et
1478 2075 1643 2129 dorsa
1673 2073 1994 2139 subustum,
2197 2077 2444 2130 Visorum
2480 2072 2773 2129 conﬁrmat
2794 2087 2955 2142 Opus,
2984 2070 3320 2125 documento
3348 2078 3620 2124 secutum.

470 2163 595 2218 Post
628 2164 796 2234 patris
825 2164 1034 2218 attritos
1061 2164 1265 2218 celebri
1296 2165 1598 2219 certamine
1627 2164 1805 2230 divos,
2194 2169 2308 2232 Quo
2341 2165 2639 2237 splendore
2669 2164 2859 2218 nitens
2896 2163 2986 2217 ubi
3012 2162 3267 2232 primitus
3295 2177 3390 2217 ora
3413 2170 3630 2232 patroni

475 2253 585 2306 Rex
616 2253 740 2323 pius
762 2253 968 2318 educit,
995 2253 1355 2324 claustrisque
1383 2253 1633 2324 serisque
1663 2253 1916 2315 reclusis,
2128 2255 2177 2322 Β
2200 2257 2300 2310 Ore
2325 2255 2456 2327 legit
2487 2255 2772 2326 princeps,
2804 2269 2834 2307 c
2867 2252 3118 2323 pluribus
3148 2251 3351 2322 excipit
3380 2267 3576 2316 unum,

473 2341 531 2394 Et
561 2349 751 2395 sancto
784 2341 1037 2396 redhibet
1065 2348 1381 2396 revocatum
1416 2349 1587 2395 matre
1617 2340 1830 2411 parenti
2201 2349 2520 2421 Agnoscens
2548 2346 2699 2400 nullo
2724 2345 3018 2416 prodente,
3045 2343 3318 2414 petitque,
3353 2343 3682 2414 probatque,

474 2427 749 2482 Curatricc
779 2428 977 2482 animae
1005 2427 1216 2482 celatus
1247 2428 1455 2482 honore
1489 2426 1710 2498 puclla).

2249 2449 2376 2510 tque
2409 2445 2618 2509 patrem
2660 2436 2904 2502 soboles,
2937 2435 3308 2507 amplectitur,
3342 2435 3536 2501 ambit,
3570 2435 3810 2498 honorat,

473 2520 607 2573 Inde
638 2519 980 2574 Palmstinam
1013 2520 1257 2590 rapidus,
1283 2519 1579 2574 comitante
1613 2519 1817 2590 Cyrillo
2197 2527 2392 2583 Oscula
2414 2527 2506 2581 dat
2532 2525 2714 2589 labiis,
2745 2525 2955 2590 oculis;
2981 2533 3287 2597 pectusque
3307 2531 3607 2595 caputque,

474 2611 686 2682 Quique
727 2612 818 2682 pio
849 2620 969 2683 post
990 2612 1109 2665 haec
1139 2611 1444 2683 genitorem
1475 2611 1723 2683 germine
1755 2609 1950 2683 gignit,

2202 2623 2430 2690 Insuper
2463 2629 2519 2673 et
2557 2619 2824 2682 dextram,
2857 2634 2963 2689 qua
2989 2633 3048 2672 se
3079 2617 3381 2686 sumpsisse
3414 2632 3670 2671 coronam

475 2703 681 2759 Przesul
714 2705 1049 2776 apostolicus
1079 2703 1350 2775 synodum
1374 2704 1586 2757 diversa
1617 2710 1857 2758 secutam
2199 2711 2278 2766 Fit
2307 2726 2536 2773 memor,
2571 2725 2664 2765 ore
2695 2709 2825 2764 colit
2852 2717 3131 2782 retegens,
3160 2717 3458 2778 conspecta
3491 2707 3708 2761 retexit:

475 2800 596 2854 Veri
626 2799 748 2854 luce
780 2806 992 2873 gregat,
1026 2798 1288 2853 concordi
1321 2814 1454 2868 pace
1495 2804 1737 2863 serenat,
2199 2801 2440 2872 Cumque
2468 2799 2590 2870 ipso
2624 2798 2751 2853 ﬁdei
2781 2814 3031 2854 normam
3077 2795 3442 2866 Patribusquc
3473 2801 3744 2858 retractat,

472 2891 830 2962 lnsinuatque
863 2891 950 2944 Dei
987 2907 1150 2962 quam
1167 2891 1239 2945 sit
1267 2890 1571 2944 substantia
1601 2890 1854 2960 simplex,
2202 2893 2462 2964 Huncque
2510 2891 2695 2945 Patres
2735 2889 3040 2954 celebrant,
3091 2888 3376 2961 dignoque
3423 2886 3602 2940 nitore
3649 2902 3812 2939 venu-

475 2981 620 3036 Dans
648 2997 843 3051 purum
872 2980 999 3034 fidei
1029 2981 1257 3036 Joviano
1289 2981 1488 3056 dogma
1520 2980 1771 3050 probari;
3557 2975 3738 3046 [stanL

469 3071 732 3126 Dividuas
760 3070 978 3146 fugiens
1008 3071 1152 3138 lites,
1194 3087 1384 3142 pacem
1411 3070 1672 3126 omnibus
1703 3068 1888 3139 offert,
2200 3073 2309 3128 Nec
2339 3071 2562 3146 longum
2595 3074 2720 3140 post
2750 3066 3012 3121 emeritus
3044 3065 3182 3136 petit
3209 3065 3416 3120 aethera
3445 3065 3643 3135 praesul

472 3162 880 3233 Raptorcmque
913 3162 1100 3233 lupum
1134 3176 1290 3216 sacra
1322 3160 1375 3214 in
1411 3160 1687 3216 consortia
1724 3159 1934 3232 poscitt
2201 3161 2590 3231 Nobiliumque
2622 3157 2763 3211 nitet
2792 3170 3105 3226 praeconum
3138 3153 3302 3209 laude
3330 3154 3606 3225 sepultus.

472 3260 721 3314 Errorem
750 3257 996 3327 abjiciat,
1030 3257 1221 3312 feralia
1243 3256 1476 3311 crimina
1510 3261 1701 3326 ponat,
2200 3248 2447 3321 Martyris
2473 3255 2528 3303 et
2557 3247 2729 3301 thecae
2763 3245 3090 3312 conjunctus
3121 3245 3331 3299 honore
3369 3243 3600 3313 Babylar.

1980 3389 2187 3444 CAPUT
2238 3385 2299 3442 Χ.

1276 3495 1353 3554 De
1379 3502 1585 3555 sancto
1616 3491 1910 3553 Flaviano
1941 3500 1993 3551 ct
2024 3495 2234 3552 amicas
2265 3506 2336 3550 ac
2361 3488 2796 3548 successoribus
2823 3485 2972 3562 ejus.

476 3613 601 3670 Eois
629 3610 903 3679 Patribus,
929 3617 1242 3683 cunctoque
1265 3611 1485 3665 favente
1517 3616 1734 3674 senatu,
2116 3613 2164 3678 (ἶ
2193 3607 2526 3660 Praesentem
2557 3602 2710 3658 dolet
2748 3600 2964 3656 excelsa
3003 3617 3064 3656 se
3105 3599 3227 3656 luce
3258 3607 3603 3672 prementem

477 3706 715 3778 Erigitur
742 3705 952 3759 meritae
985 3704 1268 3758 Flavianus
1295 3703 1503 3759 honore
1533 3702 1808 3758 cathedrae
2193 3700 2309 3755 Oris
2334 3708 2389 3755 et
2416 3699 2482 3753 ad
2509 3698 2765 3753 columen
2796 3696 3070 3771 magnalia
3098 3695 3237 3749 mira
3265 3699 3559 3751 terentem.

468 3800 642 3871 Atque
663 3797 805 3852 Petri
835 3796 1066 3867 primam
1089 3794 1314 3851 sortitur
1344 3795 1593 3866 regmine
1623 3793 1837 3859 sedem,
2193 3791 2284 3846 His
2317 3792 2402 3845 vir
2433 3789 2729 3862 praecipuis
2761 3787 2918 3844 factis
2947 3795 3000 3842 et
3039 3787 3258 3860 origine
3289 3787 3492 3852 celsus,

473 3890 636 3960 Cujus
661 3889 774 3959 jam
807 3888 1019 3960 pridem
1052 3887 1372 3942 moderatur
1395 3884 1573 3940 navita
1605 3883 1856 3954 cymbam
2190 3883 2430 3938 Necdum
2469 3881 2601 3936 sede
2629 3879 2842 3947 fruens,
2869 3878 3157 3934 Flavianus
3177 3878 3345 3933 fultus
3372 3879 3563 3933 amicis

469 3984 619 4037 Inter
650 3987 702 4036 et
726 3981 985 4034 adversas
1008 3978 1217 4032 mundo
1240 3976 1483 4032 fervente
1512 3976 1802 4048 procellas.
2189 3974 2338 4028 Bella
2368 3974 2514 4045 lupis
2545 3973 2734 4038 obicit,
2768 3972 3003 4043 pastoris
3033 3971 3233 4027 robore
3265 3971 3432 4046 digna

468 4071 742 4136 Consiliis,
786 4072 977 4127 rabido
1002 4071 1304 4142 prohibens
1330 4071 1470 4125 hanc
1497 4085 1716 4142 aequore
1748 4068 1944 4142 mergi,
2189 4070 2390 4137 Exerit,
2419 4068 2660 4125 ostensis
2690 4067 2938 4123 defendit
2967 4067 3132 4122 ovilia
3159 4067 3332 4121 belvis

467 4165 748 4231 Comebat,
781 4163 1011 4234 placidis
1039 4162 1290 4218 servabat
1322 4162 1546 4218 turbine
1579 4163 1767 4221 remis.
2186 4157 2314 4211 Tela
2336 4157 2502 4222 acuit,
2533 4157 2822 4227 pharetras
2855 4162 2914 4210 et
2943 4153 3357 4230 propugnacula
3385 4154 3594 4220 condit,

464 4253 866 4325 Dispositisque
898 4252 1105 4307 docens
1135 4251 1338 4325 Regem
1373 4251 1598 4307 laudare
1622 4251 1838 4306 choreis
2189 4247 2443 4302 Hostibus
2470 4246 2708 4312 obsistit,
2739 4245 3005 4320 gregibus
3027 4245 3340 4300 munimina
3367 4245 3555 4310 sufﬁt;

463 4345 718 4400 Davidica
743 4343 899 4398 dedit
929 4342 1221 4398 Ecclesiam
1253 4343 1481 4397 reboare
1512 4356 1742 4395 camena
2189 4335 2462 4389 Bellantes
2484 4340 2714 4402 recreat,
2746 4333 2908 4390 bellis
2939 4335 3191 4392 consulta
3221 4335 3522 4390 ministrat:

463 4433 808 4504 [Eternisque
825 4431 1009 4486 choris
1038 4430 1227 4486 divina
1257 4437 1507 4501 poemata
1538 4429 1724 4504 pangi.
2186 4429 2352 4483 Arcus
2378 4425 2610 4492 emunit,
2644 4426 2913 4481 radiantia
2958 4427 3168 4497 spicula
3195 4427 3395 4491 mittit;

464 4525 719 4581 Excubiis
750 4525 961 4579 instans
981 4523 1116 4595 Agni
1147 4539 1332 4579 secum
1373 4522 1593 4598 agmina
1631 4521 1780 4596 cogit
2188 4522 2423 4577 Insidias
2457 4521 2688 4596 frangit,
2727 4521 3004 4592 captantia
3036 4522 3172 4577 retia
3195 4523 3418 4592 rumpit,

465 4617 731 4672 Concordi
770 4615 1058 4672 Dominum
1080 4616 1315 4687 laetaque
1345 4613 1601 4670 canentia
1631 4613 1830 4679 laude;
2184 4614 2566 4685 Fallentesquc
2598 4613 2742 4668 feras
2771 4614 2975 4688 agnina
3005 4614 3149 4685 pelle
3172 4614 3423 4681 recludit,

465 4706 752 4761 Horrorem
795 4704 1071 4759 incutiens
1093 4703 1294 4774 pravis,
1324 4702 1418 4757 dat
1440 4701 1640 4774 gaudia
1665 4701 1864 4769 justis:
2185 4703 2577 4775 Depromitque
2608 4702 2788 4774 lupos,
2813 4703 3061 4758 discussa
3091 4701 3305 4768 fraude,
3347 4704 3609 4769 latentes,

462 4795 572 4851 Nec
594 4803 823 4861 terrore,
854 4809 956 4850 nec
985 4790 1202 4846 insidiis
1222 4790 1312 4862 pia
1343 4790 1600 4863 dogmata
1619 4789 1901 4860 linquens,
2183 4791 2515 4863 Tutaturque
2543 4807 2762 4866 greges,
2794 4799 2849 4847 et
2877 4791 3139 4846 dentibus
3167 4791 3360 4846 eximit
3381 4791 3539 4859 atris,

464 4882 712 4939 Culmine
753 4898 858 4937 nec
897 4888 1090 4953 captus
1121 4885 1370 4934 tentusve
1390 4877 1457 4932 ad
1489 4877 1606 4932 dira
1632 4884 1881 4942 coactus;
2102 4927 2157 4953 η
2185 4879 2500 4951 Solertique
2522 4878 2657 4934 vafri
2685 4879 2892 4934 dirimit
2925 4880 3170 4934 labentia
3201 4879 3377 4934 morbi

467 4927 712 4939 -.........c
755 4927 858 4937 ..νυ
900 4927 1089 4953 νηνη-
1124 4927 1366 4934 ---η--.-
1392 4927 1457 4932 η
1494 4927 1606 4932 μ---
1637 4927 1881 4942 ---ηνη
2186 4927 2498 4951 -.---.-..,_-
2534 4927 2657 4934 ._---
2928 4927 3170 4934 -_--------

465 4971 751 5044 Expugnat
772 4984 1002 5035 nocuos,
1030 4965 1248 5022 asciscit
1273 4981 1449 5041 agone
1471 4964 1720 5032 sodales;
2100 4927 2158 4994 D
2184 4967 2448 5033 Consilio,
2483 4967 2790 5041 retegitque
2827 4967 2985 5023 dolos
3011 4975 3067 5022 ct
3093 4967 3239 5023 mele
3267 4983 3545 5022 venenum

459 5063 780 5128 Diodorum,
814 5060 1010 5116 Cilices
1039 5074 1148 5132 quo
1189 5065 1316 5129 post
1346 5065 1558 5113 rectore
1580 5058 1864 5125 coluntur;
2183 5058 2361 5120 Elicit.
2395 5059 2609 5114 occulte
2648 5074 2854 5132 cogens
2884 5074 3108 5114 vomere
3149 5059 3335 5114 abdita
3365 5060 3556 5131 pestis,

460 5150 714 5208 Acacium
749 5157 870 5222 post
899 5149 1031 5205 hinc
1061 5147 1233 5203 Beriaa
1271 5147 1472 5204 virtute
1501 5147 1764 5203 nitentem
1790 5165 1804 5214 ;
2180 5151 2317 5206 Dum
2345 5165 2478 5204 sene
2504 5149 2763 5204 mulctato
2793 5149 2979 5205 educit
3015 5148 3344 5220 pudibunda
3383 5147 3622 5213 veterni,

460 5240 780 5312 Aphratem,
813 5239 937 5293 diva
957 5237 1232 5293 seniorem
1274 5237 1396 5292 luce
1420 5241 1721 5304 cluentem,
2180 5233 2513 5313 Deprensam
2545 5241 2832 5296 excutiens
2880 5241 3113 5306 saniem,
3161 5241 3346 5296 studet
3375 5248 3490 5295 arte
3546 5237 3806 5294 medendi

459 5329 561 5394 Qui
594 5328 708 5382 veri
737 5327 907 5382 radiis
936 5326 1062 5384 ferit
1093 5325 1346 5398 improba
1375 5334 1589 5396 sceptra
1620 5332 1902 5402 gerentem
2185 5331 2508 5403 Corruptum
2546 5346 2804 5401 reparare
2845 5346 3038 5402 pecus,
3070 5329 3280 5402 polluta
3311 5329 3484 5401 piare,

458 5419 732 5477 Thermali
761 5418 996 5494 rigidum
1028 5417 1278 5490 plectens
1298 5417 1512 5474 fervore
1535 5418 1867 5486 ministrum,
2183 5420 2369 5475 Fracta
2396 5419 2587 5493 ligare,
2628 5418 2730 5473 viae
2761 5419 2992 5474 seducta
3023 5418 3288 5474 reducere
3320 5425 3520 5484 rectae;

459 5512 694 5579 Insuper
717 5509 926 5565 accitur
962 5510 1214 5564 Julianus
1243 5509 1483 5565 culmine
1512 5526 1766 5586 magnus,
2187 5513 2391 5588 Cogere
2422 5512 2702 5583 dispersos
2725 5512 3036 5584 Christique
3069 5511 3350 5566 remittere
3369 5509 3560 5574 caulis,

458 5600 729 5654 Virtutum
762 5600 1000 5671 fideique
1032 5598 1244 5654 micans
1271 5599 1485 5674 fulgore
1501 5600 1759 5667 decorus,
2185 5602 2455 5675 Colligere
2484 5613 2754 5669 errantes,
2784 5602 2995 5674 unique
3027 5600 3338 5671 rependere
3367 5599 3517 5655 ovili.

463 5689 761 5740 Absentem
814 5705 978 5757 quem
1004 5697 1156 5744 torva
1186 5705 1384 5744 manus
1422 5690 1528 5744 sibi
1569 5691 1832 5762 plaudere
1867 5691 2085 5760 jactans
2187 5692 2242 5747 Si
2263 5693 2394 5764 quid
2419 5688 2531 5750 fors
2559 5693 2782 5765 patitur,
2815 5709 2946 5749 cura
2966 5693 3304 5748 accelerante
3335 5690 3569 5758 levatur,
