  <div class='ocr_page' id='page_1' title='image "/cluster/home/n/w/nwhite01/storage/ocr_20150623/134-135/uva.x000829784/876.png"; bbox 0 0 3970 6200; ppageno 0'>
   <div class='ocr_carea' id='block_1_1' title="bbox 237 347 346 400">
    <p class='ocr_par' dir='ltr' id='par_1_1' title="bbox 237 347 346 400">
     <span class='ocr_line' id='line_1_1' title="bbox 237 347 346 400; baseline 0 0"><span class='ocrx_word' id='word_1_1' title='bbox 237 347 346 400; x_wconf 81' lang='grc'><strong>585</strong></span> 
     </span>
    </p>
   </div>
   <div class='ocr_carea' id='block_1_2' title="bbox 238 477 1606 552">
    <p class='ocr_par' dir='ltr' id='par_1_2' title="bbox 238 477 1606 552">
     <span class='ocr_line' id='line_1_2' title="bbox 238 477 1606 552; baseline 0 -20"><span class='ocrx_word' id='word_1_2' title='bbox 238 478 488 548; x_wconf 91' lang='lat' dir='ltr'><strong>Pacequc</strong></span> <span class='ocrx_word' id='word_1_3' title='bbox 516 477 750 548; x_wconf 79' lang='lat' dir='ltr'><strong>pastoris</strong></span> <span class='ocrx_word' id='word_1_4' title='bbox 771 477 979 552; x_wconf 77' lang='lat' dir='ltr'><strong>tegitur</strong></span> <span class='ocrx_word' id='word_1_5' title='bbox 1006 492 1175 547; x_wconf 91' lang='lat' dir='ltr'><strong>pecus</strong></span> <span class='ocrx_word' id='word_1_6' title='bbox 1204 492 1369 532; x_wconf 93' lang='lat' dir='ltr'><strong>omne</strong></span> <span class='ocrx_word' id='word_1_7' title='bbox 1402 478 1606 549; x_wconf 89' lang='lat' dir='ltr'><strong>quiete.</strong></span> 
     </span>
    </p>
   </div>
   <div class='ocr_carea' id='block_1_3' title="bbox 237 570 1696 640">
    <p class='ocr_par' dir='ltr' id='par_1_3' title="bbox 237 570 1696 640">
     <span class='ocr_line' id='line_1_3' title="bbox 237 570 1696 640; baseline -0.001 -15"><span class='ocrx_word' id='word_1_8' title='bbox 237 570 480 625; x_wconf 72' lang='lat' dir='ltr'><strong>Flatibus</strong></span> <span class='ocrx_word' id='word_1_9' title='bbox 506 570 635 625; x_wconf 90' lang='lat' dir='ltr'><strong>hinc</strong></span> <span class='ocrx_word' id='word_1_10' title='bbox 665 570 865 625; x_wconf 83' lang='lat' dir='ltr'><strong>iterum</strong></span> <span class='ocrx_word' id='word_1_11' title='bbox 900 571 1092 640; x_wconf 90' lang='lat' dir='ltr'><strong>pulsus</strong></span> <span class='ocrx_word' id='word_1_12' title='bbox 1125 571 1400 640; x_wconf 78' lang='lat' dir='ltr'><strong>patienter</strong></span> <span class='ocrx_word' id='word_1_13' title='bbox 1433 572 1696 626; x_wconf 86' lang='lat' dir='ltr'><strong>honestus</strong></span> 
     </span>
    </p>
   </div>
   <div class='ocr_carea' id='block_1_4' title="bbox 237 658 1569 730">
    <p class='ocr_par' dir='ltr' id='par_1_4' title="bbox 237 658 1569 730">
     <span class='ocr_line' id='line_1_4' title="bbox 237 658 1569 730; baseline 0 -17"><span class='ocrx_word' id='word_1_14' title='bbox 237 660 484 714; x_wconf 88' lang='lat' dir='ltr'><strong>Persistit</strong></span> <span class='ocrx_word' id='word_1_15' title='bbox 514 659 733 730; x_wconf 66' lang='lat' dir='ltr'><strong>prmsul,</strong></span> <span class='ocrx_word' id='word_1_16' title='bbox 768 659 885 713; x_wconf 88' lang='lat' dir='ltr'><strong>dira</strong></span> <span class='ocrx_word' id='word_1_17' title='bbox 910 659 1098 714; x_wconf 81' lang='lat' dir='ltr'><strong>omnia</strong></span> <span class='ocrx_word' id='word_1_18' title='bbox 1131 658 1269 714; x_wconf 89' lang='lat' dir='ltr'><strong>ferre</strong></span> <span class='ocrx_word' id='word_1_19' title='bbox 1301 666 1522 729; x_wconf 87' lang='lat' dir='ltr'><strong>paratus</strong></span> <span class='ocrx_word' id='word_1_20' title='bbox 1557 678 1569 724; x_wconf 94' lang='lat'><strong>;</strong></span> 
     </span>
    </p>
   </div>
   <div class='ocr_carea' id='block_1_5' title="bbox 235 748 1712 821">
    <p class='ocr_par' dir='ltr' id='par_1_5' title="bbox 235 748 1712 821">
     <span class='ocr_line' id='line_1_5' title="bbox 235 748 1712 821; baseline -0.001 -18"><span class='ocrx_word' id='word_1_21' title='bbox 235 748 461 820; x_wconf 81' lang='lat' dir='ltr'><strong>Sceptra</strong></span> <span class='ocrx_word' id='word_1_22' title='bbox 490 756 713 804; x_wconf 91' lang='lat' dir='ltr'><strong>vocatus</strong></span> <span class='ocrx_word' id='word_1_23' title='bbox 743 749 876 810; x_wconf 89' lang='lat' dir='ltr'><strong>adit,</strong></span> <span class='ocrx_word' id='word_1_24' title='bbox 906 764 1166 803; x_wconf 81' lang='lat' dir='ltr'><strong>censores</strong></span> <span class='ocrx_word' id='word_1_25' title='bbox 1187 764 1295 803; x_wconf 92' lang='lat' dir='ltr'><strong>non</strong></span> <span class='ocrx_word' id='word_1_26' title='bbox 1332 748 1472 821; x_wconf 88' lang='lat' dir='ltr'><strong>fugit</strong></span> <span class='ocrx_word' id='word_1_27' title='bbox 1504 749 1712 813; x_wconf 91' lang='lat' dir='ltr'><strong>hostes,</strong></span> 
     </span>
    </p>
   </div>
   <div class='ocr_carea' id='block_1_6' title="bbox 233 836 1569 908">
    <p class='ocr_par' dir='ltr' id='par_1_6' title="bbox 233 836 1569 908">
     <span class='ocr_line' id='line_1_6' title="bbox 233 836 1569 908; baseline 0.001 -18"><span class='ocrx_word' id='word_1_28' title='bbox 233 836 350 891; x_wconf 87' lang='lat' dir='ltr'><strong>Non</strong></span> <span class='ocrx_word' id='word_1_29' title='bbox 383 837 736 892; x_wconf 79' lang='lat' dir='ltr'><strong>adversantes</strong></span> <span class='ocrx_word' id='word_1_30' title='bbox 764 838 1043 908; x_wconf 89' lang='lat' dir='ltr'><strong>reprobat,</strong></span> <span class='ocrx_word' id='word_1_31' title='bbox 1070 837 1307 891; x_wconf 89' lang='lat' dir='ltr'><strong>torvisve</strong></span> <span class='ocrx_word' id='word_1_32' title='bbox 1323 837 1569 902; x_wconf 87' lang='lat' dir='ltr'><strong>resultat,</strong></span> 
     </span>
    </p>
   </div>
   <div class='ocr_carea' id='block_1_7' title="bbox 231 925 1636 997">
    <p class='ocr_par' dir='ltr' id='par_1_7' title="bbox 231 925 1636 997">
     <span class='ocr_line' id='line_1_7' title="bbox 231 925 1636 997; baseline 0.001 -18"><span class='ocrx_word' id='word_1_33' title='bbox 231 925 437 981; x_wconf 85' lang='lat' dir='ltr'><strong>Cedere</strong></span> <span class='ocrx_word' id='word_1_34' title='bbox 470 927 799 997; x_wconf 88' lang='lat' dir='ltr'><strong>pollicitans,</strong></span> <span class='ocrx_word' id='word_1_35' title='bbox 828 926 1042 997; x_wconf 91' lang='lat' dir='ltr'><strong>apicem</strong></span> <span class='ocrx_word' id='word_1_36' title='bbox 1069 942 1129 980; x_wconf 91' lang='lat' dir='ltr'><strong>se</strong></span> <span class='ocrx_word' id='word_1_37' title='bbox 1154 943 1359 996; x_wconf 90' lang='lat' dir='ltr'><strong>ponere</strong></span> <span class='ocrx_word' id='word_1_38' title='bbox 1378 927 1636 996; x_wconf 84' lang='lat' dir='ltr'><strong>spondet,</strong></span> 
     </span>
    </p>
   </div>
   <div class='ocr_carea' id='block_1_8' title="bbox 231 1017 1840 1088">
    <p class='ocr_par' dir='ltr' id='par_1_8' title="bbox 231 1017 1840 1088">
     <span class='ocr_line' id='line_1_8' title="bbox 231 1017 1840 1088; baseline -0.001 -16"><span class='ocrx_word' id='word_1_39' title='bbox 231 1019 343 1072; x_wconf 88' lang='lat' dir='ltr'><strong>Nec</strong></span> <span class='ocrx_word' id='word_1_40' title='bbox 366 1035 741 1074; x_wconf 86' lang='lat' dir='ltr'><strong>successorem</strong></span> <span class='ocrx_word' id='word_1_41' title='bbox 774 1018 1095 1082; x_wconf 90' lang='lat' dir='ltr'><strong>renuit,nec</strong></span> <span class='ocrx_word' id='word_1_42' title='bbox 1121 1019 1276 1088; x_wconf 89' lang='lat' dir='ltr'><strong>plura</strong></span> <span class='ocrx_word' id='word_1_43' title='bbox 1292 1018 1532 1088; x_wconf 83' lang='lat' dir='ltr'><strong>pavescit</strong></span> <span class='ocrx_word' id='word_1_44' title='bbox 1554 1017 1840 1088; x_wconf 74' lang='lat' dir='ltr'><strong>[probatur</strong></span> 
     </span>
    </p>
   </div>
   <div class='ocr_carea' id='block_1_9' title="bbox 231 1108 1847 1184">
    <p class='ocr_par' dir='ltr' id='par_1_9' title="bbox 231 1108 1847 1184">
     <span class='ocr_line' id='line_1_9' title="bbox 231 1108 1847 1184; baseline 0.001 -22"><span class='ocrx_word' id='word_1_45' title='bbox 231 1110 487 1180; x_wconf 91' lang='lat' dir='ltr'><strong>Principe</strong></span> <span class='ocrx_word' id='word_1_46' title='bbox 521 1111 574 1164; x_wconf 92' lang='lat' dir='ltr'><strong>in</strong></span> <span class='ocrx_word' id='word_1_47' title='bbox 606 1111 742 1165; x_wconf 91' lang='lat' dir='ltr'><strong>irato</strong></span> <span class='ocrx_word' id='word_1_48' title='bbox 779 1111 892 1181; x_wconf 90' lang='lat' dir='ltr'><strong>[ms.</strong></span> <span class='ocrx_word' id='word_1_49' title='bbox 928 1112 960 1164; x_wconf 91' lang='lat'>3</span> <span class='ocrx_word' id='word_1_50' title='bbox 988 1110 1198 1180; x_wconf 82' lang='lat' dir='ltr'><strong>mirato]</strong></span> <span class='ocrx_word' id='word_1_51' title='bbox 1239 1128 1250 1163; x_wconf 93' lang='lat'>:</span> <span class='ocrx_word' id='word_1_52' title='bbox 1295 1111 1496 1184; x_wconf 88' lang='lat' dir='ltr'><strong>dignus</strong></span> <span class='ocrx_word' id='word_1_53' title='bbox 1556 1109 1686 1163; x_wconf 90' lang='lat' dir='ltr'><strong>hinc</strong></span> <span class='ocrx_word' id='word_1_54' title='bbox 1714 1108 1847 1163; x_wconf 90' lang='lat' dir='ltr'><strong>sede</strong></span> 
     </span>
    </p>
   </div>
   <div class='ocr_carea' id='block_1_10' title="bbox 231 1199 1847 1273">
    <p class='ocr_par' dir='ltr' id='par_1_10' title="bbox 231 1199 1847 1273">
     <span class='ocr_line' id='line_1_10' title="bbox 231 1199 1847 1273; baseline -0.001 -20"><span class='ocrx_word' id='word_1_55' title='bbox 231 1199 398 1268; x_wconf 88' lang='lat' dir='ltr'><strong>Cujus</strong></span> <span class='ocrx_word' id='word_1_56' title='bbox 437 1207 492 1256; x_wconf 93' lang='lat' dir='ltr'><strong>et</strong></span> <span class='ocrx_word' id='word_1_57' title='bbox 519 1202 795 1273; x_wconf 78' lang='lat' dir='ltr'><strong>Augustus</strong></span> <span class='ocrx_word' id='word_1_58' title='bbox 818 1216 1061 1266; x_wconf 86' lang='lat' dir='ltr'><strong>causam,</strong></span> <span class='ocrx_word' id='word_1_59' title='bbox 1094 1199 1304 1254; x_wconf 86' lang='lat' dir='ltr'><strong>crimen</strong></span> <span class='ocrx_word' id='word_1_60' title='bbox 1358 1213 1580 1269; x_wconf 89' lang='lat' dir='ltr'><strong>quoque</strong></span> <span class='ocrx_word' id='word_1_61' title='bbox 1629 1212 1847 1251; x_wconf 90' lang='lat' dir='ltr'><strong>sumere</strong></span> 
     </span>
    </p>
   </div>
   <div class='ocr_carea' id='block_1_11' title="bbox 233 1289 1850 1360">
    <p class='ocr_par' dir='ltr' id='par_1_11' title="bbox 233 1289 1850 1360">
     <span class='ocr_line' id='line_1_11' title="bbox 233 1289 1850 1360; baseline -0.002 -14"><span class='ocrx_word' id='word_1_62' title='bbox 233 1293 448 1346; x_wconf 90' lang='lat' dir='ltr'><strong>Dissicit</strong></span> <span class='ocrx_word' id='word_1_63' title='bbox 477 1308 692 1346; x_wconf 90' lang='lat' dir='ltr'><strong>errores</strong></span> <span class='ocrx_word' id='word_1_64' title='bbox 717 1299 772 1347; x_wconf 90' lang='lat' dir='ltr'><strong>et</strong></span> <span class='ocrx_word' id='word_1_65' title='bbox 799 1292 965 1348; x_wconf 91' lang='lat' dir='ltr'><strong>stulta</strong></span> <span class='ocrx_word' id='word_1_66' title='bbox 994 1291 1187 1346; x_wconf 91' lang='lat' dir='ltr'><strong>cavilla</strong></span> <span class='ocrx_word' id='word_1_67' title='bbox 1221 1290 1442 1346; x_wconf 87' lang='lat' dir='ltr'><strong>resolvit</strong></span> <span class='ocrx_word' id='word_1_68' title='bbox 1475 1307 1489 1354; x_wconf 90' lang='lat'><strong>;</strong></span> <span class='ocrx_word' id='word_1_69' title='bbox 1573 1289 1850 1360; x_wconf 89' lang='lat' dir='ltr'><strong>[poscens,</strong></span> 
     </span>
    </p>
   </div>
   <div class='ocr_carea' id='block_1_12' title="bbox 230 1378 1515 1446">
    <p class='ocr_par' dir='ltr' id='par_1_12' title="bbox 230 1378 1515 1446">
     <span class='ocr_line' id='line_1_12' title="bbox 230 1378 1515 1446; baseline -0.001 -13"><span class='ocrx_word' id='word_1_70' title='bbox 230 1380 424 1434; x_wconf 89' lang='lat' dir='ltr'><strong>Pacem</strong></span> <span class='ocrx_word' id='word_1_71' title='bbox 467 1381 722 1446; x_wconf 81' lang='lat' dir='ltr'><strong>restituit,</strong></span> <span class='ocrx_word' id='word_1_72' title='bbox 757 1381 970 1435; x_wconf 90' lang='lat' dir='ltr'><strong>turbata</strong></span> <span class='ocrx_word' id='word_1_73' title='bbox 1003 1380 1291 1435; x_wconf 86' lang='lat' dir='ltr'><strong>cacumina</strong></span> <span class='ocrx_word' id='word_1_74' title='bbox 1323 1378 1515 1444; x_wconf 89' lang='lat' dir='ltr'><strong>nectit,</strong></span> 
     </span>
    </p>
   </div>
   <div class='ocr_carea' id='block_1_13' title="bbox 229 1472 1617 1546">
    <p class='ocr_par' dir='ltr' id='par_1_13' title="bbox 229 1472 1617 1546">
     <span class='ocr_line' id='line_1_13' title="bbox 229 1472 1617 1546; baseline -0.002 -20"><span class='ocrx_word' id='word_1_75' title='bbox 229 1473 548 1545; x_wconf 86' lang='lat' dir='ltr'><strong>Junguntur</strong></span> <span class='ocrx_word' id='word_1_76' title='bbox 576 1473 786 1544; x_wconf 89' lang='lat' dir='ltr'><strong>populi,</strong></span> <span class='ocrx_word' id='word_1_77' title='bbox 819 1481 1023 1529; x_wconf 88' lang='lat' dir='ltr'><strong>coeunt</strong></span> <span class='ocrx_word' id='word_1_78' title='bbox 1054 1474 1107 1527; x_wconf 90' lang='lat' dir='ltr'><strong>in</strong></span> <span class='ocrx_word' id='word_1_79' title='bbox 1140 1472 1347 1528; x_wconf 89' lang='lat' dir='ltr'><strong>foedera</strong></span> <span class='ocrx_word' id='word_1_80' title='bbox 1377 1478 1576 1546; x_wconf 86' lang='lat' dir='ltr'><strong>gentes</strong></span> <span class='ocrx_word' id='word_1_81' title='bbox 1604 1487 1617 1523; x_wconf 91' lang='lat'><strong>:</strong></span> 
     </span>
    </p>
   </div>
   <div class='ocr_carea' id='block_1_14' title="bbox 234 1564 1654 1641">
    <p class='ocr_par' dir='ltr' id='par_1_14' title="bbox 234 1564 1654 1641">
     <span class='ocr_line' id='line_1_14' title="bbox 234 1564 1654 1641; baseline -0.002 -22"><span class='ocrx_word' id='word_1_82' title='bbox 234 1565 456 1636; x_wconf 86' lang='lat' dir='ltr'><strong>Illyrici,</strong></span> <span class='ocrx_word' id='word_1_83' title='bbox 489 1565 707 1641; x_wconf 63' lang='lat' dir='ltr'><strong>Egypti</strong></span> <span class='ocrx_word' id='word_1_84' title='bbox 737 1566 920 1633; x_wconf 86' lang='lat' dir='ltr'><strong>simul,</strong></span> <span class='ocrx_word' id='word_1_85' title='bbox 957 1566 1104 1633; x_wconf 83' lang='lat' dir='ltr'><strong>Asia,</strong></span> <span class='ocrx_word' id='word_1_86' title='bbox 1146 1565 1392 1631; x_wconf 89' lang='lat' dir='ltr'><strong>Thracia,</strong></span> <span class='ocrx_word' id='word_1_87' title='bbox 1426 1564 1654 1628; x_wconf 87' lang='lat' dir='ltr'><strong>Pontus,</strong></span> 
     </span>
    </p>
   </div>
   <div class='ocr_carea' id='block_1_15' title="bbox 231 1657 1602 1728">
    <p class='ocr_par' dir='ltr' id='par_1_15' title="bbox 231 1657 1602 1728">
     <span class='ocr_line' id='line_1_15' title="bbox 231 1657 1602 1728; baseline -0.002 -17"><span class='ocrx_word' id='word_1_88' title='bbox 231 1657 620 1728; x_wconf 83' lang='lat' dir='ltr'><strong>Hesperiaeque</strong></span> <span class='ocrx_word' id='word_1_89' title='bbox 645 1658 964 1712; x_wconf 89' lang='lat' dir='ltr'><strong>sacerdotes</strong></span> <span class='ocrx_word' id='word_1_90' title='bbox 996 1657 1084 1727; x_wconf 91' lang='lat' dir='ltr'><strong>pia</strong></span> <span class='ocrx_word' id='word_1_91' title='bbox 1104 1664 1260 1727; x_wconf 91' lang='lat' dir='ltr'><strong>pacta</strong></span> <span class='ocrx_word' id='word_1_92' title='bbox 1286 1664 1602 1726; x_wconf 86' lang='lat' dir='ltr'><strong>capessunt.</strong></span> 
     </span>
    </p>
   </div>
   <div class='ocr_carea' id='block_1_16' title="bbox 226 1747 1491 1820">
    <p class='ocr_par' dir='ltr' id='par_1_16' title="bbox 226 1747 1491 1820">
     <span class='ocr_line' id='line_1_16' title="bbox 226 1747 1491 1820; baseline 0 -19"><span class='ocrx_word' id='word_1_93' title='bbox 226 1749 434 1804; x_wconf 65' lang='lat' dir='ltr'><strong>Praesul</strong></span> <span class='ocrx_word' id='word_1_94' title='bbox 467 1759 522 1805; x_wconf 89' lang='lat' dir='ltr'><strong>et</strong></span> <span class='ocrx_word' id='word_1_95' title='bbox 551 1749 820 1804; x_wconf 85' lang='lat' dir='ltr'><strong>emeritus</strong></span> <span class='ocrx_word' id='word_1_96' title='bbox 849 1748 975 1804; x_wconf 68' lang='grc' dir='ltr'><strong>οωιί</strong></span> <span class='ocrx_word' id='word_1_97' title='bbox 1009 1747 1227 1820; x_wconf 89' lang='lat' dir='ltr'><strong>fastigia</strong></span> <span class='ocrx_word' id='word_1_98' title='bbox 1255 1747 1491 1802; x_wconf 89' lang='lat' dir='ltr'><strong>scandit.</strong></span> 
     </span>
    </p>
   </div>
   <div class='ocr_carea' id='block_1_17' title="bbox 776 347 3032 415">
    <p class='ocr_par' dir='ltr' id='par_1_17' title="bbox 776 347 3032 415">
     <span class='ocr_line' id='line_1_17' title="bbox 776 347 3032 415; baseline 0.005 -12"><span class='ocrx_word' id='word_1_99' title='bbox 776 349 858 403; x_wconf 88' lang='lat' dir='ltr'><strong>DE</strong></span> <span class='ocrx_word' id='word_1_100' title='bbox 897 347 1259 403; x_wconf 84' lang='lat' dir='ltr'><strong>TRIUMPHIS</strong></span> <span class='ocrx_word' id='word_1_101' title='bbox 1299 348 1557 405; x_wconf 80' lang='lat' dir='ltr'><strong>CHRISTI</strong></span> <span class='ocrx_word' id='word_1_102' title='bbox 1599 348 1971 406; x_wconf 72' lang='lat' dir='ltr'><strong>ANTIOCIII/E</strong></span> <span class='ocrx_word' id='word_1_103' title='bbox 2011 348 2236 404; x_wconf 85' lang='lat' dir='ltr'><strong>GESTIS</strong></span> <span class='ocrx_word' id='word_1_104' title='bbox 2281 352 2455 407; x_wconf 84' lang='lat' dir='ltr'><strong>LIBRI</strong></span> <span class='ocrx_word' id='word_1_105' title='bbox 2498 355 2648 411; x_wconf 86' lang='lat' dir='ltr'><strong>DUO.</strong></span> <span class='ocrx_word' id='word_1_106' title='bbox 2690 387 2759 397; x_wconf 94' lang='lat'><strong><em>—</em></strong></span> <span class='ocrx_word' id='word_1_107' title='bbox 2799 357 2922 412; x_wconf 89' lang='lat' dir='ltr'><strong>LIB.</strong></span> <span class='ocrx_word' id='word_1_108' title='bbox 2967 361 3032 415; x_wconf 93' lang='lat' dir='ltr'><strong>II.</strong></span> 
     </span>
    </p>
   </div>
   <div class='ocr_carea' id='block_1_18' title="bbox 1891 477 3116 557">
    <p class='ocr_par' dir='ltr' id='par_1_18' title="bbox 1891 477 3116 557">
     <span class='ocr_line' id='line_1_18' title="bbox 1891 477 3116 557; baseline 0.011 -29"><span class='ocrx_word' id='word_1_109' title='bbox 1891 483 1938 548; x_wconf 83' lang='grc' dir='ltr'><strong>Α</strong></span> <span class='ocrx_word' id='word_1_110' title='bbox 1972 477 2269 548; x_wconf 82' lang='lat' dir='ltr'><strong>Porphyrio</strong></span> <span class='ocrx_word' id='word_1_111' title='bbox 2302 480 2451 535; x_wconf 88' lang='lat' dir='ltr'><strong>sedis</strong></span> <span class='ocrx_word' id='word_1_112' title='bbox 2478 481 2716 538; x_wconf 85' lang='lat' dir='ltr'><strong>Flaviani</strong></span> <span class='ocrx_word' id='word_1_113' title='bbox 2749 492 2893 540; x_wconf 89' lang='lat' dir='ltr'><strong>sorte</strong></span> <span class='ocrx_word' id='word_1_114' title='bbox 2923 486 3116 557; x_wconf 90' lang='lat' dir='ltr'><strong>potito,</strong></span> 
     </span>
    </p>
   </div>
   <div class='ocr_carea' id='block_1_19' title="bbox 3473 369 3580 425">
    <p class='ocr_par' dir='ltr' id='par_1_19' title="bbox 3473 369 3580 425">
     <span class='ocr_line' id='line_1_19' title="bbox 3473 369 3580 425; baseline 0 -2"><span class='ocrx_word' id='word_1_115' title='bbox 3473 369 3580 425; x_wconf 81' lang='grc'><strong>586</strong></span> 
     </span>
    </p>
   </div>
   <div class='ocr_carea' id='block_1_20' title="bbox 1969 569 3207 650">
    <p class='ocr_par' dir='ltr' id='par_1_20' title="bbox 1969 569 3207 650">
     <span class='ocr_line' id='line_1_20' title="bbox 1969 569 3207 650; baseline 0.011 -29"><span class='ocrx_word' id='word_1_116' title='bbox 1969 569 2152 624; x_wconf 83' lang='lat' dir='ltr'><strong>Almus</strong></span> <span class='ocrx_word' id='word_1_117' title='bbox 2185 572 2492 627; x_wconf 77' lang='lat' dir='ltr'><strong>Alexander</strong></span> <span class='ocrx_word' id='word_1_118' title='bbox 2523 574 2690 650; x_wconf 87' lang='lat' dir='ltr'><strong>digno</strong></span> <span class='ocrx_word' id='word_1_119' title='bbox 2709 578 2955 633; x_wconf 87' lang='lat' dir='ltr'><strong>succedit</strong></span> <span class='ocrx_word' id='word_1_120' title='bbox 2978 580 3207 646; x_wconf 85' lang='lat' dir='ltr'><strong>honore,</strong></span> 
     </span>
    </p>
   </div>
   <div class='ocr_carea' id='block_1_21' title="bbox 1960 657 3420 739">
    <p class='ocr_par' dir='ltr' id='par_1_21' title="bbox 1960 657 3420 739">
     <span class='ocr_line' id='line_1_21' title="bbox 1960 657 3420 739; baseline 0.012 -28"><span class='ocrx_word' id='word_1_121' title='bbox 1960 657 2140 713; x_wconf 88' lang='lat' dir='ltr'><strong>Laude</strong></span> <span class='ocrx_word' id='word_1_122' title='bbox 2171 659 2571 732; x_wconf 87' lang='lat' dir='ltr'><strong>frequentatus,</strong></span> <span class='ocrx_word' id='word_1_123' title='bbox 2603 666 2894 735; x_wconf 89' lang='lat' dir='ltr'><strong>probitatis</strong></span> <span class='ocrx_word' id='word_1_124' title='bbox 2933 684 3162 725; x_wconf 86' lang='lat' dir='ltr'><strong>munere</strong></span> <span class='ocrx_word' id='word_1_125' title='bbox 3189 679 3420 739; x_wconf 88' lang='lat' dir='ltr'><strong>mactus,</strong></span> 
     </span>
    </p>
   </div>
   <div class='ocr_carea' id='block_1_22' title="bbox 1958 749 3240 822">
    <p class='ocr_par' dir='ltr' id='par_1_22' title="bbox 1958 749 3240 822">
     <span class='ocr_line' id='line_1_22' title="bbox 1958 749 3240 822; baseline 0.012 -20"><span class='ocrx_word' id='word_1_126' title='bbox 1958 749 2058 803; x_wconf 87' lang='lat' dir='ltr'><strong>Ore</strong></span> <span class='ocrx_word' id='word_1_127' title='bbox 2091 751 2314 822; x_wconf 86' lang='lat' dir='ltr'><strong>quidem</strong></span> <span class='ocrx_word' id='word_1_128' title='bbox 2348 755 2548 822; x_wconf 86' lang='lat' dir='ltr'><strong>clarus,</strong></span> <span class='ocrx_word' id='word_1_129' title='bbox 2582 757 2704 811; x_wconf 67' lang='lat' dir='ltr'><strong>vitze</strong></span> <span class='ocrx_word' id='word_1_130' title='bbox 2733 759 2832 812; x_wconf 88' lang='lat' dir='ltr'><strong>sed</strong></span> <span class='ocrx_word' id='word_1_131' title='bbox 2871 759 3068 814; x_wconf 91' lang='lat' dir='ltr'><strong>clarior</strong></span> <span class='ocrx_word' id='word_1_132' title='bbox 3097 769 3240 817; x_wconf 91' lang='lat' dir='ltr'><strong>actu.</strong></span> 
     </span>
    </p>
   </div>
   <div class='ocr_carea' id='block_1_23' title="bbox 1958 839 3294 919">
    <p class='ocr_par' dir='ltr' id='par_1_23' title="bbox 1958 839 3294 919">
     <span class='ocr_line' id='line_1_23' title="bbox 1958 839 3294 919; baseline 0.01 -27"><span class='ocrx_word' id='word_1_133' title='bbox 1958 839 2251 895; x_wconf 77' lang='lat' dir='ltr'><strong>Abiuntum</strong></span> <span class='ocrx_word' id='word_1_134' title='bbox 2295 843 2506 913; x_wconf 88' lang='lat' dir='ltr'><strong>pridem</strong></span> <span class='ocrx_word' id='word_1_135' title='bbox 2541 861 2708 914; x_wconf 90' lang='lat' dir='ltr'><strong>pecus</strong></span> <span class='ocrx_word' id='word_1_136' title='bbox 2747 847 2802 900; x_wconf 89' lang='lat' dir='ltr'><strong>in</strong></span> <span class='ocrx_word' id='word_1_137' title='bbox 2832 849 2975 903; x_wconf 85' lang='lat' dir='ltr'><strong>ovile</strong></span> <span class='ocrx_word' id='word_1_138' title='bbox 3003 851 3294 919; x_wconf 87' lang='lat' dir='ltr'><strong>reducens,</strong></span> 
     </span>
    </p>
   </div>
   <div class='ocr_carea' id='block_1_24' title="bbox 1955 929 3372 1008">
    <p class='ocr_par' dir='ltr' id='par_1_24' title="bbox 1955 929 3372 1008">
     <span class='ocr_line' id='line_1_24' title="bbox 1955 929 3372 1008; baseline 0.012 -27"><span class='ocrx_word' id='word_1_139' title='bbox 1955 929 2091 982; x_wconf 91' lang='lat' dir='ltr'><strong>Dum</strong></span> <span class='ocrx_word' id='word_1_140' title='bbox 2125 929 2262 984; x_wconf 91' lang='lat' dir='ltr'><strong>lotas</strong></span> <span class='ocrx_word' id='word_1_141' title='bbox 2301 933 2491 1002; x_wconf 89' lang='lat' dir='ltr'><strong>recipit</strong></span> <span class='ocrx_word' id='word_1_142' title='bbox 2529 933 2693 989; x_wconf 84' lang='lat' dir='ltr'><strong>fluvio</strong></span> <span class='ocrx_word' id='word_1_143' title='bbox 2726 937 3063 993; x_wconf 87' lang='lat' dir='ltr'><strong>exhilarante</strong></span> <span class='ocrx_word' id='word_1_144' title='bbox 3097 941 3372 1008; x_wconf 89' lang='lat' dir='ltr'><strong>bidentes,</strong></span> 
     </span>
    </p>
   </div>
   <div class='ocr_carea' id='block_1_25' title="bbox 1957 1016 3344 1100">
    <p class='ocr_par' dir='ltr' id='par_1_25' title="bbox 1957 1016 3344 1100">
     <span class='ocr_line' id='line_1_25' title="bbox 1957 1016 3344 1100; baseline 0.012 -31"><span class='ocrx_word' id='word_1_145' title='bbox 1957 1016 2147 1071; x_wconf 89' lang='lat' dir='ltr'><strong>Ilostes</strong></span> <span class='ocrx_word' id='word_1_146' title='bbox 2177 1019 2480 1093; x_wconf 80' lang='lat' dir='ltr'><strong>ingemere,</strong></span> <span class='ocrx_word' id='word_1_147' title='bbox 2500 1032 2551 1076; x_wconf 89' lang='lat' dir='ltr'><strong>at</strong></span> <span class='ocrx_word' id='word_1_148' title='bbox 2581 1025 2728 1078; x_wconf 88' lang='lat' dir='ltr'><strong>cives</strong></span> <span class='ocrx_word' id='word_1_149' title='bbox 2755 1027 3096 1095; x_wconf 84' lang='lat' dir='ltr'><strong>applaudere</strong></span> <span class='ocrx_word' id='word_1_150' title='bbox 3125 1039 3344 1100; x_wconf 66' lang='lat' dir='ltr'><strong>praestat</strong></span> 
     </span>
    </p>
   </div>
   <div class='ocr_carea' id='block_1_26' title="bbox 1955 1105 3254 1174">
    <p class='ocr_par' dir='ltr' id='par_1_26' title="bbox 1955 1105 3254 1174">
     <span class='ocr_line' id='line_1_26' title="bbox 1955 1105 3254 1174; baseline 0.011 -17"><span class='ocrx_word' id='word_1_151' title='bbox 1955 1105 2460 1174; x_wconf 83' lang='lat' dir='ltr'><strong>Impetehetiticans</strong></span> <span class='ocrx_word' id='word_1_152' title='bbox 2497 1114 2734 1167; x_wconf 87' lang='lat' dir='ltr'><strong>revocati</strong></span> <span class='ocrx_word' id='word_1_153' title='bbox 2771 1115 3011 1170; x_wconf 81' lang='lat' dir='ltr'><strong>fluminis</strong></span> <span class='ocrx_word' id='word_1_154' title='bbox 3039 1118 3254 1172; x_wconf 89' lang='lat' dir='ltr'><strong>urbem.</strong></span> 
     </span>
    </p>
   </div>
   <div class='ocr_carea' id='block_1_27' title="bbox 1960 1197 3426 1274">
    <p class='ocr_par' dir='ltr' id='par_1_27' title="bbox 1960 1197 3426 1274">
     <span class='ocr_line' id='line_1_27' title="bbox 1960 1197 3426 1274; baseline 0.01 -24"><span class='ocrx_word' id='word_1_155' title='bbox 1960 1197 2219 1270; x_wconf 89' lang='lat' dir='ltr'><strong>Huncque</strong></span> <span class='ocrx_word' id='word_1_156' title='bbox 2248 1199 2564 1256; x_wconf 87' lang='lat' dir='ltr'><strong>Theodorus</strong></span> <span class='ocrx_word' id='word_1_157' title='bbox 2595 1204 2886 1274; x_wconf 89' lang='lat' dir='ltr'><strong>probitatis</strong></span> <span class='ocrx_word' id='word_1_158' title='bbox 2925 1208 3178 1262; x_wconf 89' lang='lat' dir='ltr'><strong>acumine</strong></span> <span class='ocrx_word' id='word_1_159' title='bbox 3210 1218 3426 1265; x_wconf 89' lang='lat' dir='ltr'><strong>sectans</strong></span> 
     </span>
    </p>
   </div>
   <div class='ocr_carea' id='block_1_28' title="bbox 1956 1285 3222 1364">
    <p class='ocr_par' dir='ltr' id='par_1_28' title="bbox 1956 1285 3222 1364">
     <span class='ocr_line' id='line_1_28' title="bbox 1956 1285 3222 1364; baseline 0.007 -25"><span class='ocrx_word' id='word_1_160' title='bbox 1956 1285 2219 1342; x_wconf 69' lang='lat' dir='ltr'><strong>Castifica:</strong></span> <span class='ocrx_word' id='word_1_161' title='bbox 2249 1291 2536 1359; x_wconf 88' lang='lat' dir='ltr'><strong>speculum</strong></span> <span class='ocrx_word' id='word_1_162' title='bbox 2571 1292 2717 1358; x_wconf 67' lang='lat' dir='ltr'><strong>vitae,</strong></span> <span class='ocrx_word' id='word_1_163' title='bbox 2751 1293 2956 1364; x_wconf 87' lang='lat' dir='ltr'><strong>pietate</strong></span> <span class='ocrx_word' id='word_1_164' title='bbox 2985 1296 3222 1350; x_wconf 89' lang='lat' dir='ltr'><strong>renidet.</strong></span> 
     </span>
    </p>
   </div>
   <div class='ocr_carea' id='block_1_29' title="bbox 1954 1379 3235 1456">
    <p class='ocr_par' dir='ltr' id='par_1_29' title="bbox 1954 1379 3235 1456">
     <span class='ocr_line' id='line_1_29' title="bbox 1954 1379 3235 1456; baseline 0.009 -25"><span class='ocrx_word' id='word_1_165' title='bbox 1954 1379 2080 1442; x_wconf 70' lang='lat' dir='ltr'><strong>Quae</strong></span> <span class='ocrx_word' id='word_1_166' title='bbox 2107 1388 2314 1436; x_wconf 91' lang='lat' dir='ltr'><strong>restant</strong></span> <span class='ocrx_word' id='word_1_167' title='bbox 2339 1382 2505 1437; x_wconf 90' lang='lat' dir='ltr'><strong>etiam</strong></span> <span class='ocrx_word' id='word_1_168' title='bbox 2538 1384 2709 1453; x_wconf 91' lang='lat' dir='ltr'><strong>septis</strong></span> <span class='ocrx_word' id='word_1_169' title='bbox 2741 1385 3002 1456; x_wconf 89' lang='lat' dir='ltr'><strong>pecuaria</strong></span> <span class='ocrx_word' id='word_1_170' title='bbox 3037 1388 3235 1442; x_wconf 89' lang='lat' dir='ltr'><strong>reddit.</strong></span> 
     </span>
    </p>
   </div>
   <div class='ocr_carea' id='block_1_30' title="bbox 1958 1471 3500 1550">
    <p class='ocr_par' dir='ltr' id='par_1_30' title="bbox 1958 1471 3500 1550">
     <span class='ocr_line' id='line_1_30' title="bbox 1958 1471 3500 1550; baseline 0.01 -25"><span class='ocrx_word' id='word_1_171' title='bbox 1958 1471 2272 1545; x_wconf 50' lang='lat' dir='ltr'><strong>Postjquem</strong></span> <span class='ocrx_word' id='word_1_172' title='bbox 2306 1479 2691 1550; x_wconf 83' lang='lat' dir='ltr'><strong>magnanimus</strong></span> <span class='ocrx_word' id='word_1_173' title='bbox 2719 1480 2887 1535; x_wconf 91' lang='lat' dir='ltr'><strong>sumit</strong></span> <span class='ocrx_word' id='word_1_174' title='bbox 2908 1498 3062 1536; x_wconf 87' lang='lat' dir='ltr'><strong>sacra</strong></span> <span class='ocrx_word' id='word_1_175' title='bbox 3089 1483 3212 1550; x_wconf 91' lang='lat' dir='ltr'><strong>jura</strong></span> <span class='ocrx_word' id='word_1_176' title='bbox 3237 1484 3500 1540; x_wconf 89' lang='lat' dir='ltr'><strong>Joannes.</strong></span> 
     </span>
    </p>
   </div>
   <div class='ocr_carea' id='block_1_31' title="bbox 1961 1563 3328 1644">
    <p class='ocr_par' dir='ltr' id='par_1_31' title="bbox 1961 1563 3328 1644">
     <span class='ocr_line' id='line_1_31' title="bbox 1961 1563 3328 1644; baseline 0.01 -29"><span class='ocrx_word' id='word_1_177' title='bbox 1961 1563 2180 1617; x_wconf 87' lang='lat' dir='ltr'><strong>Ponitur</strong></span> <span class='ocrx_word' id='word_1_178' title='bbox 2220 1565 2326 1630; x_wconf 92' lang='lat' dir='ltr'><strong>hic,</strong></span> <span class='ocrx_word' id='word_1_179' title='bbox 2362 1568 2630 1638; x_wconf 84' lang='lat' dir='ltr'><strong>ponitque</strong></span> <span class='ocrx_word' id='word_1_180' title='bbox 2662 1570 2777 1639; x_wconf 90' lang='lat' dir='ltr'><strong>pari</strong></span> <span class='ocrx_word' id='word_1_181' title='bbox 2807 1570 3016 1625; x_wconf 84' lang='lat' dir='ltr'><strong>fervore</strong></span> <span class='ocrx_word' id='word_1_182' title='bbox 3042 1571 3328 1644; x_wconf 88' lang='lat' dir='ltr'><strong>Cyrillum.</strong></span> 
     </span>
    </p>
   </div>
   <div class='ocr_carea' id='block_1_32' title="bbox 1958 1652 3505 1735">
    <p class='ocr_par' dir='ltr' id='par_1_32' title="bbox 1958 1652 3505 1735">
     <span class='ocr_line' id='line_1_32' title="bbox 1958 1652 3505 1735; baseline 0.01 -30"><span class='ocrx_word' id='word_1_183' title='bbox 1958 1652 2052 1707; x_wconf 86' lang='lat' dir='ltr'><strong>Cui</strong></span> <span class='ocrx_word' id='word_1_184' title='bbox 2087 1653 2247 1708; x_wconf 82' lang='lat' dir='ltr'><strong>Marci</strong></span> <span class='ocrx_word' id='word_1_185' title='bbox 2278 1657 2601 1727; x_wconf 89' lang='lat' dir='ltr'><strong>redhibens,</strong></span> <span class='ocrx_word' id='word_1_186' title='bbox 2628 1660 2824 1730; x_wconf 70' lang='lat' dir='ltr'><strong>Cephze</strong></span> <span class='ocrx_word' id='word_1_187' title='bbox 2855 1678 3075 1733; x_wconf 87' lang='lat' dir='ltr'><strong>quoque</strong></span> <span class='ocrx_word' id='word_1_188' title='bbox 3104 1665 3235 1718; x_wconf 90' lang='lat' dir='ltr'><strong>sede</strong></span> <span class='ocrx_word' id='word_1_189' title='bbox 3264 1674 3505 1735; x_wconf 89' lang='lat' dir='ltr'><strong>recepta,</strong></span> 
     </span>
    </p>
   </div>
   <div class='ocr_carea' id='block_1_33' title="bbox 1884 1725 3501 1829">
    <p class='ocr_par' dir='ltr' id='par_1_33' title="bbox 1884 1725 3501 1829">
     <span class='ocr_line' id='line_1_33' title="bbox 1884 1725 3501 1829; baseline 0.008 -30"><span class='ocrx_word' id='word_1_190' title='bbox 1884 1725 1931 1792; x_wconf 75' lang='grc' dir='ltr'>Β</span> <span class='ocrx_word' id='word_1_191' title='bbox 1961 1748 2093 1802; x_wconf 93' lang='lat' dir='ltr'><strong>Dum</strong></span> <span class='ocrx_word' id='word_1_192' title='bbox 2126 1749 2251 1805; x_wconf 92' lang='lat' dir='ltr'><strong>lites</strong></span> <span class='ocrx_word' id='word_1_193' title='bbox 2281 1763 2586 1821; x_wconf 81' lang='lat' dir='ltr'><strong>removent,</strong></span> <span class='ocrx_word' id='word_1_194' title='bbox 2613 1754 2807 1811; x_wconf 91' lang='lat' dir='ltr'><strong>Christi</strong></span> <span class='ocrx_word' id='word_1_195' title='bbox 2836 1725 3014 1811; x_wconf 83' lang='lat' dir='ltr'><strong>aulam</strong></span> <span class='ocrx_word' id='word_1_196' title='bbox 3039 1775 3173 1829; x_wconf 90' lang='lat' dir='ltr'><strong>pace</strong></span> <span class='ocrx_word' id='word_1_197' title='bbox 3191 1725 3501 1817; x_wconf 77' lang='lat' dir='ltr'><strong>venustam.</strong></span> 
     </span>
    </p>
   </div>
   <div class='ocr_carea' id='block_1_34' title="bbox 1737 1875 2072 1933">
    <p class='ocr_par' dir='ltr' id='par_1_34' title="bbox 1737 1875 2072 1933">
     <span class='ocr_line' id='line_1_34' title="bbox 1737 1875 2072 1933; baseline 0.015 -5"><span class='ocrx_word' id='word_1_198' title='bbox 1737 1875 1943 1932; x_wconf 84' lang='lat' dir='ltr'><strong>CAPUT</strong></span> <span class='ocrx_word' id='word_1_199' title='bbox 1985 1878 2072 1933; x_wconf 82' lang='lat' dir='ltr'><strong>XI.</strong></span> 
     </span>
    </p>
   </div>
   <div class='ocr_carea' id='block_1_35' title="bbox 1093 1981 2711 2068">
    <p class='ocr_par' dir='ltr' id='par_1_35' title="bbox 1093 1981 2711 2068">
     <span class='ocr_line' id='line_1_35' title="bbox 1093 1981 2711 2068; baseline 0.005 -29"><span class='ocrx_word' id='word_1_200' title='bbox 1093 1981 1172 2060; x_wconf 67' lang='lat' dir='ltr'><strong>De</strong></span> <span class='ocrx_word' id='word_1_201' title='bbox 1197 1988 1400 2041; x_wconf 81' lang='lat' dir='ltr'><strong>sancto</strong></span> <span class='ocrx_word' id='word_1_202' title='bbox 1433 1981 1774 2041; x_wconf 78' lang='lat' dir='ltr'><strong>Macedonio</strong></span> <span class='ocrx_word' id='word_1_203' title='bbox 1805 1985 2074 2055; x_wconf 77' lang='lat' dir='ltr'><strong>eremita,</strong></span> <span class='ocrx_word' id='word_1_204' title='bbox 2110 1993 2160 2043; x_wconf 80' lang='lat' dir='ltr'><strong>et</strong></span> <span class='ocrx_word' id='word_1_205' title='bbox 2197 1985 2460 2062; x_wconf 76' lang='lat' dir='ltr'><strong>Evagrio</strong></span> <span class='ocrx_word' id='word_1_206' title='bbox 2491 1987 2711 2068; x_wconf 83' lang='lat'><strong>(167&#39;).</strong></span> 
     </span>
    </p>
   </div>
   <div class='ocr_carea' id='block_1_36' title="bbox 228 2084 1581 2159">
    <p class='ocr_par' dir='ltr' id='par_1_36' title="bbox 228 2084 1581 2159">
     <span class='ocr_line' id='line_1_36' title="bbox 228 2084 1581 2159; baseline -0.001 -19"><span class='ocrx_word' id='word_1_207' title='bbox 228 2087 553 2159; x_wconf 89' lang='lat' dir='ltr'><strong>Pugnaverc</strong></span> <span class='ocrx_word' id='word_1_208' title='bbox 583 2084 684 2140; x_wconf 92' lang='lat' dir='ltr'><strong>viri</strong></span> <span class='ocrx_word' id='word_1_209' title='bbox 713 2086 856 2142; x_wconf 87' lang='lat' dir='ltr'><strong>circa</strong></span> <span class='ocrx_word' id='word_1_210' title='bbox 888 2086 1032 2140; x_wconf 89' lang='lat' dir='ltr'><strong>hanc</strong></span> <span class='ocrx_word' id='word_1_211' title='bbox 1061 2086 1357 2141; x_wconf 71' lang='lat' dir='ltr'><strong>virtutibus</strong></span> <span class='ocrx_word' id='word_1_212' title='bbox 1387 2085 1581 2140; x_wconf 89' lang='lat' dir='ltr'><strong>urbem</strong></span> 
     </span>
    </p>
   </div>
   <div class='ocr_carea' id='block_1_37' title="bbox 223 2175 1775 2247">
    <p class='ocr_par' dir='ltr' id='par_1_37' title="bbox 223 2175 1775 2247">
     <span class='ocr_line' id='line_1_37' title="bbox 223 2175 1775 2247; baseline 0 -18"><span class='ocrx_word' id='word_1_213' title='bbox 223 2176 522 2230; x_wconf 87' lang='lat' dir='ltr'><strong>Vincentes</strong></span> <span class='ocrx_word' id='word_1_214' title='bbox 542 2176 749 2247; x_wconf 90' lang='lat' dir='ltr'><strong>pariter</strong></span> <span class='ocrx_word' id='word_1_215' title='bbox 771 2175 1036 2229; x_wconf 90' lang='lat' dir='ltr'><strong>mundum</strong></span> <span class='ocrx_word' id='word_1_216' title='bbox 1063 2175 1426 2246; x_wconf 89' lang='lat' dir='ltr'><strong>rabidumque</strong></span> <span class='ocrx_word' id='word_1_217' title='bbox 1462 2180 1775 2246; x_wconf 78' lang='lat' dir='ltr'><strong>tyrannum,</strong></span> 
     </span>
    </p>
   </div>
   <div class='ocr_carea' id='block_1_38' title="bbox 224 2265 1446 2338">
    <p class='ocr_par' dir='ltr' id='par_1_38' title="bbox 224 2265 1446 2338">
     <span class='ocr_line' id='line_1_38' title="bbox 224 2265 1446 2338; baseline -0.002 -18"><span class='ocrx_word' id='word_1_218' title='bbox 224 2267 492 2321; x_wconf 89' lang='lat' dir='ltr'><strong>Tutantes</strong></span> <span class='ocrx_word' id='word_1_219' title='bbox 521 2267 669 2321; x_wconf 87' lang='lat' dir='ltr'><strong>cives</strong></span> <span class='ocrx_word' id='word_1_220' title='bbox 697 2275 751 2320; x_wconf 90' lang='lat' dir='ltr'><strong>et</strong></span> <span class='ocrx_word' id='word_1_221' title='bbox 778 2265 934 2320; x_wconf 92' lang='lat' dir='ltr'><strong>mitia</strong></span> <span class='ocrx_word' id='word_1_222' title='bbox 969 2271 1144 2319; x_wconf 90' lang='lat' dir='ltr'><strong>castra</strong></span> <span class='ocrx_word' id='word_1_223' title='bbox 1174 2271 1446 2338; x_wconf 85' lang='lat' dir='ltr'><strong>tegentes,</strong></span> 
     </span>
    </p>
   </div>
   <div class='ocr_carea' id='block_1_39' title="bbox 227 2357 1848 2431">
    <p class='ocr_par' dir='ltr' id='par_1_39' title="bbox 227 2357 1848 2431">
     <span class='ocr_line' id='line_1_39' title="bbox 227 2357 1848 2431; baseline -0.001 -19"><span class='ocrx_word' id='word_1_224' title='bbox 227 2359 384 2414; x_wconf 85' lang='lat' dir='ltr'><strong>Nunc</strong></span> <span class='ocrx_word' id='word_1_225' title='bbox 431 2359 708 2429; x_wconf 89' lang='lat' dir='ltr'><strong>precibus,</strong></span> <span class='ocrx_word' id='word_1_226' title='bbox 765 2358 992 2414; x_wconf 87' lang='lat' dir='ltr'><strong>monitis</strong></span> <span class='ocrx_word' id='word_1_227' title='bbox 1058 2374 1226 2424; x_wconf 89' lang='lat' dir='ltr'><strong>nunc,</strong></span> <span class='ocrx_word' id='word_1_228' title='bbox 1281 2357 1502 2431; x_wconf 82' lang='lat' dir='ltr'><strong>agmina</strong></span> <span class='ocrx_word' id='word_1_229' title='bbox 1545 2366 1732 2410; x_wconf 89' lang='lat' dir='ltr'><strong>sancta</strong></span> <span class='ocrx_word' id='word_1_230' title='bbox 1765 2373 1848 2411; x_wconf 89' lang='lat' dir='ltr'><strong>re-</strong></span> 
     </span>
    </p>
   </div>
   <div class='ocr_carea' id='block_1_40' title="bbox 1535 2446 1770 2519">
    <p class='ocr_par' dir='ltr' id='par_1_40' title="bbox 1535 2446 1770 2519">
     <span class='ocr_line' id='line_1_40' title="bbox 1535 2446 1770 2519; baseline 0.004 -20"><span class='ocrx_word' id='word_1_231' title='bbox 1535 2446 1770 2519; x_wconf 88' lang='lat' dir='ltr'><strong>[gentes,</strong></span> 
     </span>
    </p>
   </div>
   <div class='ocr_carea' id='block_1_41' title="bbox 223 2537 1712 2608">
    <p class='ocr_par' dir='ltr' id='par_1_41' title="bbox 223 2537 1712 2608">
     <span class='ocr_line' id='line_1_41' title="bbox 223 2537 1712 2608; baseline -0.003 -14"><span class='ocrx_word' id='word_1_232' title='bbox 223 2540 379 2594; x_wconf 83' lang='lat' dir='ltr'><strong>Nunc</strong></span> <span class='ocrx_word' id='word_1_233' title='bbox 408 2539 734 2608; x_wconf 89' lang='lat' dir='ltr'><strong>intercessu,</strong></span> <span class='ocrx_word' id='word_1_234' title='bbox 766 2540 930 2595; x_wconf 92' lang='lat' dir='ltr'><strong>modo</strong></span> <span class='ocrx_word' id='word_1_235' title='bbox 963 2539 1262 2606; x_wconf 90' lang='lat' dir='ltr'><strong>subventu,</strong></span> <span class='ocrx_word' id='word_1_236' title='bbox 1290 2545 1420 2608; x_wconf 89' lang='lat' dir='ltr'><strong>apta</strong></span> <span class='ocrx_word' id='word_1_237' title='bbox 1452 2537 1712 2592; x_wconf 89' lang='lat' dir='ltr'><strong>ferentes.</strong></span> 
     </span>
    </p>
   </div>
   <div class='ocr_carea' id='block_1_42' title="bbox 227 2630 1848 2700">
    <p class='ocr_par' dir='ltr' id='par_1_42' title="bbox 227 2630 1848 2700">
     <span class='ocr_line' id='line_1_42' title="bbox 227 2630 1848 2700; baseline -0.002 -13"><span class='ocrx_word' id='word_1_238' title='bbox 227 2633 468 2696; x_wconf 84' lang='lat' dir='ltr'><strong>Quorum</strong></span> <span class='ocrx_word' id='word_1_239' title='bbox 495 2633 652 2700; x_wconf 89' lang='lat' dir='ltr'><strong>jussa</strong></span> <span class='ocrx_word' id='word_1_240' title='bbox 682 2633 1032 2687; x_wconf 86' lang='lat' dir='ltr'><strong>Macedonius</strong></span> <span class='ocrx_word' id='word_1_241' title='bbox 1063 2631 1309 2686; x_wconf 87' lang='lat' dir='ltr'><strong>crudelia</strong></span> <span class='ocrx_word' id='word_1_242' title='bbox 1336 2630 1642 2698; x_wconf 74' lang='lat' dir='ltr'><strong>czesis(cod.</strong></span> <span class='ocrx_word' id='word_1_243' title='bbox 1665 2630 1697 2684; x_wconf 71' lang='lat'><strong>2</strong></span> <span class='ocrx_word' id='word_1_244' title='bbox 1723 2645 1848 2684; x_wconf 91' lang='lat' dir='ltr'><strong>cen-</strong></span> 
     </span>
    </p>
   </div>
   <div class='ocr_carea' id='block_1_43' title="bbox 227 2721 1843 2796">
    <p class='ocr_par' dir='ltr' id='par_1_43' title="bbox 227 2721 1843 2796">
     <span class='ocr_line' id='line_1_43' title="bbox 227 2721 1843 2796; baseline -0.001 -19"><span class='ocrx_word' id='word_1_245' title='bbox 227 2725 565 2796; x_wconf 74' lang='lat' dir='ltr'><strong>Detorquere</strong></span> <span class='ocrx_word' id='word_1_246' title='bbox 599 2725 1038 2796; x_wconf 87' lang='lat' dir='ltr'><strong>paransjugulis,</strong></span> <span class='ocrx_word' id='word_1_247' title='bbox 1071 2732 1126 2778; x_wconf 91' lang='lat' dir='ltr'><strong>et</strong></span> <span class='ocrx_word' id='word_1_248' title='bbox 1157 2723 1437 2778; x_wconf 85' lang='lat' dir='ltr'><strong>montibus</strong></span> <span class='ocrx_word' id='word_1_249' title='bbox 1458 2721 1582 2776; x_wconf 89' lang='lat' dir='ltr'><strong>altis</strong></span> <span class='ocrx_word' id='word_1_250' title='bbox 1697 2721 1843 2792; x_wconf 77' lang='lat' dir='ltr'><strong>[sis?)</strong></span> 
     </span>
    </p>
   </div>
   <div class='ocr_carea' id='block_1_44' title="bbox 225 2815 1562 2888">
    <p class='ocr_par' dir='ltr' id='par_1_44' title="bbox 225 2815 1562 2888">
     <span class='ocr_line' id='line_1_44' title="bbox 225 2815 1562 2888; baseline -0.002 -18"><span class='ocrx_word' id='word_1_251' title='bbox 225 2817 447 2871; x_wconf 78' lang='lat' dir='ltr'><strong>Civibus</strong></span> <span class='ocrx_word' id='word_1_252' title='bbox 470 2817 728 2872; x_wconf 89' lang='lat' dir='ltr'><strong>advectus</strong></span> <span class='ocrx_word' id='word_1_253' title='bbox 759 2817 1006 2886; x_wconf 88' lang='lat' dir='ltr'><strong>trepidis,</strong></span> <span class='ocrx_word' id='word_1_254' title='bbox 1051 2815 1265 2870; x_wconf 90' lang='lat' dir='ltr'><strong>funesta</strong></span> <span class='ocrx_word' id='word_1_255' title='bbox 1305 2821 1562 2888; x_wconf 74' lang='lat' dir='ltr'><strong>gerentes</strong></span> 
     </span>
    </p>
   </div>
   <div class='ocr_carea' id='block_1_45' title="bbox 218 2906 1669 2983">
    <p class='ocr_par' dir='ltr' id='par_1_45' title="bbox 218 2906 1669 2983">
     <span class='ocr_line' id='line_1_45' title="bbox 218 2906 1669 2983; baseline -0.002 -22"><span class='ocrx_word' id='word_1_256' title='bbox 218 2908 549 2983; x_wconf 86' lang='lat' dir='ltr'><strong>Aggreditur</strong></span> <span class='ocrx_word' id='word_1_257' title='bbox 579 2928 594 2972; x_wconf 92' lang='lat'><strong><em>;</em></strong></span> <span class='ocrx_word' id='word_1_258' title='bbox 626 2908 824 2978; x_wconf 90' lang='lat' dir='ltr'><strong>pannis</strong></span> <span class='ocrx_word' id='word_1_259' title='bbox 848 2909 1019 2962; x_wconf 86' lang='lat' dir='ltr'><strong>fasces</strong></span> <span class='ocrx_word' id='word_1_260' title='bbox 1051 2907 1192 2961; x_wconf 87' lang='lat' dir='ltr'><strong>haud</strong></span> <span class='ocrx_word' id='word_1_261' title='bbox 1229 2906 1441 2960; x_wconf 88' lang='lat' dir='ltr'><strong>obsitus</strong></span> <span class='ocrx_word' id='word_1_262' title='bbox 1464 2907 1669 2970; x_wconf 91' lang='lat' dir='ltr'><strong>horret,</strong></span> 
     </span>
    </p>
   </div>
   <div class='ocr_carea' id='block_1_46' title="bbox 223 2999 1561 3072">
    <p class='ocr_par' dir='ltr' id='par_1_46' title="bbox 223 2999 1561 3072">
     <span class='ocr_line' id='line_1_46' title="bbox 223 2999 1561 3072; baseline -0.002 -18"><span class='ocrx_word' id='word_1_263' title='bbox 223 3001 500 3055; x_wconf 89' lang='lat' dir='ltr'><strong>Imoaditu</strong></span> <span class='ocrx_word' id='word_1_264' title='bbox 533 3009 744 3055; x_wconf 88' lang='lat' dir='ltr'><strong>terrens</strong></span> <span class='ocrx_word' id='word_1_265' title='bbox 774 3007 900 3054; x_wconf 90' lang='lat' dir='ltr'><strong>sunt</strong></span> <span class='ocrx_word' id='word_1_266' title='bbox 922 3017 1042 3072; x_wconf 62' lang='lat' dir='ltr'><strong>quae</strong></span> <span class='ocrx_word' id='word_1_267' title='bbox 1075 3000 1331 3053; x_wconf 85' lang='lat' dir='ltr'><strong>mandata</strong></span> <span class='ocrx_word' id='word_1_268' title='bbox 1362 2999 1561 3053; x_wconf 84' lang='lat' dir='ltr'><strong>minaci</strong></span> 
     </span>
    </p>
   </div>
   <div class='ocr_carea' id='block_1_47' title="bbox 219 3088 1694 3165">
    <p class='ocr_par' dir='ltr' id='par_1_47' title="bbox 219 3088 1694 3165">
     <span class='ocr_line' id='line_1_47' title="bbox 219 3088 1694 3165; baseline -0.003 -21"><span class='ocrx_word' id='word_1_269' title='bbox 219 3092 571 3164; x_wconf 89' lang='lat' dir='ltr'><strong>Sceptrigero</strong></span> <span class='ocrx_word' id='word_1_270' title='bbox 603 3091 835 3165; x_wconf 89' lang='lat' dir='ltr'><strong>leganda</strong></span> <span class='ocrx_word' id='word_1_271' title='bbox 875 3090 1026 3155; x_wconf 90' lang='lat' dir='ltr'><strong>serit,</strong></span> <span class='ocrx_word' id='word_1_272' title='bbox 1061 3097 1246 3143; x_wconf 84' lang='lat' dir='ltr'><strong>monet</strong></span> <span class='ocrx_word' id='word_1_273' title='bbox 1273 3105 1395 3142; x_wconf 87' lang='lat' dir='ltr'><strong>esse</strong></span> <span class='ocrx_word' id='word_1_274' title='bbox 1427 3088 1694 3141; x_wconf 84' lang='lat' dir='ltr'><strong>caducum</strong></span> 
     </span>
    </p>
   </div>
   <div class='ocr_carea' id='block_1_48' title="bbox 223 3176 1669 3252">
    <p class='ocr_par' dir='ltr' id='par_1_48' title="bbox 223 3176 1669 3252">
     <span class='ocr_line' id='line_1_48' title="bbox 223 3176 1669 3252; baseline -0.004 -18"><span class='ocrx_word' id='word_1_275' title='bbox 223 3181 286 3235; x_wconf 84' lang='lat' dir='ltr'><strong>Et</strong></span> <span class='ocrx_word' id='word_1_276' title='bbox 305 3180 514 3236; x_wconf 89' lang='lat' dir='ltr'><strong>similes</strong></span> <span class='ocrx_word' id='word_1_277' title='bbox 543 3187 720 3235; x_wconf 88' lang='lat' dir='ltr'><strong>sortes</strong></span> <span class='ocrx_word' id='word_1_278' title='bbox 750 3178 1022 3235; x_wconf 89' lang='lat' dir='ltr'><strong>dominari</strong></span> <span class='ocrx_word' id='word_1_279' title='bbox 1054 3179 1109 3232; x_wconf 89' lang='lat' dir='ltr'><strong>in</strong></span> <span class='ocrx_word' id='word_1_280' title='bbox 1143 3177 1392 3252; x_wconf 90' lang='lat' dir='ltr'><strong>regmina</strong></span> <span class='ocrx_word' id='word_1_281' title='bbox 1421 3176 1669 3239; x_wconf 82' lang='lat' dir='ltr'><strong>fratrum,</strong></span> 
     </span>
    </p>
   </div>
   <div class='ocr_carea' id='block_1_49' title="bbox 218 3271 1837 3344">
    <p class='ocr_par' dir='ltr' id='par_1_49' title="bbox 218 3271 1837 3344">
     <span class='ocr_line' id='line_1_49' title="bbox 218 3271 1837 3344; baseline -0.005 -17"><span class='ocrx_word' id='word_1_282' title='bbox 218 3274 334 3330; x_wconf 77' lang='lat' dir='ltr'><strong>Nec</strong></span> <span class='ocrx_word' id='word_1_283' title='bbox 361 3273 539 3328; x_wconf 88' lang='lat' dir='ltr'><strong>solum</strong></span> <span class='ocrx_word' id='word_1_284' title='bbox 572 3273 884 3344; x_wconf 89' lang='lat' dir='ltr'><strong>imperium,</strong></span> <span class='ocrx_word' id='word_1_285' title='bbox 921 3271 1150 3342; x_wconf 85' lang='lat' dir='ltr'><strong>parilem</strong></span> <span class='ocrx_word' id='word_1_286' title='bbox 1181 3271 1314 3342; x_wconf 88' lang='lat' dir='ltr'><strong>quin</strong></span> <span class='ocrx_word' id='word_1_287' title='bbox 1351 3285 1575 3324; x_wconf 87' lang='lat' dir='ltr'><strong>cernere</strong></span> <span class='ocrx_word' id='word_1_288' title='bbox 1605 3274 1837 3337; x_wconf 89' lang='lat' dir='ltr'><strong>partum;</strong></span> 
     </span>
    </p>
   </div>
   <div class='ocr_carea' id='block_1_50' title="bbox 218 3357 1746 3426">
    <p class='ocr_par' dir='ltr' id='par_1_50' title="bbox 218 3357 1746 3426">
     <span class='ocr_line' id='line_1_50' title="bbox 218 3357 1746 3426; baseline -0.005 -10"><span class='ocrx_word' id='word_1_289' title='bbox 218 3362 420 3416; x_wconf 89' lang='lat' dir='ltr'><strong>Puniat</strong></span> <span class='ocrx_word' id='word_1_290' title='bbox 449 3363 590 3415; x_wconf 88' lang='lat' dir='ltr'><strong>haud</strong></span> <span class='ocrx_word' id='word_1_291' title='bbox 612 3362 864 3416; x_wconf 77' lang='lat' dir='ltr'><strong>homines</strong></span> <span class='ocrx_word' id='word_1_292' title='bbox 896 3360 1113 3413; x_wconf 85' lang='lat' dir='ltr'><strong>Domini</strong></span> <span class='ocrx_word' id='word_1_293' title='bbox 1147 3361 1249 3413; x_wconf 85' lang='lat' dir='ltr'><strong>sub</strong></span> <span class='ocrx_word' id='word_1_294' title='bbox 1281 3357 1526 3426; x_wconf 76' lang='lat' dir='ltr'><strong>imagine</strong></span> <span class='ocrx_word' id='word_1_295' title='bbox 1556 3357 1746 3411; x_wconf 90' lang='lat' dir='ltr'><strong>factos.</strong></span> 
     </span>
    </p>
   </div>
   <div class='ocr_carea' id='block_1_51' title="bbox 223 3446 1463 3519">
    <p class='ocr_par' dir='ltr' id='par_1_51' title="bbox 223 3446 1463 3519">
     <span class='ocr_line' id='line_1_51' title="bbox 223 3446 1463 3519; baseline -0.005 -15"><span class='ocrx_word' id='word_1_296' title='bbox 223 3451 449 3506; x_wconf 89' lang='lat' dir='ltr'><strong>lrritans</strong></span> <span class='ocrx_word' id='word_1_297' title='bbox 476 3449 764 3504; x_wconf 91' lang='lat' dir='ltr'><strong>Dominum</strong></span> <span class='ocrx_word' id='word_1_298' title='bbox 795 3448 952 3516; x_wconf 85' lang='lat' dir='ltr'><strong>cujus</strong></span> <span class='ocrx_word' id='word_1_299' title='bbox 981 3447 1206 3518; x_wconf 89' lang='lat' dir='ltr'><strong>punitur</strong></span> <span class='ocrx_word' id='word_1_300' title='bbox 1238 3446 1418 3519; x_wconf 88' lang='lat' dir='ltr'><strong>imago</strong></span> <span class='ocrx_word' id='word_1_301' title='bbox 1451 3462 1463 3497; x_wconf 92' lang='lat'><strong>:</strong></span> 
     </span>
    </p>
   </div>
   <div class='ocr_carea' id='block_1_52' title="bbox 223 3532 1668 3610">
    <p class='ocr_par' dir='ltr' id='par_1_52' title="bbox 223 3532 1668 3610">
     <span class='ocr_line' id='line_1_52' title="bbox 223 3532 1668 3610; baseline -0.007 -15"><span class='ocrx_word' id='word_1_302' title='bbox 223 3541 280 3595; x_wconf 94' lang='lat' dir='ltr'><strong>Si</strong></span> <span class='ocrx_word' id='word_1_303' title='bbox 317 3555 528 3594; x_wconf 88' lang='lat' dir='ltr'><strong>versam</strong></span> <span class='ocrx_word' id='word_1_304' title='bbox 560 3539 744 3594; x_wconf 82' lang='lat' dir='ltr'><strong>uxoris</strong></span> <span class='ocrx_word' id='word_1_305' title='bbox 769 3545 998 3591; x_wconf 87' lang='lat' dir='ltr'><strong>statuam</strong></span> <span class='ocrx_word' id='word_1_306' title='bbox 1029 3551 1194 3610; x_wconf 89' lang='lat' dir='ltr'><strong>grave</strong></span> <span class='ocrx_word' id='word_1_307' title='bbox 1225 3535 1393 3588; x_wconf 85' lang='lat' dir='ltr'><strong>ducat</strong></span> <span class='ocrx_word' id='word_1_308' title='bbox 1414 3532 1668 3597; x_wconf 87' lang='lat' dir='ltr'><strong>ahenam,</strong></span> 
     </span>
    </p>
   </div>
   <div class='ocr_carea' id='block_1_53' title="bbox 225 3625 1837 3704">
    <p class='ocr_par' dir='ltr' id='par_1_53' title="bbox 225 3625 1837 3704">
     <span class='ocr_line' id='line_1_53' title="bbox 225 3625 1837 3704; baseline -0.004 -17"><span class='ocrx_word' id='word_1_309' title='bbox 225 3635 396 3697; x_wconf 79' lang='lat' dir='ltr'><strong>Quam</strong></span> <span class='ocrx_word' id='word_1_310' title='bbox 428 3648 585 3704; x_wconf 84' lang='lat' dir='ltr'><strong>mage</strong></span> <span class='ocrx_word' id='word_1_311' title='bbox 615 3631 999 3685; x_wconf 89' lang='lat' dir='ltr'><strong>Cuncticreans</strong></span> <span class='ocrx_word' id='word_1_312' title='bbox 1029 3634 1311 3682; x_wconf 86' lang='lat' dir='ltr'><strong>moveatur</strong></span> <span class='ocrx_word' id='word_1_313' title='bbox 1341 3625 1577 3698; x_wconf 84' lang='lat' dir='ltr'><strong>imagine</strong></span> <span class='ocrx_word' id='word_1_314' title='bbox 1638 3634 1790 3696; x_wconf 90' lang='lat' dir='ltr'><strong>rapta</strong></span> <span class='ocrx_word' id='word_1_315' title='bbox 1825 3645 1837 3680; x_wconf 92' lang='lat'><strong>:</strong></span> 
     </span>
    </p>
   </div>
   <div class='ocr_carea' id='block_1_54' title="bbox 226 3719 1645 3798">
    <p class='ocr_par' dir='ltr' id='par_1_54' title="bbox 226 3719 1645 3798">
     <span class='ocr_line' id='line_1_54' title="bbox 226 3719 1645 3798; baseline -0.008 -17"><span class='ocrx_word' id='word_1_316' title='bbox 226 3728 287 3782; x_wconf 85' lang='lat' dir='ltr'><strong>Et</strong></span> <span class='ocrx_word' id='word_1_317' title='bbox 318 3736 580 3798; x_wconf 90' lang='lat' dir='ltr'><strong>quantum</strong></span> <span class='ocrx_word' id='word_1_318' title='bbox 610 3725 792 3779; x_wconf 88' lang='lat' dir='ltr'><strong>videat</strong></span> <span class='ocrx_word' id='word_1_319' title='bbox 818 3732 1036 3777; x_wconf 91' lang='lat' dir='ltr'><strong>sensata</strong></span> <span class='ocrx_word' id='word_1_320' title='bbox 1067 3719 1386 3776; x_wconf 88' lang='lat' dir='ltr'><strong>carentibus</strong></span> <span class='ocrx_word' id='word_1_321' title='bbox 1418 3719 1599 3772; x_wconf 91' lang='lat' dir='ltr'><strong>absint</strong></span> <span class='ocrx_word' id='word_1_322' title='bbox 1631 3738 1645 3784; x_wconf 91' lang='lat'><strong><em>;</em></strong></span> 
     </span>
    </p>
   </div>
   <div class='ocr_carea' id='block_1_55' title="bbox 222 3812 1535 3891">
    <p class='ocr_par' dir='ltr' id='par_1_55' title="bbox 222 3812 1535 3891">
     <span class='ocr_line' id='line_1_55' title="bbox 222 3812 1535 3891; baseline -0.008 -17"><span class='ocrx_word' id='word_1_323' title='bbox 222 3822 444 3891; x_wconf 90' lang='lat' dir='ltr'><strong>Nosque</strong></span> <span class='ocrx_word' id='word_1_324' title='bbox 473 3818 637 3874; x_wconf 91' lang='lat' dir='ltr'><strong>simul</strong></span> <span class='ocrx_word' id='word_1_325' title='bbox 667 3817 848 3888; x_wconf 86' lang='lat' dir='ltr'><strong>plures</strong></span> <span class='ocrx_word' id='word_1_326' title='bbox 878 3815 1043 3870; x_wconf 89' lang='lat' dir='ltr'><strong>unius</strong></span> <span class='ocrx_word' id='word_1_327' title='bbox 1073 3816 1280 3868; x_wconf 91' lang='lat' dir='ltr'><strong>honore</strong></span> <span class='ocrx_word' id='word_1_328' title='bbox 1316 3812 1497 3867; x_wconf 89' lang='lat' dir='ltr'><strong>valere</strong></span> <span class='ocrx_word' id='word_1_329' title='bbox 1523 3828 1535 3864; x_wconf 92' lang='lat'>:</span> 
     </span>
    </p>
   </div>
   <div class='ocr_carea' id='block_1_56' title="bbox 221 3899 1660 3981">
    <p class='ocr_par' dir='ltr' id='par_1_56' title="bbox 221 3899 1660 3981">
     <span class='ocr_line' id='line_1_56' title="bbox 221 3899 1660 3981; baseline -0.008 -17"><span class='ocrx_word' id='word_1_330' title='bbox 221 3911 408 3981; x_wconf 89' lang='lat' dir='ltr'><strong>Ipsum</strong></span> <span class='ocrx_word' id='word_1_331' title='bbox 440 3925 542 3963; x_wconf 89' lang='lat' dir='ltr'><strong>nec</strong></span> <span class='ocrx_word' id='word_1_332' title='bbox 572 3906 848 3961; x_wconf 90' lang='lat' dir='ltr'><strong>modicum</strong></span> <span class='ocrx_word' id='word_1_333' title='bbox 881 3904 1067 3958; x_wconf 85' lang='lat' dir='ltr'><strong>functo</strong></span> <span class='ocrx_word' id='word_1_334' title='bbox 1098 3917 1354 3970; x_wconf 86' lang='lat' dir='ltr'><strong>reparare</strong></span> <span class='ocrx_word' id='word_1_335' title='bbox 1383 3899 1660 3970; x_wconf 87' lang='lat' dir='ltr'><strong>capillum.</strong></span> 
     </span>
    </p>
   </div>
   <div class='ocr_carea' id='block_1_57' title="bbox 223 3994 1548 4057">
    <p class='ocr_par' dir='ltr' id='par_1_57' title="bbox 223 3994 1548 4057">
     <span class='ocr_line' id='line_1_57' title="bbox 223 3994 1548 4057; baseline -0.008 -3"><span class='ocrx_word' id='word_1_336' title='bbox 223 4001 337 4057; x_wconf 85' lang='lat' dir='ltr'><strong>Hoc</strong></span> <span class='ocrx_word' id='word_1_337' title='bbox 364 3999 767 4054; x_wconf 84' lang='lat' dir='ltr'><strong>infrendentem</strong></span> <span class='ocrx_word' id='word_1_338' title='bbox 797 3996 1063 4051; x_wconf 83' lang='lat' dir='ltr'><strong>cohibens</strong></span> <span class='ocrx_word' id='word_1_339' title='bbox 1089 4002 1296 4048; x_wconf 91' lang='lat' dir='ltr'><strong>terrore</strong></span> <span class='ocrx_word' id='word_1_340' title='bbox 1332 3994 1548 4046; x_wconf 90' lang='lat' dir='ltr'><strong>leonem</strong></span> 
     </span>
    </p>
   </div>
   <div class='ocr_carea' id='block_1_58' title="bbox 219 4085 1635 4164">
    <p class='ocr_par' dir='ltr' id='par_1_58' title="bbox 219 4085 1635 4164">
     <span class='ocr_line' id='line_1_58' title="bbox 219 4085 1635 4164; baseline -0.008 -14"><span class='ocrx_word' id='word_1_341' title='bbox 219 4095 462 4150; x_wconf 89' lang='lat' dir='ltr'><strong>Crimine</strong></span> <span class='ocrx_word' id='word_1_342' title='bbox 503 4092 810 4164; x_wconf 86' lang='lat' dir='ltr'><strong>primatem,</strong></span> <span class='ocrx_word' id='word_1_343' title='bbox 843 4088 1004 4144; x_wconf 90' lang='lat' dir='ltr'><strong>solvit</strong></span> <span class='ocrx_word' id='word_1_344' title='bbox 1033 4085 1352 4140; x_wconf 88' lang='lat' dir='ltr'><strong>discrimine</strong></span> <span class='ocrx_word' id='word_1_345' title='bbox 1395 4085 1635 4155; x_wconf 88' lang='lat' dir='ltr'><strong>plebem,</strong></span> 
     </span>
    </p>
   </div>
   <div class='ocr_carea' id='block_1_59' title="bbox 222 4176 1618 4258">
    <p class='ocr_par' dir='ltr' id='par_1_59' title="bbox 222 4176 1618 4258">
     <span class='ocr_line' id='line_1_59' title="bbox 222 4176 1618 4258; baseline -0.008 -16"><span class='ocrx_word' id='word_1_346' title='bbox 222 4190 398 4258; x_wconf 91' lang='lat' dir='ltr'><strong>Inque</strong></span> <span class='ocrx_word' id='word_1_347' title='bbox 427 4183 811 4240; x_wconf 87' lang='lat' dir='ltr'><strong>resolvendum</strong></span> <span class='ocrx_word' id='word_1_348' title='bbox 839 4181 1184 4234; x_wconf 90' lang='lat' dir='ltr'><strong>ferturmens</strong></span> <span class='ocrx_word' id='word_1_349' title='bbox 1208 4176 1436 4232; x_wconf 85' lang='lat' dir='ltr'><strong>delubra</strong></span> <span class='ocrx_word' id='word_1_350' title='bbox 1452 4177 1618 4251; x_wconf 84' lang='lat' dir='ltr'><strong>regis.</strong></span> 
     </span>
    </p>
   </div>
   <div class='ocr_carea' id='block_1_60' title="bbox 297 4266 1538 4344">
    <p class='ocr_par' dir='ltr' id='par_1_60' title="bbox 297 4266 1538 4344">
     <span class='ocr_line' id='line_1_60' title="bbox 297 4266 1538 4344; baseline -0.01 -13"><span class='ocrx_word' id='word_1_351' title='bbox 297 4276 391 4331; x_wconf 86' lang='lat' dir='ltr'><strong>Hic</strong></span> <span class='ocrx_word' id='word_1_352' title='bbox 417 4290 575 4329; x_wconf 90' lang='lat' dir='ltr'><strong>sacer</strong></span> <span class='ocrx_word' id='word_1_353' title='bbox 603 4270 811 4344; x_wconf 75' lang='lat' dir='ltr'><strong>ingenii</strong></span> <span class='ocrx_word' id='word_1_354' title='bbox 844 4267 1074 4323; x_wconf 90' lang='lat' dir='ltr'><strong>rutilans</strong></span> <span class='ocrx_word' id='word_1_355' title='bbox 1106 4267 1368 4337; x_wconf 86' lang='lat' dir='ltr'><strong>Evagrius</strong></span> <span class='ocrx_word' id='word_1_356' title='bbox 1398 4266 1538 4320; x_wconf 89' lang='lat' dir='ltr'><strong>acris</strong></span> 
     </span>
    </p>
   </div>
   <div class='ocr_carea' id='block_1_61' title="bbox 221 4358 1478 4438">
    <p class='ocr_par' dir='ltr' id='par_1_61' title="bbox 221 4358 1478 4438">
     <span class='ocr_line' id='line_1_61' title="bbox 221 4358 1478 4438; baseline -0.012 -14"><span class='ocrx_word' id='word_1_357' title='bbox 221 4369 366 4424; x_wconf 88' lang='lat' dir='ltr'><strong>Luce</strong></span> <span class='ocrx_word' id='word_1_358' title='bbox 398 4368 488 4438; x_wconf 90' lang='lat' dir='ltr'><strong>pia</strong></span> <span class='ocrx_word' id='word_1_359' title='bbox 518 4364 698 4430; x_wconf 89' lang='lat' dir='ltr'><strong>nituit,</strong></span> <span class='ocrx_word' id='word_1_360' title='bbox 724 4369 958 4416; x_wconf 87' lang='lat' dir='ltr'><strong>tractans</strong></span> <span class='ocrx_word' id='word_1_361' title='bbox 985 4359 1170 4412; x_wconf 90' lang='lat' dir='ltr'><strong>divina</strong></span> <span class='ocrx_word' id='word_1_362' title='bbox 1201 4358 1478 4411; x_wconf 88' lang='lat' dir='ltr'><strong>decenter.</strong></span> 
     </span>
    </p>
   </div>
   <div class='ocr_carea' id='block_1_62' title="bbox 296 4447 1552 4517">
    <p class='ocr_par' dir='ltr' id='par_1_62' title="bbox 296 4447 1552 4517">
     <span class='ocr_line' id='line_1_62' title="bbox 296 4447 1552 4517; baseline -0.009 -8"><span class='ocrx_word' id='word_1_363' title='bbox 296 4455 404 4509; x_wconf 83' lang='lat' dir='ltr'><strong>Hac</strong></span> <span class='ocrx_word' id='word_1_364' title='bbox 431 4454 627 4509; x_wconf 90' lang='lat' dir='ltr'><strong>tellure</strong></span> <span class='ocrx_word' id='word_1_365' title='bbox 658 4450 753 4505; x_wconf 90' lang='lat' dir='ltr'><strong>Dei</strong></span> <span class='ocrx_word' id='word_1_366' title='bbox 786 4449 931 4503; x_wconf 89' lang='lat' dir='ltr'><strong>cultu</strong></span> <span class='ocrx_word' id='word_1_367' title='bbox 967 4459 1180 4502; x_wconf 85' lang='lat' dir='ltr'><strong>terrena</strong></span> <span class='ocrx_word' id='word_1_368' title='bbox 1213 4447 1552 4517; x_wconf 90' lang='lat' dir='ltr'><strong>relinquens,</strong></span> 
     </span>
    </p>
   </div>
   <div class='ocr_carea' id='block_1_63' title="bbox 211 4541 1513 4616">
    <p class='ocr_par' dir='ltr' id='par_1_63' title="bbox 211 4541 1513 4616">
     <span class='ocr_line' id='line_1_63' title="bbox 211 4541 1513 4616; baseline -0.011 -13"><span class='ocrx_word' id='word_1_369' title='bbox 211 4549 344 4603; x_wconf 86' lang='lat' dir='ltr'><strong>Jure</strong></span> <span class='ocrx_word' id='word_1_370' title='bbox 368 4544 644 4616; x_wconf 70' lang='lat' dir='ltr'><strong>pudicitia:</strong></span> <span class='ocrx_word' id='word_1_371' title='bbox 668 4541 883 4615; x_wconf 81' lang='lat' dir='ltr'><strong>fugiens</strong></span> <span class='ocrx_word' id='word_1_372' title='bbox 915 4555 1000 4593; x_wconf 89' lang='lat' dir='ltr'><strong>res</strong></span> <span class='ocrx_word' id='word_1_373' title='bbox 1038 4548 1202 4609; x_wconf 89' lang='lat' dir='ltr'><strong>atque</strong></span> <span class='ocrx_word' id='word_1_374' title='bbox 1235 4545 1513 4608; x_wconf 90' lang='lat' dir='ltr'><strong>parentes,</strong></span> 
     </span>
    </p>
   </div>
   <div class='ocr_carea' id='block_1_64' title="bbox 213 4630 1577 4694">
    <p class='ocr_par' dir='ltr' id='par_1_64' title="bbox 213 4630 1577 4694">
     <span class='ocr_line' id='line_1_64' title="bbox 213 4630 1577 4694; baseline -0.008 0"><span class='ocrx_word' id='word_1_375' title='bbox 213 4638 458 4694; x_wconf 60' lang='lat' dir='ltr'><strong>Praetulit</strong></span> <span class='ocrx_word' id='word_1_376' title='bbox 478 4636 754 4692; x_wconf 90' lang='lat' dir='ltr'><strong>illecebris</strong></span> <span class='ocrx_word' id='word_1_377' title='bbox 775 4633 1030 4689; x_wconf 89' lang='lat' dir='ltr'><strong>monachi</strong></span> <span class='ocrx_word' id='word_1_378' title='bbox 1056 4632 1356 4686; x_wconf 90' lang='lat' dir='ltr'><strong>certamina</strong></span> <span class='ocrx_word' id='word_1_379' title='bbox 1389 4630 1577 4684; x_wconf 87' lang='lat' dir='ltr'><strong>mundi</strong></span> 
     </span>
    </p>
   </div>
   <div class='ocr_carea' id='block_1_65' title="bbox 185 4721 1826 4798">
    <p class='ocr_par' dir='ltr' id='par_1_65' title="bbox 185 4721 1826 4798">
     <span class='ocr_line' id='line_1_65' title="bbox 185 4721 1826 4798; baseline -0.005 -17"><span class='ocrx_word' id='word_1_380' title='bbox 185 4727 480 4793; x_wconf 56' lang='lat' dir='ltr'><strong>,Malchus,</strong></span> <span class='ocrx_word' id='word_1_381' title='bbox 505 4742 691 4798; x_wconf 87' lang='lat' dir='ltr'><strong>regem</strong></span> <span class='ocrx_word' id='word_1_382' title='bbox 758 4732 879 4779; x_wconf 86' lang='lat' dir='ltr'><strong>actu</strong></span> <span class='ocrx_word' id='word_1_383' title='bbox 912 4730 1188 4797; x_wconf 84' lang='lat' dir='ltr'><strong>retegens,</strong></span> <span class='ocrx_word' id='word_1_384' title='bbox 1249 4737 1412 4790; x_wconf 82' lang='lat' dir='ltr'><strong>quem</strong></span> <span class='ocrx_word' id='word_1_385' title='bbox 1430 4721 1654 4774; x_wconf 87' lang='lat' dir='ltr'><strong>nomine</strong></span> <span class='ocrx_word' id='word_1_386' title='bbox 1683 4736 1826 4790; x_wconf 69' lang='lat' dir='ltr'><strong>pra:-</strong></span> 
     </span>
    </p>
   </div>
   <div class='ocr_carea' id='block_1_66' title="bbox 1439 4812 1758 4883">
    <p class='ocr_par' dir='ltr' id='par_1_66' title="bbox 1439 4812 1758 4883">
     <span class='ocr_line' id='line_1_66' title="bbox 1439 4812 1758 4883; baseline 0.006 -19"><span class='ocrx_word' id='word_1_387' title='bbox 1439 4813 1560 4883; x_wconf 88' lang='lat' dir='ltr'><strong>[fert</strong></span> <span class='ocrx_word' id='word_1_388' title='bbox 1591 4812 1758 4882; x_wconf 81' lang='lat'><strong>(168),</strong></span> 
     </span>
    </p>
   </div>
   <div class='ocr_carea' id='block_1_67' title="bbox 214 4904 1654 4967">
    <p class='ocr_par' dir='ltr' id='par_1_67' title="bbox 214 4904 1654 4967">
     <span class='ocr_line' id='line_1_67' title="bbox 214 4904 1654 4967; baseline -0.007 0"><span class='ocrx_word' id='word_1_389' title='bbox 214 4911 458 4967; x_wconf 89' lang='lat' dir='ltr'><strong>Callidus</strong></span> <span class='ocrx_word' id='word_1_390' title='bbox 485 4911 630 4966; x_wconf 92' lang='lat' dir='ltr'><strong>hunc</strong></span> <span class='ocrx_word' id='word_1_391' title='bbox 658 4909 831 4964; x_wconf 88' lang='lat' dir='ltr'><strong>hostis</strong></span> <span class='ocrx_word' id='word_1_392' title='bbox 861 4908 1120 4963; x_wconf 89' lang='lat' dir='ltr'><strong>virtutum</strong></span> <span class='ocrx_word' id='word_1_393' title='bbox 1154 4904 1396 4960; x_wconf 90' lang='lat' dir='ltr'><strong>culmine</strong></span> <span class='ocrx_word' id='word_1_394' title='bbox 1423 4921 1654 4958; x_wconf 90' lang='lat' dir='ltr'><strong>cernens</strong></span> 
     </span>
    </p>
   </div>
   <div class='ocr_carea' id='block_1_68' title="bbox 212 4993 1604 5064">
    <p class='ocr_par' dir='ltr' id='par_1_68' title="bbox 212 4993 1604 5064">
     <span class='ocr_line' id='line_1_68' title="bbox 212 4993 1604 5064; baseline -0.006 -10"><span class='ocrx_word' id='word_1_395' title='bbox 212 5000 480 5064; x_wconf 82' lang='lat' dir='ltr'><strong>Gliscere,</strong></span> <span class='ocrx_word' id='word_1_396' title='bbox 515 4998 823 5054; x_wconf 88' lang='lat' dir='ltr'><strong>tendiculas</strong></span> <span class='ocrx_word' id='word_1_397' title='bbox 855 4995 1007 5053; x_wconf 90' lang='lat' dir='ltr'><strong>cordi</strong></span> <span class='ocrx_word' id='word_1_398' title='bbox 1040 4993 1386 5061; x_wconf 89' lang='lat' dir='ltr'><strong>circumjacit</strong></span> <span class='ocrx_word' id='word_1_399' title='bbox 1415 5000 1560 5048; x_wconf 88' lang='lat' dir='ltr'><strong>atras</strong></span> <span class='ocrx_word' id='word_1_400' title='bbox 1591 5011 1604 5046; x_wconf 90' lang='lat'><strong>:</strong></span> 
     </span>
    </p>
   </div>
   <div class='ocr_carea' id='block_1_69' title="bbox 217 5086 1575 5163">
    <p class='ocr_par' dir='ltr' id='par_1_69' title="bbox 217 5086 1575 5163">
     <span class='ocr_line' id='line_1_69' title="bbox 217 5086 1575 5163; baseline -0.007 -16"><span class='ocrx_word' id='word_1_401' title='bbox 217 5095 353 5148; x_wconf 76' lang='lat' dir='ltr'><strong>Rem</strong></span> <span class='ocrx_word' id='word_1_402' title='bbox 387 5092 615 5163; x_wconf 90' lang='lat' dir='ltr'><strong>patriam</strong></span> <span class='ocrx_word' id='word_1_403' title='bbox 649 5098 884 5162; x_wconf 86' lang='lat' dir='ltr'><strong>reparet,</strong></span> <span class='ocrx_word' id='word_1_404' title='bbox 917 5089 1095 5144; x_wconf 81' lang='lat' dir='ltr'><strong>viduae</strong></span> <span class='ocrx_word' id='word_1_405' title='bbox 1121 5087 1388 5143; x_wconf 88' lang='lat' dir='ltr'><strong>solamina</strong></span> <span class='ocrx_word' id='word_1_406' title='bbox 1419 5086 1575 5140; x_wconf 90' lang='lat' dir='ltr'><strong>matri</strong></span> 
     </span>
    </p>
   </div>
   <div class='ocr_carea' id='block_1_70' title="bbox 213 5175 1585 5249">
    <p class='ocr_par' dir='ltr' id='par_1_70' title="bbox 213 5175 1585 5249">
     <span class='ocr_line' id='line_1_70' title="bbox 213 5175 1585 5249; baseline -0.006 -13"><span class='ocrx_word' id='word_1_407' title='bbox 213 5179 492 5246; x_wconf 89' lang='lat' dir='ltr'><strong>Conferat,</strong></span> <span class='ocrx_word' id='word_1_408' title='bbox 516 5189 571 5235; x_wconf 90' lang='lat' dir='ltr'><strong>et</strong></span> <span class='ocrx_word' id='word_1_409' title='bbox 597 5179 767 5235; x_wconf 88' lang='lat' dir='ltr'><strong>sacris</strong></span> <span class='ocrx_word' id='word_1_410' title='bbox 802 5178 1128 5249; x_wconf 89' lang='lat' dir='ltr'><strong>patrimonia</strong></span> <span class='ocrx_word' id='word_1_411' title='bbox 1170 5175 1364 5230; x_wconf 90' lang='lat' dir='ltr'><strong>ritibus</strong></span> <span class='ocrx_word' id='word_1_412' title='bbox 1391 5181 1540 5244; x_wconf 86' lang='lat' dir='ltr'><strong>aptet</strong></span> <span class='ocrx_word' id='word_1_413' title='bbox 1571 5193 1585 5238; x_wconf 88' lang='lat'><strong><em>;</em></strong></span> 
     </span>
    </p>
   </div>
   <div class='ocr_carea' id='block_1_71' title="bbox 216 5263 1829 5341">
    <p class='ocr_par' dir='ltr' id='par_1_71' title="bbox 216 5263 1829 5341">
     <span class='ocr_line' id='line_1_71' title="bbox 216 5263 1829 5341; baseline -0.005 -17"><span class='ocrx_word' id='word_1_414' title='bbox 216 5271 328 5324; x_wconf 85' lang='lat' dir='ltr'><strong>Nec</strong></span> <span class='ocrx_word' id='word_1_415' title='bbox 357 5270 575 5341; x_wconf 90' lang='lat' dir='ltr'><strong>linquit,</strong></span> <span class='ocrx_word' id='word_1_416' title='bbox 610 5267 1096 5324; x_wconf 89' lang='lat' dir='ltr'><strong>licetadmonitum</strong></span> <span class='ocrx_word' id='word_1_417' title='bbox 1129 5267 1287 5328; x_wconf 85' lang='lat' dir='ltr'><strong>duce,</strong></span> <span class='ocrx_word' id='word_1_418' title='bbox 1321 5265 1374 5318; x_wconf 92' lang='lat' dir='ltr'><strong>ni</strong></span> <span class='ocrx_word' id='word_1_419' title='bbox 1411 5263 1585 5319; x_wconf 87' lang='lat' dir='ltr'><strong>trahat</strong></span> <span class='ocrx_word' id='word_1_420' title='bbox 1633 5263 1829 5330; x_wconf 89' lang='lat' dir='ltr'><strong>hamis,</strong></span> 
     </span>
    </p>
   </div>
   <div class='ocr_carea' id='block_1_72' title="bbox 217 5353 1473 5427">
    <p class='ocr_par' dir='ltr' id='par_1_72' title="bbox 217 5353 1473 5427">
     <span class='ocr_line' id='line_1_72' title="bbox 217 5353 1473 5427; baseline -0.006 -14"><span class='ocrx_word' id='word_1_421' title='bbox 217 5359 503 5413; x_wconf 80' lang='lat' dir='ltr'><strong>Fluctibus</strong></span> <span class='ocrx_word' id='word_1_422' title='bbox 527 5357 797 5424; x_wconf 90' lang='lat' dir='ltr'><strong>exturbet,</strong></span> <span class='ocrx_word' id='word_1_423' title='bbox 828 5357 952 5412; x_wconf 63' lang='lat' dir='ltr'><strong>vitae</strong></span> <span class='ocrx_word' id='word_1_424' title='bbox 975 5356 1242 5427; x_wconf 90' lang='lat' dir='ltr'><strong>projectet</strong></span> <span class='ocrx_word' id='word_1_425' title='bbox 1271 5353 1473 5408; x_wconf 89' lang='lat' dir='ltr'><strong>arenis.</strong></span> 
     </span>
    </p>
   </div>
   <div class='ocr_carea' id='block_1_73' title="bbox 216 5443 1546 5503">
    <p class='ocr_par' dir='ltr' id='par_1_73' title="bbox 216 5443 1546 5503">
     <span class='ocr_line' id='line_1_73' title="bbox 216 5443 1546 5503; baseline -0.005 -2"><span class='ocrx_word' id='word_1_426' title='bbox 216 5449 330 5502; x_wconf 80' lang='lat' dir='ltr'><strong>Nec</strong></span> <span class='ocrx_word' id='word_1_427' title='bbox 358 5447 562 5503; x_wconf 89' lang='lat' dir='ltr'><strong>desunt</strong></span> <span class='ocrx_word' id='word_1_428' title='bbox 587 5447 736 5502; x_wconf 92' lang='lat' dir='ltr'><strong>nudo</strong></span> <span class='ocrx_word' id='word_1_429' title='bbox 764 5444 1078 5500; x_wconf 91' lang='lat' dir='ltr'><strong>rabidarum</strong></span> <span class='ocrx_word' id='word_1_430' title='bbox 1111 5443 1254 5499; x_wconf 88' lang='lat' dir='ltr'><strong>furta</strong></span> <span class='ocrx_word' id='word_1_431' title='bbox 1285 5443 1546 5497; x_wconf 88' lang='lat' dir='ltr'><strong>ferarum.</strong></span> 
     </span>
    </p>
   </div>
   <div class='ocr_carea' id='block_1_74' title="bbox 291 5587 1826 5663">
    <p class='ocr_par' dir='ltr' id='par_1_74' title="bbox 291 5587 1826 5663">
     <span class='ocr_line' id='line_1_74' title="bbox 291 5587 1826 5663; baseline -0.004 -16"><span class='ocrx_word' id='word_1_432' title='bbox 291 5591 473 5663; x_wconf 71' lang='lat'><strong>(167&#39;)</strong></span> <span class='ocrx_word' id='word_1_433' title='bbox 506 5591 816 5663; x_wconf 89' lang='lat' dir='ltr'><strong>Principem</strong></span> <span class='ocrx_word' id='word_1_434' title='bbox 837 5589 1018 5663; x_wconf 88' lang='lat' dir='ltr'><strong>inth</strong></span> <span class='ocrx_word' id='word_1_435' title='bbox 1032 5587 1275 5658; x_wconf 89' lang='lat' dir='ltr'><strong>capitulo</strong></span> <span class='ocrx_word' id='word_1_436' title='bbox 1291 5587 1506 5663; x_wconf 78' lang='lat' dir='ltr'><strong>obtinet</strong></span> <span class='ocrx_word' id='word_1_437' title='bbox 1519 5588 1697 5642; x_wconf 90' lang='lat' dir='ltr'><strong>locum</strong></span> <span class='ocrx_word' id='word_1_438' title='bbox 1716 5587 1826 5663; x_wconf 87' lang='lat' dir='ltr'><strong>Vita</strong></span> 
     </span>
    </p>
   </div>
   <div class='ocr_carea' id='block_1_75' title="bbox 221 5657 1824 5726">
    <p class='ocr_par' dir='ltr' id='par_1_75' title="bbox 221 5657 1824 5726">
     <span class='ocr_line' id='line_1_75' title="bbox 221 5657 1824 5726; baseline -0.005 -7"><span class='ocrx_word' id='word_1_439' title='bbox 221 5657 415 5719; x_wconf 82' lang='lat' dir='ltr'><strong>Malchi</strong></span> <span class='ocrx_word' id='word_1_440' title='bbox 446 5657 706 5718; x_wconf 82' lang='lat' dir='ltr'><strong>monachi</strong></span> <span class='ocrx_word' id='word_1_441' title='bbox 736 5679 750 5726; x_wconf 92' lang='lat'><strong>;</strong></span> <span class='ocrx_word' id='word_1_442' title='bbox 782 5661 835 5714; x_wconf 90' lang='lat' dir='ltr'><strong>in</strong></span> <span class='ocrx_word' id='word_1_443' title='bbox 863 5660 1018 5714; x_wconf 87' lang='lat' dir='ltr'><strong>titulo</strong></span> <span class='ocrx_word' id='word_1_444' title='bbox 1051 5657 1232 5714; x_wconf 78' lang='lat' dir='ltr'><strong>tamen</strong></span> <span class='ocrx_word' id='word_1_445' title='bbox 1254 5657 1565 5712; x_wconf 81' lang='lat' dir='ltr'><strong>nulladeeo</strong></span> <span class='ocrx_word' id='word_1_446' title='bbox 1598 5658 1824 5712; x_wconf 89' lang='lat' dir='ltr'><strong>mentio.</strong></span> 
     </span>
    </p>
   </div>
   <div class='ocr_carea' id='block_1_76' title="bbox 527 5811 1215 5876">
    <p class='ocr_par' dir='ltr' id='par_1_76' title="bbox 527 5811 1215 5876">
     <span class='ocr_line' id='line_1_76' title="bbox 527 5811 1215 5876; baseline -0.01 0"><span class='ocrx_word' id='word_1_447' title='bbox 527 5817 826 5876; x_wconf 78' lang='lat' dir='ltr'><strong>PATROL.</strong></span> <span class='ocrx_word' id='word_1_448' title='bbox 882 5811 1215 5874; x_wconf 83' lang='lat' dir='ltr'><strong>CXXXV.</strong></span> 
     </span>
    </p>
   </div>
   <div class='ocr_carea' id='block_1_77' title="bbox 1871 3327 1918 3391">
    <p class='ocr_par' dir='ltr' id='par_1_77' title="bbox 1871 3327 1918 3391">
     <span class='ocr_line' id='line_1_77' title="bbox 1871 3327 1918 3391; baseline -0.064 0"><span class='ocrx_word' id='word_1_449' title='bbox 1871 3327 1918 3391; x_wconf 68' lang='grc' dir='ltr'><strong>(ἶ</strong></span> 
     </span>
    </p>
   </div>
   <div class='ocr_carea' id='block_1_78' title="bbox 1957 2089 3301 2171">
    <p class='ocr_par' dir='ltr' id='par_1_78' title="bbox 1957 2089 3301 2171">
     <span class='ocr_line' id='line_1_78' title="bbox 1957 2089 3301 2171; baseline 0.009 -29"><span class='ocrx_word' id='word_1_450' title='bbox 1957 2089 2219 2145; x_wconf 89' lang='lat' dir='ltr'><strong>Panditnr</strong></span> <span class='ocrx_word' id='word_1_451' title='bbox 2248 2098 2492 2146; x_wconf 89' lang='lat' dir='ltr'><strong>actutum</strong></span> <span class='ocrx_word' id='word_1_452' title='bbox 2525 2102 2834 2168; x_wconf 89' lang='lat' dir='ltr'><strong>grassatum</strong></span> <span class='ocrx_word' id='word_1_453' title='bbox 2861 2098 3045 2167; x_wconf 64' lang='lat' dir='ltr'><strong>praeda</strong></span> <span class='ocrx_word' id='word_1_454' title='bbox 3071 2100 3301 2171; x_wconf 88' lang='lat' dir='ltr'><strong>rapinis,</strong></span> 
     </span>
    </p>
   </div>
   <div class='ocr_carea' id='block_1_79' title="bbox 1958 2184 3224 2259">
    <p class='ocr_par' dir='ltr' id='par_1_79' title="bbox 1958 2184 3224 2259">
     <span class='ocr_line' id='line_1_79' title="bbox 1958 2184 3224 2259; baseline 0.009 -24"><span class='ocrx_word' id='word_1_455' title='bbox 1958 2184 2355 2239; x_wconf 88' lang='lat' dir='ltr'><strong>Ismaelitarum</strong></span> <span class='ocrx_word' id='word_1_456' title='bbox 2391 2187 2711 2259; x_wconf 90' lang='lat' dir='ltr'><strong>rapiturque</strong></span> <span class='ocrx_word' id='word_1_457' title='bbox 2745 2189 3019 2257; x_wconf 83' lang='lat' dir='ltr'><strong>examine,</strong></span> <span class='ocrx_word' id='word_1_458' title='bbox 3053 2191 3224 2246; x_wconf 67' lang='lat' dir='ltr'><strong>turbae</strong></span> 
     </span>
    </p>
   </div>
   <div class='ocr_carea' id='block_1_80' title="bbox 1952 2273 3253 2348">
    <p class='ocr_par' dir='ltr' id='par_1_80' title="bbox 1952 2273 3253 2348">
     <span class='ocr_line' id='line_1_80' title="bbox 1952 2273 3253 2348; baseline 0.009 -24"><span class='ocrx_word' id='word_1_459' title='bbox 1952 2273 2220 2344; x_wconf 64' lang='lat' dir='ltr'><strong>Dispersee</strong></span> <span class='ocrx_word' id='word_1_460' title='bbox 2248 2275 2507 2330; x_wconf 90' lang='lat' dir='ltr'><strong>comitum</strong></span> <span class='ocrx_word' id='word_1_461' title='bbox 2529 2276 2692 2330; x_wconf 88' lang='lat' dir='ltr'><strong>variis</strong></span> <span class='ocrx_word' id='word_1_462' title='bbox 2719 2284 2772 2331; x_wconf 83' lang='lat' dir='ltr'><strong>et</strong></span> <span class='ocrx_word' id='word_1_463' title='bbox 2793 2277 3045 2333; x_wconf 90' lang='lat' dir='ltr'><strong>cladibus</strong></span> <span class='ocrx_word' id='word_1_464' title='bbox 3074 2288 3205 2336; x_wconf 70' lang='lat' dir='ltr'><strong>acta:</strong></span> <span class='ocrx_word' id='word_1_465' title='bbox 3237 2301 3253 2348; x_wconf 89' lang='lat'><strong><em>;</em></strong></span> 
     </span>
    </p>
   </div>
   <div class='ocr_carea' id='block_1_81' title="bbox 1951 2365 3340 2441">
    <p class='ocr_par' dir='ltr' id='par_1_81' title="bbox 1951 2365 3340 2441">
     <span class='ocr_line' id='line_1_81' title="bbox 1951 2365 3340 2441; baseline 0.009 -24"><span class='ocrx_word' id='word_1_466' title='bbox 1951 2365 2149 2436; x_wconf 85' lang='lat' dir='ltr'><strong>Sicque</strong></span> <span class='ocrx_word' id='word_1_467' title='bbox 2179 2367 2514 2422; x_wconf 89' lang='lat' dir='ltr'><strong>camelorum</strong></span> <span class='ocrx_word' id='word_1_468' title='bbox 2552 2367 2734 2441; x_wconf 88' lang='lat' dir='ltr'><strong>gibbis</strong></span> <span class='ocrx_word' id='word_1_469' title='bbox 2765 2368 3018 2424; x_wconf 91' lang='lat' dir='ltr'><strong>sublimis</strong></span> <span class='ocrx_word' id='word_1_470' title='bbox 3048 2372 3340 2428; x_wconf 72' lang='lat' dir='ltr'><strong>inhaerens.</strong></span> 
     </span>
    </p>
   </div>
   <div class='ocr_carea' id='block_1_82' title="bbox 1951 2452 3393 2522">
    <p class='ocr_par' dir='ltr' id='par_1_82' title="bbox 1951 2452 3393 2522">
     <span class='ocr_line' id='line_1_82' title="bbox 1951 2452 3393 2522; baseline 0.009 -17"><span class='ocrx_word' id='word_1_471' title='bbox 1951 2452 2050 2506; x_wconf 90' lang='lat' dir='ltr'><strong>Per</strong></span> <span class='ocrx_word' id='word_1_472' title='bbox 2076 2464 2281 2508; x_wconf 90' lang='lat' dir='ltr'><strong>vastam</strong></span> <span class='ocrx_word' id='word_1_473' title='bbox 2306 2453 2476 2509; x_wconf 91' lang='lat' dir='ltr'><strong>fertur</strong></span> <span class='ocrx_word' id='word_1_474' title='bbox 2505 2471 2775 2522; x_wconf 88' lang='lat' dir='ltr'><strong>eremum,</strong></span> <span class='ocrx_word' id='word_1_475' title='bbox 2807 2473 2934 2512; x_wconf 92' lang='lat' dir='ltr'><strong>caro</strong></span> <span class='ocrx_word' id='word_1_476' title='bbox 2965 2460 3134 2514; x_wconf 90' lang='lat' dir='ltr'><strong>cruda</strong></span> <span class='ocrx_word' id='word_1_477' title='bbox 3168 2462 3393 2518; x_wconf 87' lang='lat' dir='ltr'><strong>resolvit</strong></span> 
     </span>
    </p>
   </div>
   <div class='ocr_carea' id='block_1_83' title="bbox 1946 2545 3109 2619">
    <p class='ocr_par' dir='ltr' id='par_1_83' title="bbox 1946 2545 3109 2619">
     <span class='ocr_line' id='line_1_83' title="bbox 1946 2545 3109 2619; baseline 0.006 -21"><span class='ocrx_word' id='word_1_478' title='bbox 1946 2545 2211 2613; x_wconf 81' lang='lat' dir='ltr'><strong>Esuriem,</strong></span> <span class='ocrx_word' id='word_1_479' title='bbox 2239 2546 2442 2602; x_wconf 83' lang='lat' dir='ltr'><strong>misero</strong></span> <span class='ocrx_word' id='word_1_480' title='bbox 2474 2555 2693 2617; x_wconf 90' lang='lat' dir='ltr'><strong>potatur</strong></span> <span class='ocrx_word' id='word_1_481' title='bbox 2721 2548 2860 2603; x_wconf 92' lang='lat' dir='ltr'><strong>lacte</strong></span> <span class='ocrx_word' id='word_1_482' title='bbox 2891 2551 3109 2619; x_wconf 89' lang='lat' dir='ltr'><strong>cameli,</strong></span> 
     </span>
    </p>
   </div>
   <div class='ocr_carea' id='block_1_84' title="bbox 1953 2637 3441 2715">
    <p class='ocr_par' dir='ltr' id='par_1_84' title="bbox 1953 2637 3441 2715">
     <span class='ocr_line' id='line_1_84' title="bbox 1953 2637 3441 2715; baseline 0.007 -25"><span class='ocrx_word' id='word_1_483' title='bbox 1953 2637 2256 2693; x_wconf 67' lang='lat' dir='ltr'><strong>Barbaricas</strong></span> <span class='ocrx_word' id='word_1_484' title='bbox 2279 2646 2532 2694; x_wconf 88' lang='lat' dir='ltr'><strong>curvatus</strong></span> <span class='ocrx_word' id='word_1_485' title='bbox 2578 2640 2722 2694; x_wconf 76' lang='lat' dir='ltr'><strong>herae</strong></span> <span class='ocrx_word' id='word_1_486' title='bbox 2750 2641 2910 2695; x_wconf 88' lang='lat' dir='ltr'><strong>datur</strong></span> <span class='ocrx_word' id='word_1_487' title='bbox 2939 2642 3146 2715; x_wconf 90' lang='lat' dir='ltr'><strong>absque</strong></span> <span class='ocrx_word' id='word_1_488' title='bbox 3165 2646 3441 2715; x_wconf 90' lang='lat' dir='ltr'><strong>pupendis</strong></span> 
     </span>
    </p>
   </div>
   <div class='ocr_carea' id='block_1_85' title="bbox 1946 2729 3323 2804">
    <p class='ocr_par' dir='ltr' id='par_1_85' title="bbox 1946 2729 3323 2804">
     <span class='ocr_line' id='line_1_85' title="bbox 1946 2729 3323 2804; baseline 0.006 -21"><span class='ocrx_word' id='word_1_489' title='bbox 1946 2729 2132 2784; x_wconf 87' lang='lat' dir='ltr'><strong>Nudus</strong></span> <span class='ocrx_word' id='word_1_490' title='bbox 2161 2730 2332 2793; x_wconf 90' lang='lat' dir='ltr'><strong>abire,</strong></span> <span class='ocrx_word' id='word_1_491' title='bbox 2362 2732 2554 2786; x_wconf 88' lang='lat' dir='ltr'><strong>ovibus</strong></span> <span class='ocrx_word' id='word_1_492' title='bbox 2583 2731 2746 2787; x_wconf 91' lang='lat' dir='ltr'><strong>discit</strong></span> <span class='ocrx_word' id='word_1_493' title='bbox 2767 2733 3085 2804; x_wconf 89' lang='lat' dir='ltr'><strong>dependere</strong></span> <span class='ocrx_word' id='word_1_494' title='bbox 3115 2751 3323 2791; x_wconf 88' lang='lat' dir='ltr'><strong>curam.</strong></span> 
     </span>
    </p>
   </div>
   <div class='ocr_carea' id='block_1_86' title="bbox 1946 2823 3329 2898">
    <p class='ocr_par' dir='ltr' id='par_1_86' title="bbox 1946 2823 3329 2898">
     <span class='ocr_line' id='line_1_86' title="bbox 1946 2823 3329 2898; baseline 0.007 -24"><span class='ocrx_word' id='word_1_495' title='bbox 1946 2823 2233 2877; x_wconf 87' lang='lat' dir='ltr'><strong>Servitium</strong></span> <span class='ocrx_word' id='word_1_496' title='bbox 2265 2831 2511 2894; x_wconf 89' lang='lat' dir='ltr'><strong>respecta</strong></span> <span class='ocrx_word' id='word_1_497' title='bbox 2538 2823 2680 2878; x_wconf 87' lang='lat' dir='ltr'><strong>levat</strong></span> <span class='ocrx_word' id='word_1_498' title='bbox 2711 2827 3037 2880; x_wconf 90' lang='lat' dir='ltr'><strong>memoratio</strong></span> <span class='ocrx_word' id='word_1_499' title='bbox 3071 2835 3284 2898; x_wconf 89' lang='lat' dir='ltr'><strong>patrum</strong></span> <span class='ocrx_word' id='word_1_500' title='bbox 3316 2847 3329 2892; x_wconf 88' lang='lat'><strong>;</strong></span> 
     </span>
    </p>
   </div>
   <div class='ocr_carea' id='block_1_87' title="bbox 1947 2912 3426 2989">
    <p class='ocr_par' dir='ltr' id='par_1_87' title="bbox 1947 2912 3426 2989">
     <span class='ocr_line' id='line_1_87' title="bbox 1947 2912 3426 2989; baseline 0.005 -24"><span class='ocrx_word' id='word_1_501' title='bbox 1947 2912 2120 2986; x_wconf 84' lang='lat' dir='ltr'><strong>Exigit</strong></span> <span class='ocrx_word' id='word_1_502' title='bbox 2152 2914 2238 2967; x_wconf 90' lang='lat' dir='ltr'><strong>hic</strong></span> <span class='ocrx_word' id='word_1_503' title='bbox 2261 2915 2588 2968; x_wconf 90' lang='lat' dir='ltr'><strong>monachum</strong></span> <span class='ocrx_word' id='word_1_504' title='bbox 2611 2914 2869 2985; x_wconf 88' lang='lat' dir='ltr'><strong>precibus</strong></span> <span class='ocrx_word' id='word_1_505' title='bbox 2898 2916 3234 2989; x_wconf 90' lang='lat' dir='ltr'><strong>psalmisquc</strong></span> <span class='ocrx_word' id='word_1_506' title='bbox 3268 2926 3426 2974; x_wconf 88' lang='lat' dir='ltr'><strong>sueto</strong></span> 
     </span>
    </p>
   </div>
   <div class='ocr_carea' id='block_1_88' title="bbox 1946 3005 3253 3079">
    <p class='ocr_par' dir='ltr' id='par_1_88' title="bbox 1946 3005 3253 3079">
     <span class='ocr_line' id='line_1_88' title="bbox 1946 3005 3253 3079; baseline 0.005 -21"><span class='ocrx_word' id='word_1_507' title='bbox 1946 3005 2136 3070; x_wconf 83' lang='lat' dir='ltr'><strong>Instat,</strong></span> <span class='ocrx_word' id='word_1_508' title='bbox 2179 3006 2456 3061; x_wconf 85' lang='lat' dir='ltr'><strong>delectant</strong></span> <span class='ocrx_word' id='word_1_509' title='bbox 2477 3007 2772 3062; x_wconf 87' lang='lat' dir='ltr'><strong>famulatus</strong></span> <span class='ocrx_word' id='word_1_510' title='bbox 2794 3009 2918 3079; x_wconf 92' lang='lat' dir='ltr'><strong>jura</strong></span> <span class='ocrx_word' id='word_1_511' title='bbox 2948 3009 3253 3064; x_wconf 90' lang='lat' dir='ltr'><strong>subactum.</strong></span> 
     </span>
    </p>
   </div>
   <div class='ocr_carea' id='block_1_89' title="bbox 1946 3096 3484 3174">
    <p class='ocr_par' dir='ltr' id='par_1_89' title="bbox 1946 3096 3484 3174">
     <span class='ocr_line' id='line_1_89' title="bbox 1946 3096 3484 3174; baseline 0.006 -25"><span class='ocrx_word' id='word_1_512' title='bbox 1946 3096 2259 3151; x_wconf 91' lang='lat' dir='ltr'><strong>lnvidethis</strong></span> <span class='ocrx_word' id='word_1_513' title='bbox 2291 3099 2485 3165; x_wconf 90' lang='lat' dir='ltr'><strong>hostis,</strong></span> <span class='ocrx_word' id='word_1_514' title='bbox 2517 3101 2854 3174; x_wconf 89' lang='lat' dir='ltr'><strong>laqueosque</strong></span> <span class='ocrx_word' id='word_1_515' title='bbox 2879 3118 2976 3174; x_wconf 90' lang='lat' dir='ltr'><strong>per</strong></span> <span class='ocrx_word' id='word_1_516' title='bbox 3005 3102 3191 3157; x_wconf 90' lang='lat' dir='ltr'><strong>abdita</strong></span> <span class='ocrx_word' id='word_1_517' title='bbox 3224 3103 3484 3170; x_wconf 86' lang='lat' dir='ltr'><strong>tendens,</strong></span> 
     </span>
    </p>
   </div>
   <div class='ocr_carea' id='block_1_90' title="bbox 1946 3185 3254 3247">
    <p class='ocr_par' dir='ltr' id='par_1_90' title="bbox 1946 3185 3254 3247">
     <span class='ocr_line' id='line_1_90' title="bbox 1946 3185 3254 3247; baseline 0.005 -9"><span class='ocrx_word' id='word_1_518' title='bbox 1946 3185 2196 3240; x_wconf 91' lang='lat' dir='ltr'><strong>lIortatur</strong></span> <span class='ocrx_word' id='word_1_519' title='bbox 2230 3187 2514 3242; x_wconf 91' lang='lat' dir='ltr'><strong>dominum</strong></span> <span class='ocrx_word' id='word_1_520' title='bbox 2543 3191 2712 3246; x_wconf 89' lang='lat' dir='ltr'><strong>donet</strong></span> <span class='ocrx_word' id='word_1_521' title='bbox 2742 3192 3012 3247; x_wconf 91' lang='lat' dir='ltr'><strong>solamine</strong></span> <span class='ocrx_word' id='word_1_522' title='bbox 3039 3207 3254 3246; x_wconf 87' lang='lat' dir='ltr'><strong>servum</strong></span> 
     </span>
    </p>
   </div>
   <div class='ocr_carea' id='block_1_91' title="bbox 1943 3277 3418 3355">
    <p class='ocr_par' dir='ltr' id='par_1_91' title="bbox 1943 3277 3418 3355">
     <span class='ocr_line' id='line_1_91' title="bbox 1943 3277 3418 3355; baseline 0.005 -24"><span class='ocrx_word' id='word_1_523' title='bbox 1943 3277 2110 3340; x_wconf 82' lang='lat' dir='ltr'><strong>Quem</strong></span> <span class='ocrx_word' id='word_1_524' title='bbox 2138 3278 2288 3332; x_wconf 87' lang='lat' dir='ltr'><strong>videt</strong></span> <span class='ocrx_word' id='word_1_525' title='bbox 2318 3281 2598 3352; x_wconf 86' lang='lat' dir='ltr'><strong>egregium</strong></span> <span class='ocrx_word' id='word_1_526' title='bbox 2623 3284 2809 3338; x_wconf 89' lang='lat' dir='ltr'><strong>caulas</strong></span> <span class='ocrx_word' id='word_1_527' title='bbox 2843 3284 3073 3355; x_wconf 90' lang='lat' dir='ltr'><strong>implere</strong></span> <span class='ocrx_word' id='word_1_528' title='bbox 3104 3290 3418 3354; x_wconf 83' lang='lat' dir='ltr'><strong>patronum,</strong></span> 
     </span>
    </p>
   </div>
   <div class='ocr_carea' id='block_1_92' title="bbox 1946 3366 3239 3426">
    <p class='ocr_par' dir='ltr' id='par_1_92' title="bbox 1946 3366 3239 3426">
     <span class='ocr_line' id='line_1_92' title="bbox 1946 3366 3239 3426; baseline 0.005 -9"><span class='ocrx_word' id='word_1_529' title='bbox 1946 3366 2252 3420; x_wconf 89' lang='lat' dir='ltr'><strong>Vinclorum</strong></span> <span class='ocrx_word' id='word_1_530' title='bbox 2282 3368 2488 3420; x_wconf 90' lang='lat' dir='ltr'><strong>sociam</strong></span> <span class='ocrx_word' id='word_1_531' title='bbox 2526 3367 2732 3425; x_wconf 89' lang='lat' dir='ltr'><strong>famulo</strong></span> <span class='ocrx_word' id='word_1_532' title='bbox 2764 3388 2964 3426; x_wconf 83' lang='lat' dir='ltr'><strong>nexare</strong></span> <span class='ocrx_word' id='word_1_533' title='bbox 2994 3371 3239 3426; x_wconf 89' lang='lat' dir='ltr'><strong>maritam</strong></span> 
     </span>
    </p>
   </div>
   <div class='ocr_carea' id='block_1_93' title="bbox 1942 3461 3203 3543">
    <p class='ocr_par' dir='ltr' id='par_1_93' title="bbox 1942 3461 3203 3543">
     <span class='ocr_line' id='line_1_93' title="bbox 1942 3461 3203 3543; baseline 0.008 -30"><span class='ocrx_word' id='word_1_534' title='bbox 1942 3461 2217 3528; x_wconf 88' lang='lat' dir='ltr'><strong>Decernit,</strong></span> <span class='ocrx_word' id='word_1_535' title='bbox 2240 3462 2425 3535; x_wconf 86' lang='lat' dir='ltr'><strong>gladio</strong></span> <span class='ocrx_word' id='word_1_536' title='bbox 2458 3473 2780 3519; x_wconf 92' lang='lat' dir='ltr'><strong>renuentem</strong></span> <span class='ocrx_word' id='word_1_537' title='bbox 2810 3467 3005 3523; x_wconf 88' lang='lat' dir='ltr'><strong>cedere</strong></span> <span class='ocrx_word' id='word_1_538' title='bbox 3035 3469 3203 3543; x_wconf 79' lang='lat' dir='ltr'><strong>cogit,</strong></span> 
     </span>
    </p>
   </div>
   <div class='ocr_carea' id='block_1_94' title="bbox 1944 3553 3169 3630">
    <p class='ocr_par' dir='ltr' id='par_1_94' title="bbox 1944 3553 3169 3630">
     <span class='ocr_line' id='line_1_94' title="bbox 1944 3553 3169 3630; baseline 0.006 -24"><span class='ocrx_word' id='word_1_539' title='bbox 1944 3555 2249 3608; x_wconf 89' lang='lat' dir='ltr'><strong>Detestatus</strong></span> <span class='ocrx_word' id='word_1_540' title='bbox 2280 3553 2378 3608; x_wconf 91' lang='lat' dir='ltr'><strong>init</strong></span> <span class='ocrx_word' id='word_1_541' title='bbox 2406 3554 2674 3610; x_wconf 89' lang='lat' dir='ltr'><strong>thalamos</strong></span> <span class='ocrx_word' id='word_1_542' title='bbox 2698 3556 2896 3613; x_wconf 87' lang='lat' dir='ltr'><strong>virtute</strong></span> <span class='ocrx_word' id='word_1_543' title='bbox 2920 3575 3169 3630; x_wconf 89' lang='lat' dir='ltr'><strong>perosos,</strong></span> 
     </span>
    </p>
   </div>
   <div class='ocr_carea' id='block_1_95' title="bbox 1941 3645 3360 3719">
    <p class='ocr_par' dir='ltr' id='par_1_95' title="bbox 1941 3645 3360 3719">
     <span class='ocr_line' id='line_1_95' title="bbox 1941 3645 3360 3719; baseline 0.006 -21"><span class='ocrx_word' id='word_1_544' title='bbox 1941 3645 2207 3719; x_wconf 89' lang='lat' dir='ltr'><strong>Plangere</strong></span> <span class='ocrx_word' id='word_1_545' title='bbox 2240 3660 2338 3715; x_wconf 90' lang='lat' dir='ltr'><strong>pro</strong></span> <span class='ocrx_word' id='word_1_546' title='bbox 2368 3653 2552 3710; x_wconf 91' lang='lat' dir='ltr'><strong>cantu,</strong></span> <span class='ocrx_word' id='word_1_547' title='bbox 2585 3663 2682 3718; x_wconf 89' lang='lat' dir='ltr'><strong>pro</strong></span> <span class='ocrx_word' id='word_1_548' title='bbox 2715 3647 2911 3702; x_wconf 87' lang='lat' dir='ltr'><strong>saltatu</strong></span> <span class='ocrx_word' id='word_1_549' title='bbox 2943 3651 3108 3705; x_wconf 86' lang='lat' dir='ltr'><strong>edere</strong></span> <span class='ocrx_word' id='word_1_550' title='bbox 3130 3652 3360 3717; x_wconf 90' lang='lat' dir='ltr'><strong>luctum,</strong></span> 
     </span>
    </p>
   </div>
   <div class='ocr_carea' id='block_1_96' title="bbox 1943 3737 3416 3811">
    <p class='ocr_par' dir='ltr' id='par_1_96' title="bbox 1943 3737 3416 3811">
     <span class='ocr_line' id='line_1_96' title="bbox 1943 3737 3416 3811; baseline 0.005 -21"><span class='ocrx_word' id='word_1_551' title='bbox 1943 3737 2096 3790; x_wconf 85' lang='lat' dir='ltr'><strong>Flere</strong></span> <span class='ocrx_word' id='word_1_552' title='bbox 2135 3737 2474 3808; x_wconf 89' lang='lat' dir='ltr'><strong>pudicitiam,</strong></span> <span class='ocrx_word' id='word_1_553' title='bbox 2509 3737 2791 3809; x_wconf 90' lang='lat' dir='ltr'><strong>proprium</strong></span> <span class='ocrx_word' id='word_1_554' title='bbox 2811 3741 3157 3796; x_wconf 89' lang='lat' dir='ltr'><strong>consciscere</strong></span> <span class='ocrx_word' id='word_1_555' title='bbox 3185 3742 3416 3811; x_wconf 88' lang='lat' dir='ltr'><strong>lethum,</strong></span> 
     </span>
    </p>
   </div>
   <div class='ocr_carea' id='block_1_97' title="bbox 1941 3829 3325 3904">
    <p class='ocr_par' dir='ltr' id='par_1_97' title="bbox 1941 3829 3325 3904">
     <span class='ocr_line' id='line_1_97' title="bbox 1941 3829 3325 3904; baseline 0.004 -21"><span class='ocrx_word' id='word_1_556' title='bbox 1941 3830 2192 3894; x_wconf 71' lang='lat' dir='ltr'><strong>Quaerere</strong></span> <span class='ocrx_word' id='word_1_557' title='bbox 2223 3829 2533 3895; x_wconf 88' lang='lat' dir='ltr'><strong>decessum,</strong></span> <span class='ocrx_word' id='word_1_558' title='bbox 2567 3829 2690 3884; x_wconf 63' lang='lat' dir='ltr'><strong>vitae</strong></span> <span class='ocrx_word' id='word_1_559' title='bbox 2722 3829 2980 3900; x_wconf 73' lang='lat' dir='ltr'><strong>przeferre</strong></span> <span class='ocrx_word' id='word_1_560' title='bbox 3009 3834 3278 3904; x_wconf 90' lang='lat' dir='ltr'><strong>pudorem</strong></span> <span class='ocrx_word' id='word_1_561' title='bbox 3313 3853 3325 3888; x_wconf 89' lang='lat'><strong>:</strong></span> 
     </span>
    </p>
   </div>
   <div class='ocr_carea' id='block_1_98' title="bbox 1942 3921 3377 3992">
    <p class='ocr_par' dir='ltr' id='par_1_98' title="bbox 1942 3921 3377 3992">
     <span class='ocr_line' id='line_1_98' title="bbox 1942 3921 3377 3992; baseline 0.006 -17"><span class='ocrx_word' id='word_1_562' title='bbox 1942 3921 2159 3976; x_wconf 87' lang='lat' dir='ltr'><strong>Evibrat</strong></span> <span class='ocrx_word' id='word_1_563' title='bbox 2187 3921 2242 3974; x_wconf 92' lang='lat' dir='ltr'><strong>in</strong></span> <span class='ocrx_word' id='word_1_564' title='bbox 2275 3936 2396 3975; x_wconf 90' lang='lat' dir='ltr'><strong>sese</strong></span> <span class='ocrx_word' id='word_1_565' title='bbox 2418 3921 2645 3992; x_wconf 89' lang='lat' dir='ltr'><strong>lcrrum,</strong></span> <span class='ocrx_word' id='word_1_566' title='bbox 2677 3937 2864 3976; x_wconf 89' lang='lat' dir='ltr'><strong>comes</strong></span> <span class='ocrx_word' id='word_1_567' title='bbox 2891 3923 3119 3980; x_wconf 90' lang='lat' dir='ltr'><strong>ausibus</strong></span> <span class='ocrx_word' id='word_1_568' title='bbox 3149 3926 3330 3980; x_wconf 89' lang='lat' dir='ltr'><strong>obstat</strong></span> <span class='ocrx_word' id='word_1_569' title='bbox 3364 3945 3377 3985; x_wconf 92' lang='lat'><strong>:</strong></span> 
     </span>
    </p>
   </div>
   <div class='ocr_carea' id='block_1_99' title="bbox 1941 4013 3268 4086">
    <p class='ocr_par' dir='ltr' id='par_1_99' title="bbox 1941 4013 3268 4086">
     <span class='ocr_line' id='line_1_99' title="bbox 1941 4013 3268 4086; baseline 0.004 -18"><span class='ocrx_word' id='word_1_570' title='bbox 1941 4015 2104 4070; x_wconf 85' lang='lat' dir='ltr'><strong>Morte</strong></span> <span class='ocrx_word' id='word_1_571' title='bbox 2125 4013 2237 4068; x_wconf 91' lang='lat' dir='ltr'><strong>fera</strong></span> <span class='ocrx_word' id='word_1_572' title='bbox 2258 4013 2552 4081; x_wconf 89' lang='lat' dir='ltr'><strong>abstineat,</strong></span> <span class='ocrx_word' id='word_1_573' title='bbox 2576 4015 2724 4083; x_wconf 90' lang='lat' dir='ltr'><strong>jurat</strong></span> <span class='ocrx_word' id='word_1_574' title='bbox 2753 4015 2838 4069; x_wconf 89' lang='lat' dir='ltr'><strong>vel</strong></span> <span class='ocrx_word' id='word_1_575' title='bbox 2869 4031 2926 4069; x_wconf 91' lang='lat' dir='ltr'><strong>se</strong></span> <span class='ocrx_word' id='word_1_576' title='bbox 2953 4017 3104 4086; x_wconf 88' lang='lat' dir='ltr'><strong>prius</strong></span> <span class='ocrx_word' id='word_1_577' title='bbox 3133 4018 3268 4073; x_wconf 90' lang='lat' dir='ltr'><strong>Orco</strong></span> 
     </span>
    </p>
   </div>
   <div class='ocr_carea' id='block_1_100' title="bbox 1936 4105 3094 4180">
    <p class='ocr_par' dir='ltr' id='par_1_100' title="bbox 1936 4105 3094 4180">
     <span class='ocr_line' id='line_1_100' title="bbox 1936 4105 3094 4180; baseline 0.001 -19"><span class='ocrx_word' id='word_1_578' title='bbox 1936 4106 2195 4161; x_wconf 88' lang='lat' dir='ltr'><strong>Demittat</strong></span> <span class='ocrx_word' id='word_1_579' title='bbox 2217 4105 2423 4171; x_wconf 88' lang='lat' dir='ltr'><strong>feritas,</strong></span> <span class='ocrx_word' id='word_1_580' title='bbox 2455 4107 2547 4160; x_wconf 91' lang='lat' dir='ltr'><strong>tali</strong></span> <span class='ocrx_word' id='word_1_581' title='bbox 2581 4106 2870 4161; x_wconf 89' lang='lat' dir='ltr'><strong>nexamine</strong></span> <span class='ocrx_word' id='word_1_582' title='bbox 2896 4107 3094 4180; x_wconf 85' lang='lat' dir='ltr'><strong>jungat</strong></span> 
     </span>
    </p>
   </div>
   <div class='ocr_carea' id='block_1_101' title="bbox 1942 4202 3227 4274">
    <p class='ocr_par' dir='ltr' id='par_1_101' title="bbox 1942 4202 3227 4274">
     <span class='ocr_line' id='line_1_101' title="bbox 1942 4202 3227 4274; baseline 0.004 -20"><span class='ocrx_word' id='word_1_583' title='bbox 1942 4202 2222 4257; x_wconf 86' lang='lat' dir='ltr'><strong>Perlantes</strong></span> <span class='ocrx_word' id='word_1_584' title='bbox 2250 4202 2461 4256; x_wconf 90' lang='lat' dir='ltr'><strong>animas</strong></span> <span class='ocrx_word' id='word_1_585' title='bbox 2487 4204 2663 4257; x_wconf 90' lang='lat' dir='ltr'><strong>lucem</strong></span> <span class='ocrx_word' id='word_1_586' title='bbox 2698 4211 3033 4274; x_wconf 89' lang='lat' dir='ltr'><strong>postponere</strong></span> <span class='ocrx_word' id='word_1_587' title='bbox 3064 4206 3227 4260; x_wconf 86' lang='lat' dir='ltr'><strong>castis</strong></span> 
     </span>
    </p>
   </div>
   <div class='ocr_carea' id='block_1_102' title="bbox 1942 4293 3318 4364">
    <p class='ocr_par' dir='ltr' id='par_1_102' title="bbox 1942 4293 3318 4364">
     <span class='ocr_line' id='line_1_102' title="bbox 1942 4293 3318 4364; baseline 0.005 -20"><span class='ocrx_word' id='word_1_588' title='bbox 1942 4293 2002 4346; x_wconf 78' lang='lat' dir='ltr'><strong>At</strong></span> <span class='ocrx_word' id='word_1_589' title='bbox 2039 4294 2215 4363; x_wconf 88' lang='lat' dir='ltr'><strong>pudor</strong></span> <span class='ocrx_word' id='word_1_590' title='bbox 2243 4294 2359 4364; x_wconf 89' lang='lat' dir='ltr'><strong>ipse</strong></span> <span class='ocrx_word' id='word_1_591' title='bbox 2389 4294 2584 4364; x_wconf 89' lang='lat' dir='ltr'><strong>placet,</strong></span> <span class='ocrx_word' id='word_1_592' title='bbox 2619 4294 3036 4364; x_wconf 89' lang='lat' dir='ltr'><strong>capiatpietatis</strong></span> <span class='ocrx_word' id='word_1_593' title='bbox 3066 4297 3318 4361; x_wconf 82' lang='lat' dir='ltr'><strong>amicam.</strong></span> 
     </span>
    </p>
   </div>
   <div class='ocr_carea' id='block_1_103' title="bbox 1959 4381 3322 4453">
    <p class='ocr_par' dir='ltr' id='par_1_103' title="bbox 1959 4381 3322 4453">
     <span class='ocr_line' id='line_1_103' title="bbox 1959 4381 3322 4453; baseline -0.002 -11"><span class='ocrx_word' id='word_1_594' title='bbox 1959 4385 2234 4442; x_wconf 70' lang='lat' dir='ltr'><strong>Munditia:</strong></span> <span class='ocrx_word' id='word_1_595' title='bbox 2255 4381 2478 4447; x_wconf 88' lang='lat' dir='ltr'><strong>sociam,</strong></span> <span class='ocrx_word' id='word_1_596' title='bbox 2513 4381 2711 4435; x_wconf 90' lang='lat' dir='ltr'><strong>mentis</strong></span> <span class='ocrx_word' id='word_1_597' title='bbox 2731 4399 2892 4452; x_wconf 89' lang='lat' dir='ltr'><strong>quam</strong></span> <span class='ocrx_word' id='word_1_598' title='bbox 2923 4385 3118 4453; x_wconf 88' lang='lat' dir='ltr'><strong>cepula</strong></span> <span class='ocrx_word' id='word_1_599' title='bbox 3145 4387 3322 4440; x_wconf 85' lang='lat' dir='ltr'><strong>carnis</strong></span> 
     </span>
    </p>
   </div>
   <div class='ocr_carea' id='block_1_104' title="bbox 1942 4471 3347 4542">
    <p class='ocr_par' dir='ltr' id='par_1_104' title="bbox 1942 4471 3347 4542">
     <span class='ocr_line' id='line_1_104' title="bbox 1942 4471 3347 4542; baseline -0.002 -10"><span class='ocrx_word' id='word_1_600' title='bbox 1942 4476 2224 4538; x_wconf 88' lang='lat' dir='ltr'><strong>Collibeat,</strong></span> <span class='ocrx_word' id='word_1_601' title='bbox 2265 4471 2473 4527; x_wconf 89' lang='lat' dir='ltr'><strong>domini</strong></span> <span class='ocrx_word' id='word_1_602' title='bbox 2505 4471 2770 4525; x_wconf 87' lang='lat' dir='ltr'><strong>thalamos</strong></span> <span class='ocrx_word' id='word_1_603' title='bbox 2796 4473 2939 4525; x_wconf 91' lang='lat' dir='ltr'><strong>Deus</strong></span> <span class='ocrx_word' id='word_1_604' title='bbox 2969 4473 3086 4542; x_wconf 88' lang='lat' dir='ltr'><strong>ipse</strong></span> <span class='ocrx_word' id='word_1_605' title='bbox 3116 4474 3347 4529; x_wconf 91' lang='lat' dir='ltr'><strong>nitorem</strong></span> 
     </span>
    </p>
   </div>
   <div class='ocr_carea' id='block_1_105' title="bbox 1938 4560 3310 4637">
    <p class='ocr_par' dir='ltr' id='par_1_105' title="bbox 1938 4560 3310 4637">
     <span class='ocr_line' id='line_1_105' title="bbox 1938 4560 3310 4637; baseline -0.002 -17"><span class='ocrx_word' id='word_1_606' title='bbox 1938 4565 2236 4637; x_wconf 85' lang='lat' dir='ltr'><strong>Approbet,</strong></span> <span class='ocrx_word' id='word_1_607' title='bbox 2279 4561 2539 4616; x_wconf 90' lang='lat' dir='ltr'><strong>alterutra</strong></span> <span class='ocrx_word' id='word_1_608' title='bbox 2579 4560 2834 4614; x_wconf 88' lang='lat' dir='ltr'><strong>ostendat</strong></span> <span class='ocrx_word' id='word_1_609' title='bbox 2865 4561 3087 4616; x_wconf 85' lang='lat' dir='ltr'><strong>dilectio</strong></span> <span class='ocrx_word' id='word_1_610' title='bbox 3121 4579 3310 4618; x_wconf 83' lang='lat' dir='ltr'><strong>nexos.</strong></span> 
     </span>
    </p>
   </div>
   <div class='ocr_carea' id='block_1_106' title="bbox 1856 4645 3033 4723">
    <p class='ocr_par' dir='ltr' id='par_1_106' title="bbox 1856 4645 3033 4723">
     <span class='ocr_line' id='line_1_106' title="bbox 1856 4645 3033 4723; baseline -0.007 -12"><span class='ocrx_word' id='word_1_611' title='bbox 1856 4645 1908 4711; x_wconf 79' lang='grc' dir='ltr'><strong>Ι)</strong></span> <span class='ocrx_word' id='word_1_612' title='bbox 1937 4654 2203 4710; x_wconf 81' lang='lat' dir='ltr'><strong>Attonitus</strong></span> <span class='ocrx_word' id='word_1_613' title='bbox 2223 4651 2410 4706; x_wconf 89' lang='lat' dir='ltr'><strong>senior</strong></span> <span class='ocrx_word' id='word_1_614' title='bbox 2438 4649 2634 4704; x_wconf 88' lang='lat' dir='ltr'><strong>virtute</strong></span> <span class='ocrx_word' id='word_1_615' title='bbox 2671 4649 2856 4723; x_wconf 87' lang='lat' dir='ltr'><strong>vigere</strong></span> <span class='ocrx_word' id='word_1_616' title='bbox 2891 4649 3033 4703; x_wconf 91' lang='lat' dir='ltr'><strong>virili</strong></span> 
     </span>
    </p>
   </div>
   <div class='ocr_carea' id='block_1_107' title="bbox 1936 4740 3228 4808">
    <p class='ocr_par' dir='ltr' id='par_1_107' title="bbox 1936 4740 3228 4808">
     <span class='ocr_line' id='line_1_107' title="bbox 1936 4740 3228 4808; baseline -0.002 -10"><span class='ocrx_word' id='word_1_617' title='bbox 1936 4745 2154 4800; x_wconf 84' lang='lat' dir='ltr'><strong>Miratur</strong></span> <span class='ocrx_word' id='word_1_618' title='bbox 2193 4744 2404 4798; x_wconf 83' lang='lat' dir='ltr'><strong>facilem</strong></span> <span class='ocrx_word' id='word_1_619' title='bbox 2439 4741 2638 4795; x_wconf 82' lang='lat' dir='ltr'><strong>lasciva</strong></span> <span class='ocrx_word' id='word_1_620' title='bbox 2669 4740 2735 4794; x_wconf 89' lang='lat' dir='ltr'><strong>ad</strong></span> <span class='ocrx_word' id='word_1_621' title='bbox 2767 4741 2976 4796; x_wconf 89' lang='lat' dir='ltr'><strong>lubrica</strong></span> <span class='ocrx_word' id='word_1_622' title='bbox 3016 4757 3228 4808; x_wconf 84' lang='lat' dir='ltr'><strong>sexum,</strong></span> 
     </span>
    </p>
   </div>
   <div class='ocr_carea' id='block_1_108' title="bbox 1934 4829 3293 4908">
    <p class='ocr_par' dir='ltr' id='par_1_108' title="bbox 1934 4829 3293 4908">
     <span class='ocr_line' id='line_1_108' title="bbox 1934 4829 3293 4908; baseline -0.001 -21"><span class='ocrx_word' id='word_1_623' title='bbox 1934 4834 2196 4908; x_wconf 84' lang='lat' dir='ltr'><strong>Diligitut</strong></span> <span class='ocrx_word' id='word_1_624' title='bbox 2217 4833 2462 4902; x_wconf 85' lang='lat' dir='ltr'><strong>junctam</strong></span> <span class='ocrx_word' id='word_1_625' title='bbox 2487 4830 2686 4900; x_wconf 88' lang='lat' dir='ltr'><strong>volupe</strong></span> <span class='ocrx_word' id='word_1_626' title='bbox 2720 4829 2842 4900; x_wconf 87' lang='lat' dir='ltr'><strong>plus</strong></span> <span class='ocrx_word' id='word_1_627' title='bbox 2873 4829 2983 4884; x_wconf 93' lang='lat' dir='ltr'><strong>imo</strong></span> <span class='ocrx_word' id='word_1_628' title='bbox 3010 4831 3252 4904; x_wconf 88' lang='lat' dir='ltr'><strong>jugalem</strong></span> <span class='ocrx_word' id='word_1_629' title='bbox 3279 4849 3293 4885; x_wconf 90' lang='lat'><strong>:</strong></span> 
     </span>
    </p>
   </div>
   <div class='ocr_carea' id='block_1_109' title="bbox 1935 4925 3404 4998">
    <p class='ocr_par' dir='ltr' id='par_1_109' title="bbox 1935 4925 3404 4998">
     <span class='ocr_line' id='line_1_109' title="bbox 1935 4925 3404 4998; baseline 0.001 -16"><span class='ocrx_word' id='word_1_630' title='bbox 1935 4928 2166 4983; x_wconf 89' lang='lat' dir='ltr'><strong>Cernere</strong></span> <span class='ocrx_word' id='word_1_631' title='bbox 2198 4927 2345 4981; x_wconf 90' lang='lat' dir='ltr'><strong>nuda</strong></span> <span class='ocrx_word' id='word_1_632' title='bbox 2374 4935 2555 4981; x_wconf 92' lang='lat' dir='ltr'><strong>tamen</strong></span> <span class='ocrx_word' id='word_1_633' title='bbox 2589 4925 2790 4998; x_wconf 84' lang='lat' dir='ltr'><strong>refugit</strong></span> <span class='ocrx_word' id='word_1_634' title='bbox 2819 4927 2903 4981; x_wconf 89' lang='lat' dir='ltr'><strong>vel</strong></span> <span class='ocrx_word' id='word_1_635' title='bbox 2948 4936 3171 4998; x_wconf 85' lang='lat' dir='ltr'><strong>tangere</strong></span> <span class='ocrx_word' id='word_1_636' title='bbox 3203 4929 3404 4993; x_wconf 84' lang='lat' dir='ltr'><strong>carnis,</strong></span> 
     </span>
    </p>
   </div>
   <div class='ocr_carea' id='block_1_110' title="bbox 1934 5017 3474 5089">
    <p class='ocr_par' dir='ltr' id='par_1_110' title="bbox 1934 5017 3474 5089">
     <span class='ocr_line' id='line_1_110' title="bbox 1934 5017 3474 5089; baseline 0 -16"><span class='ocrx_word' id='word_1_637' title='bbox 1934 5019 2168 5074; x_wconf 81' lang='lat' dir='ltr'><strong>Perdere</strong></span> <span class='ocrx_word' id='word_1_638' title='bbox 2199 5034 2334 5088; x_wconf 89' lang='lat' dir='ltr'><strong>pace</strong></span> <span class='ocrx_word' id='word_1_639' title='bbox 2375 5034 2579 5087; x_wconf 85' lang='lat' dir='ltr'><strong>pavens</strong></span> <span class='ocrx_word' id='word_1_640' title='bbox 2609 5018 2819 5073; x_wconf 87' lang='lat' dir='ltr'><strong>studuit</strong></span> <span class='ocrx_word' id='word_1_641' title='bbox 2849 5017 2997 5089; x_wconf 91' lang='lat' dir='ltr'><strong>quod</strong></span> <span class='ocrx_word' id='word_1_642' title='bbox 3028 5033 3274 5089; x_wconf 62' lang='lat' dir='ltr'><strong>quaerere</strong></span> <span class='ocrx_word' id='word_1_643' title='bbox 3306 5019 3474 5074; x_wconf 88' lang='lat' dir='ltr'><strong>bello.</strong></span> 
     </span>
    </p>
   </div>
   <div class='ocr_carea' id='block_1_111' title="bbox 1934 5107 3315 5178">
    <p class='ocr_par' dir='ltr' id='par_1_111' title="bbox 1934 5107 3315 5178">
     <span class='ocr_line' id='line_1_111' title="bbox 1934 5107 3315 5178; baseline 0.001 -16"><span class='ocrx_word' id='word_1_644' title='bbox 1934 5111 2196 5178; x_wconf 85' lang='lat' dir='ltr'><strong>Acceptos</strong></span> <span class='ocrx_word' id='word_1_645' title='bbox 2224 5107 2464 5162; x_wconf 92' lang='lat' dir='ltr'><strong>dominis</strong></span> <span class='ocrx_word' id='word_1_646' title='bbox 2496 5107 2619 5177; x_wconf 91' lang='lat' dir='ltr'><strong>plus</strong></span> <span class='ocrx_word' id='word_1_647' title='bbox 2653 5109 2779 5162; x_wconf 90' lang='lat' dir='ltr'><strong>talia</strong></span> <span class='ocrx_word' id='word_1_648' title='bbox 2809 5108 3025 5163; x_wconf 90' lang='lat' dir='ltr'><strong>vincula</strong></span> <span class='ocrx_word' id='word_1_649' title='bbox 3055 5108 3315 5176; x_wconf 89' lang='lat' dir='ltr'><strong>reddunt,</strong></span> 
     </span>
    </p>
   </div>
   <div class='ocr_carea' id='block_1_112' title="bbox 1937 5200 3443 5275">
    <p class='ocr_par' dir='ltr' id='par_1_112' title="bbox 1937 5200 3443 5275">
     <span class='ocr_line' id='line_1_112' title="bbox 1937 5200 3443 5275; baseline 0.002 -18"><span class='ocrx_word' id='word_1_650' title='bbox 1937 5202 2091 5257; x_wconf 87' lang='lat' dir='ltr'><strong>Nulla</strong></span> <span class='ocrx_word' id='word_1_651' title='bbox 2131 5201 2272 5274; x_wconf 67' lang='lat' dir='ltr'><strong>fugae</strong></span> <span class='ocrx_word' id='word_1_652' title='bbox 2304 5200 2575 5266; x_wconf 87' lang='lat' dir='ltr'><strong>formido;</strong></span> <span class='ocrx_word' id='word_1_653' title='bbox 2613 5203 2782 5258; x_wconf 90' lang='lat' dir='ltr'><strong>eremi</strong></span> <span class='ocrx_word' id='word_1_654' title='bbox 2817 5203 2944 5258; x_wconf 89' lang='lat' dir='ltr'><strong>dum</strong></span> <span class='ocrx_word' id='word_1_655' title='bbox 2977 5210 3124 5258; x_wconf 83' lang='lat' dir='ltr'><strong>vasta</strong></span> <span class='ocrx_word' id='word_1_656' title='bbox 3158 5213 3443 5275; x_wconf 86' lang='lat' dir='ltr'><strong>pererrant</strong></span> 
     </span>
    </p>
   </div>
   <div class='ocr_carea' id='block_1_113' title="bbox 1935 5295 3312 5370">
    <p class='ocr_par' dir='ltr' id='par_1_113' title="bbox 1935 5295 3312 5370">
     <span class='ocr_line' id='line_1_113' title="bbox 1935 5295 3312 5370; baseline 0.001 -18"><span class='ocrx_word' id='word_1_657' title='bbox 1935 5297 2214 5352; x_wconf 89' lang='lat' dir='ltr'><strong>Liberiore</strong></span> <span class='ocrx_word' id='word_1_658' title='bbox 2253 5295 2435 5370; x_wconf 89' lang='lat' dir='ltr'><strong>gregis</strong></span> <span class='ocrx_word' id='word_1_659' title='bbox 2475 5296 2638 5350; x_wconf 90' lang='lat' dir='ltr'><strong>ductu</strong></span> <span class='ocrx_word' id='word_1_660' title='bbox 2674 5316 2685 5350; x_wconf 92' lang='lat'><strong>:</strong></span> <span class='ocrx_word' id='word_1_661' title='bbox 2719 5299 3041 5354; x_wconf 90' lang='lat' dir='ltr'><strong>memoratio</strong></span> <span class='ocrx_word' id='word_1_662' title='bbox 3074 5306 3312 5354; x_wconf 90' lang='lat' dir='ltr'><strong>mentem</strong></span> 
     </span>
    </p>
   </div>
   <div class='ocr_carea' id='block_1_114' title="bbox 1935 5383 3334 5459">
    <p class='ocr_par' dir='ltr' id='par_1_114' title="bbox 1935 5383 3334 5459">
     <span class='ocr_line' id='line_1_114' title="bbox 1935 5383 3334 5459; baseline 0.002 -18"><span class='ocrx_word' id='word_1_663' title='bbox 1935 5385 2117 5441; x_wconf 91' lang='lat' dir='ltr'><strong>Prisca</strong></span> <span class='ocrx_word' id='word_1_664' title='bbox 2144 5384 2292 5439; x_wconf 91' lang='lat' dir='ltr'><strong>subit</strong></span> <span class='ocrx_word' id='word_1_665' title='bbox 2321 5383 2568 5448; x_wconf 88' lang='lat' dir='ltr'><strong>fratrum,</strong></span> <span class='ocrx_word' id='word_1_666' title='bbox 2601 5384 2787 5439; x_wconf 92' lang='lat' dir='ltr'><strong>blandi</strong></span> <span class='ocrx_word' id='word_1_667' title='bbox 2831 5389 3103 5457; x_wconf 88' lang='lat' dir='ltr'><strong>respectio</strong></span> <span class='ocrx_word' id='word_1_668' title='bbox 3144 5389 3334 5459; x_wconf 89' lang='lat' dir='ltr'><strong>patris.</strong></span> 
     </span>
    </p>
   </div>
   <div class='ocr_carea' id='block_1_115' title="bbox 2009 5474 3299 5546">
    <p class='ocr_par' dir='ltr' id='par_1_115' title="bbox 2009 5474 3299 5546">
     <span class='ocr_line' id='line_1_115' title="bbox 2009 5474 3299 5546; baseline 0.003 -14"><span class='ocrx_word' id='word_1_669' title='bbox 2009 5477 2231 5532; x_wconf 89' lang='lat' dir='ltr'><strong>Interea</strong></span> <span class='ocrx_word' id='word_1_670' title='bbox 2256 5474 2482 5531; x_wconf 88' lang='lat' dir='ltr'><strong>formica</strong></span> <span class='ocrx_word' id='word_1_671' title='bbox 2508 5480 2689 5529; x_wconf 90' lang='lat' dir='ltr'><strong>terens</strong></span> <span class='ocrx_word' id='word_1_672' title='bbox 2717 5477 2990 5546; x_wconf 89' lang='lat' dir='ltr'><strong>prudente</strong></span> <span class='ocrx_word' id='word_1_673' title='bbox 3018 5491 3299 5535; x_wconf 88' lang='lat' dir='ltr'><strong>vacantem</strong></span> 
     </span>
    </p>
   </div>
   <div class='ocr_carea' id='block_1_116' title="bbox 2009 5607 2906 5672">
    <p class='ocr_par' dir='ltr' id='par_1_116' title="bbox 2009 5607 2906 5672">
     <span class='ocr_line' id='line_1_116' title="bbox 2009 5607 2906 5672; baseline -0.007 -6"><span class='ocrx_word' id='word_1_674' title='bbox 2009 5611 2131 5672; x_wconf 82' lang='grc'><strong>(168</strong></span> <span class='ocrx_word' id='word_1_675' title='bbox 2187 5609 2406 5664; x_wconf 88' lang='lat' dir='ltr'><strong>llieron.</strong></span> <span class='ocrx_word' id='word_1_676' title='bbox 2438 5607 2491 5661; x_wconf 90' lang='lat' dir='ltr'><strong>in</strong></span> <span class='ocrx_word' id='word_1_677' title='bbox 2521 5607 2635 5662; x_wconf 77' lang='lat' dir='ltr'><strong>Vita</strong></span> <span class='ocrx_word' id='word_1_678' title='bbox 2669 5609 2858 5661; x_wconf 73' lang='lat' dir='ltr'><strong>Malchi</strong></span> <span class='ocrx_word' id='word_1_679' title='bbox 2895 5626 2906 5660; x_wconf 94' lang='lat'><strong>:</strong></span> 
     </span>
    </p>
   </div>
   <div class='ocr_carea' id='block_1_117' title="bbox 2949 5611 3551 5686">
    <p class='ocr_par' dir='ltr' id='par_1_117' title="bbox 2949 5611 3551 5686">
     <span class='ocr_line' id='line_1_117' title="bbox 2949 5611 3551 5686; baseline 0.005 -23"><span class='ocrx_word' id='word_1_680' title='bbox 2949 5636 2970 5652; x_wconf 76' lang='grc' dir='ltr'><strong><em>οι</em></strong></span> <span class='ocrx_word' id='word_1_681' title='bbox 2985 5611 3248 5679; x_wconf 85' lang='lat' dir='ltr'><strong>Malcbus,</strong></span> <span class='ocrx_word' id='word_1_682' title='bbox 3267 5631 3430 5686; x_wconf 88' lang='lat' dir='ltr'><strong>quem</strong></span> <span class='ocrx_word' id='word_1_683' title='bbox 3451 5630 3551 5669; x_wconf 90' lang='lat' dir='ltr'><strong>nos</strong></span> 
     </span>
    </p>
   </div>
   <div class='ocr_carea' id='block_1_118' title="bbox 1941 5679 2931 5751">
    <p class='ocr_par' dir='ltr' id='par_1_118' title="bbox 1941 5679 2931 5751">
     <span class='ocr_line' id='line_1_118' title="bbox 1941 5679 2931 5751; baseline -0.005 -14"><span class='ocrx_word' id='word_1_684' title='bbox 1941 5683 2127 5738; x_wconf 84' lang='lat' dir='ltr'><strong>Latine</strong></span> <span class='ocrx_word' id='word_1_685' title='bbox 2155 5697 2328 5749; x_wconf 81' lang='lat' dir='ltr'><strong>regem</strong></span> <span class='ocrx_word' id='word_1_686' title='bbox 2347 5696 2639 5751; x_wconf 86' lang='lat' dir='ltr'><strong>possumus</strong></span> <span class='ocrx_word' id='word_1_687' title='bbox 2664 5679 2873 5734; x_wconf 87' lang='lat' dir='ltr'><strong>dicere.</strong></span> <span class='ocrx_word' id='word_1_688' title='bbox 2919 5709 2931 5722; x_wconf 77' lang='lat'><strong>-.</strong></span> 
     </span>
    </p>
   </div>
   <div class='ocr_carea' id='block_1_119' title="bbox 3192 5815 3259 5869">
    <p class='ocr_par' dir='ltr' id='par_1_119' title="bbox 3192 5815 3259 5869">
     <span class='ocr_line' id='line_1_119' title="bbox 3192 5815 3259 5869; baseline 0.015 -2"><span class='ocrx_word' id='word_1_689' title='bbox 3192 5815 3259 5869; x_wconf 73' lang='lat' dir='ltr'><strong>li)</strong></span> 
     </span>
    </p>
   </div>
  </div>
