3970 6200
446 387 546 440 587
1213 381 1578 436 FLODOARDI
1620 381 1922 438 CANONICI
1965 385 2291 440 REMENSIS
2333 384 2671 440 OPUSCULA
2709 385 3019 440 METBICA.
3689 389 3794 441 538

445 513 709 568 Sollicitat
728 529 878 576 cura,
911 509 1188 581 stupidam
1218 510 1431 564 diversa
1465 511 1769 566 trahentem

447 606 750 660 Moestitiam
776 604 976 658 mentis
1004 603 1153 657 vultu
1176 619 1362 657 comes
1385 603 1545 657 unica
1579 613 1770 674 raptat,

448 696 684 750 Pectoris
713 712 971 750 arcanum
1005 696 1217 767 rogitat,
1241 704 1454 749 secreta
1486 702 1791 764 patescunt.

447 790 735 843 Exhortata
766 787 972 861 fugam,
997 788 1226 858 quaesita
1257 787 1477 840 silentia
1509 786 1707 852 firmat,

441 881 717 951 Spemque
749 886 1068 949 metumque
1093 878 1209 948 jugi
1249 878 1472 933 volvunt
1495 886 2052 949 peropcrtasusurro,

445 969 709 1022 Cantibus
740 967 964 1021 hircinis
995 967 1226 1036 praevisa
1242 967 1435 1021 viatica
1463 983 1626 1021 curae.

444 1056 578 1111 Sero
607 1055 822 1110 subitur
854 1055 973 1121 iter,
1005 1070 1198 1109 carnes
1225 1062 1280 1108 et
1311 1064 1526 1128 tergora
1551 1055 1770 1120 tollunt,

448 1154 664 1208 Utribus
697 1151 869 1206 innixi
900 1150 1106 1221 rapidis
1137 1167 1196 1206 se
1219 1151 1477 1206 ﬂuctibus
1510 1151 1738 1217 addunt,

446 1243 691 1297 Flumine
725 1240 1044 1296 transmisso
1075 1241 1228 1295 dubii
1261 1257 1360 1311 per
1389 1241 1549 1294 devia
1583 1249 1810 1295 currunt
1843 1259 1857 1306 ;

447 1335 574 1390 Post
602 1344 812 1404 tergum
843 1333 1049 1387 assidui
1082 1342 1333 1387 revocata
1361 1333 1538 1387 fronte
1570 1339 1784 1387 mentes
1817 1351 1828 1386 :

449 1425 711 1480 Noctibus
733 1423 962 1478 insidias
992 1423 1149 1478 veriti
1183 1423 1300 1478 loca
1333 1424 1477 1477 sicca
1507 1423 1777 1478 terebant.

449 1518 764 1585 Tertiajam
799 1523 1066 1571 transacta
1096 1517 1214 1570 dies
1238 1525 1291 1570 et
1323 1516 1501 1570 adhuc
1532 1523 1713 1570 tamen
1751 1515 1895 1570 idem

452 1614 616 1668 Retro
645 1613 846 1668 referre
878 1622 1066 1668 monet
1097 1613 1271 1666 visum
1314 1611 1658 1666 ﬂuitantibus
1689 1626 1840 1666 error
1873 1630 1884 1664 :

455 1703 588 1756 Ecce
619 1702 889 1756 camelino
920 1702 1170 1773 geminos
1199 1702 1465 1756 accedere
1494 1717 1654 1755 cursu

451 1795 604 1848 Mens
637 1811 880 1868 praesaga
905 1794 1032 1848 mali
1065 1794 1349 1849 dominum
1377 1794 1694 1865 lethumque
1737 1799 1996 1848 retractat

455 1888 836 1957 ApprOperare
867 1885 1052 1951 simul,
1075 1885 1380 1959 nigrantem
1409 1899 1636 1938 cernere
1671 1883 1866 1937 solem.

457 1975 532 2030 En
564 1976 796 2046 trepidis
828 1976 990 2050 longe
1032 1983 1328 2046 penetrans
1367 1973 1716 2044 depromitur
1741 1979 1978 2026 antrum.

457 2064 564 2118 Nec
595 2065 777 2118 minus
817 2064 1008 2118 horror
1032 2063 1109 2117 ibi
1132 2063 1323 2119 mortis
1352 2063 1738 2134 scrobiumque
1769 2076 1982 2115 venena

459 2155 754 2207 lntrorsum
789 2167 1082 2223 properare
1109 2160 1316 2218 vetant,
1349 2152 1609 2223 adituque
1644 2151 1867 2206 sinistre

459 2248 738 2320 ingressos
767 2253 968 2301 restare
993 2245 1214 2314 jubent,
1257 2245 1480 2300 Famulo
1509 2245 1828 2310 comitante,

456 2341 810 2411 Persequitur
835 2339 1092 2394 dominus
1120 2338 1507 2408 speluncaeque
1547 2338 1788 2407 applicat
1827 2351 1921 2389 ora
1951 2351 1964 2397 ;

457 2431 684 2501 Jamque
716 2428 867 2483 necis
890 2443 1051 2498 plena
1080 2427 1296 2500 gravior
1326 2424 1566 2480 formido
1599 2426 1818 2478 videtur
1847 2441 1858 2476 :

457 2523 733 2576 Presserat
760 2537 855 2574 ora
889 2535 1074 2589 pavor,
1099 2519 1213 2586 jam
1245 2518 1433 2589 lingua
1462 2517 1625 2591 ligata
1656 2524 1916 2582 tremore,

459 2615 588 2669 Cum
614 2629 772 2668 servo
802 2612 1063 2668 dominus
1090 2611 1321 2665 miseros
1350 2610 1588 2664 educere
1616 2608 1857 2663 mandat.

459 2709 579 2776 Ipse
601 2705 926 2760 renudatum
966 2718 1210 2758 czesurus
1242 2709 1301 2757 ut
1327 2701 1538 2756 evibrat
1574 2716 1786 2766 ensem,

461 2799 701 2854 Praeterit
730 2798 1012 2870 ingressus
1035 2795 1220 2862 jussos
1249 2803 1369 2865 post
1399 2801 1555 2868 terga
1586 2793 1924 2863 relinquens,

462 2890 760 2942 Cernentes
797 2902 854 2939 se
880 2902 982 2940 nec
1009 2899 1244 2940 cernens
1271 2883 1452 2955 rigido
1484 2882 1734 2952 increpat
1766 2898 1884 2948 ore,

462 2975 768 3032 Furciferos
796 2975 1061 3040 vocitans,
1095 2973 1396 3044 plexosque
1428 2971 1643 3042 eripere
1675 2971 1919 3026 clamans

2079 517 2395 588 AQuzeqne
2455 525 2664 571 trucem
2748 517 3016 571 invadens
3072 517 3216 588 rapit
3283 519 3494 572 hostem
3558 527 3790 591 gutture

3409 609 3667 680 [fractum
3705 630 3722 672 ;

2159 701 2476 775 Indignatus
2505 709 2559 756 at
2583 701 2700 772 ipse
2733 717 2912 756 moras
2947 700 3167 756 differre
3200 717 3302 756 nec
3335 703 3466 756 iram

2157 793 2394 846 Alterius
2419 793 2660 847 tolerans
2689 793 2968 859 dominus,
3002 793 3141 864 petit
3173 793 3366 848 intima
3397 794 3645 854 fervens.

2160 882 2220 936 Et
2247 881 2438 936 rabido
2477 897 2695 936 servum
2720 881 3054 952 increpitans
3083 882 3323 937 clamore
3363 885 3661 938 socordem

2159 973 2294 1026 Dum
2334 970 2508 1036 saevit,
2542 986 2718 1026 saevos
2749 970 2980 1026 incurrit
3010 971 3063 1025 in
3095 971 3283 1028 abdita
3306 972 3494 1026 rictus.

2162 1059 2424 1113 Defensos
2457 1058 2605 1113 furor
2633 1059 2841 1114 ultricis
2871 1059 3159 1130 quatiebat
3189 1067 3243 1114 et
3269 1063 3482 1115 horror.

2167 1158 2238 1209 Ac
2266 1154 2461 1209 similis
2491 1161 2671 1209 metus
2702 1155 2957 1209 interitus
2987 1155 3278 1227 torquebat
3303 1156 3554 1212 anhelos.

2169 1245 2314 1299 Inter
2342 1252 2489 1299 tanta
2509 1245 2643 1300 sitos
2664 1245 2982 1300 discrimina
3008 1245 3186 1318 gloria
3216 1246 3394 1300 ductae

2169 1334 2294 1388 Sola
2327 1333 2604 1404 pudicitia:
2627 1334 2822 1389 attollit
2853 1335 3032 1388 solata
3065 1334 3321 1389 latentes.

2173 1430 2429 1482 Immotos
2460 1444 2626 1499 pavor
2652 1428 2770 1499 ipse
2803 1435 2956 1483 tenet
2988 1443 3086 1482 seu
3118 1428 3290 1484 limite
3329 1430 3452 1484 vitae

2170 1518 2494 1588 Suspensos,
2527 1517 2655 1572 dum
2690 1525 2845 1572 cauta
2876 1519 3020 1590 rapit
3041 1518 3372 1592 foveamque
3400 1521 3672 1592 relinquit

2176 1607 2439 1662 Evectans
2469 1607 2706 1662 catulum
2733 1607 2849 1662 fera
2876 1607 3157 1663 mordicus
3188 1624 3284 1664 ore
3309 1610 3676 1679 prehensum,

2169 1699 2524 1770 Tutelamque
2549 1715 2701 1753 suam
2735 1699 2882 1755 cedit
2909 1701 3292 1756 metuentibus
3313 1710 3552 1764 antrum,

2173 1791 2280 1846 Nec
2301 1808 2424 1846 mox
2453 1800 2773 1863 erumpunt,
2800 1809 3188 1866 propensaque
3213 1795 3358 1850 dona
3378 1795 3727 1860 tremiscunt,

2095 1861 2144 1927 Β
2167 1879 2410 1936 Vindicis
2429 1861 2718 1937 occursum
2752 1861 2984 1938 tremulo
3015 1861 3122 1938 sibi
3159 1892 3383 1955 pectore
3414 1883 3634 1959 ﬁngunt

2172 1969 2573 2042 Transactaque
2605 1971 2715 2036 die,
2736 1971 2849 2040 jam
2877 1974 2996 2027 sole
3027 1974 3284 2040 cadente,
3316 1984 3628 2045 sequuntur

2177 2060 2390 2134 Egressi
2423 2063 2688 2116 latebram
2723 2070 2909 2132 partos
2947 2063 3054 2118 sibi
3079 2071 3226 2119 stare
3258 2065 3493 2119 veredos

2174 2151 2384 2204 Auxilio
2424 2151 2662 2214 Domini,
2703 2153 3003 2224 hostilique
3032 2153 3135 2208 sub
3160 2153 3367 2224 impete
3399 2153 3628 2208 ductos.

2174 2243 2305 2307 Quis
2336 2243 2438 2297 ista
2468 2245 2787 2299 conscensis
2815 2245 3046 2300 recreati
3074 2253 3232 2301 vasta
3259 2254 3558 2322 peragrant

2176 2334 2489 2389 Gaudentes
2517 2337 2686 2390 eremi
2723 2354 2737 2401 ;
2773 2337 2987 2392 decimo
3011 2338 3258 2392 Romana
3293 2346 3554 2393 tenentur

2181 2427 2361 2481 Castra
2389 2428 2501 2493 die,
2537 2430 2789 2499 pandunt
2817 2445 2883 2483 ex
2923 2430 3120 2484 ordine
3152 2438 3306 2502 gesta
3341 2431 3590 2496 tribuno,

2181 2517 2471 2588 Oblatique
2502 2517 2627 2572 duci
2659 2518 3103 2588 pretioljumenta
3127 2519 3447 2591 relinquunt
3478 2538 3491 2572 :

2180 2611 2349 2680 Atque
2381 2609 2701 2664 monasterii
2733 2611 3064 2666 monachum
3097 2611 3333 2682 repetita
3358 2620 3578 2666 caterva

2180 2706 2269 2760 Sic
2302 2704 2517 2775 recipit,
2547 2705 2827 2776 castisque
2860 2721 3046 2762 comes
3075 2707 3375 2776 conjuncta
3415 2708 3638 2762 choreis

2191 2792 2428 2846 Fulcitur
2457 2792 2656 2848 dilecta
2676 2809 2852 2860 soror,
2884 2810 2986 2849 nec
3014 2795 3222 2850 credita
3253 2794 3417 2850 fratre

2190 2881 2276 2934 Sic
2302 2881 2513 2954 gladios
2544 2881 2797 2954 interque
2829 2881 2972 2938 feras
3002 2885 3332 2956 desertaque
3362 2901 3644 2956 nunquam

2192 2970 2465 3040 Captivam
2497 2988 2616 3027 esse
2649 2973 2972 3043 pudicitiam
3007 2979 3174 3044 patet,
3219 2982 3388 3046 atque
3411 2975 3668 3048 jugatum

462 3067 526 3119 At
555 3078 763 3118 memor
792 3063 1152 3134 Omnipotens
1175 3059 1525 3127 famulorum,
1550 3061 1618 3115 ad
1673 3060 1817 3116 bella
1856 3061 2085 3116 leaenam
2192 3061 2358 3117 Posse
2381 3061 2518 3115 mori
2560 3059 2771 3115 Christo
2803 3059 3090 3128 famulum,
3125 3077 3236 3118 non
3267 3078 3435 3133 posse
3478 3063 3702 3118 reﬂecti.

467 3157 669 3211 Excitat
704 3155 955 3222 interius,
985 3153 1132 3209 fetus
1147 3153 1410 3209 alimenta
1441 3154 1730 3209 ferentem.

1965 3261 2174 3316 CAPUT
2221 3261 2334 3316 XII.

1825 3373 1903 3432 De
1945 3381 2155 3432 sancta
2199 3372 2465 3446 Pelagia.

468 3509 636 3578 Hujus
659 3505 931 3581 Pelagiam
965 3504 1312 3576 percepimus
1343 3504 1497 3558 urbis
1525 3503 1836 3570 alumnam,

465 3606 632 3667 Quam
663 3601 785 3656 vitae
808 3599 1016 3654 meritis
1047 3599 1364 3653 veneranda
1390 3597 1679 3653 cacumina
1703 3595 1858 3664 juxta

467 3691 662 3746 Montis
689 3689 878 3745 Oliveti
903 3688 1242 3762 signavimus
1280 3693 1422 3741 astra
1452 3686 1672 3757 petisse.

468 3788 632 3855 Cujus
660 3785 984 3841 detenebris
1013 3785 1076 3840 ad
1110 3784 1309 3845 lucem,
1345 3798 1374 3836 a
1415 3788 1586 3837 morte
1619 3780 1889 3855 gehennae

466 3878 544 3932 Ad
575 3878 780 3931 clarum
809 3876 929 3930 vitae
960 3872 1164 3930 celebri
1200 3871 1402 3942 pietate
1434 3867 1796 3940 triumphum,

466 3971 504 4021 A
549 3966 774 4021 maculis
801 3965 869 4019 ad
901 3979 1056 4018 sacra
1086 3961 1196 4033 poli
1230 3960 1460 4014 mutatio
1498 3958 1639 4024 talis,

468 4063 760 4119 Pontifices
790 4058 1242 4133 quondamjubet
1272 4057 1423 4112 urbis
1453 4056 1748 4127 episcOpus
1779 4053 1942 4121 hujus

466 4161 843 4229 Approperare
874 4153 979 4207 sibi
1013 4151 1280 4223 quosdam
1314 4150 1540 4223 regione
1576 4147 1939 4220 prOpinquos.

469 4255 574 4308 llos
594 4251 756 4306 simul
785 4252 927 4305 inter
954 4249 1108 4303 adest
1127 4256 1348 4303 sanctus
1379 4244 1708 4319 cognomine
1731 4243 1976 4302 Nonnus,

466 4345 714 4413 Virjusti
749 4344 995 4414 rectique
1038 4348 1220 4406 tenax,
1259 4337 1532 4393 mirabilis
1563 4341 1709 4399 actu,

468 4435 530 4488 Et
557 4433 830 4504 probitate
861 4432 982 4502 pius
1012 4449 1026 4495 ;
1055 4445 1237 4484 mores
1262 4427 1356 4498 qui
1390 4431 1617 4497 propter
1647 4425 1912 4478 honestos

467 4526 685 4581 Caelibis
715 4542 778 4579 ac
806 4524 930 4578 vitae
961 4523 1172 4577 cunctis
1193 4518 1510 4575 venerabile
1541 4516 1782 4571 culmen.

467 4617 621 4674 Almo
661 4626 714 4671 et
751 4616 1023 4671 monacho
1053 4612 1249 4684 praesul
1279 4608 1628 4680 resplenduit
1660 4608 1856 4672 almus,

540 4707 696 4761 Casta
723 4705 813 4760 die
839 4703 1075 4776 quadam
1105 4700 1280 4757 sancti
1313 4699 1443 4753 dum
1473 4696 1685 4752 semina
1716 4695 1871 4750 verbi

468 4798 569 4852 Pro
600 4793 1038 4864 foribustempli,
1061 4791 1229 4846 sociis
1261 4787 1623 4860 poscentibus
1647 4785 1802 4856 ipsis,

464 4887 760 4960 Spargeret
791 4884 898 4950 hic,
917 4882 1130 4938 cunctis
1151 4877 1501 4939 mirantibus,
1535 4891 1630 4931 ore
1654 4875 1799 4929 beati

465 4981 643 5037 Verba
668 4979 837 5043 senis,
871 4989 978 5034 tam
1010 4994 1207 5052 magna
1233 4975 1361 5041 seri,
1385 4981 1494 5029 tam
1527 4973 1694 5047 digna
1727 4969 1930 5042 profari
1959 4988 1971 5024 :

466 5076 541 5130 En
573 5073 774 5128 ardens
804 5071 980 5127 rutilis
1005 5070 1272 5125 transibat
1305 5066 1534 5122 mimula
1563 5063 1797 5138 gemmis

465 5165 667 5220 Ornato
707 5149 956 5216 residens
981 5174 1196 5231 pompae
1231 5155 1540 5211 meretricis
1566 5154 1761 5210 asello.

463 5254 636 5319 Quam
667 5250 832 5305 fulvis
861 5249 1095 5304 nitidum
1129 5247 1297 5303 radiis
1327 5252 1650 5301 contexerat
1683 5257 1880 5298 aurum

466 5342 737 5413 Undique,
768 5339 854 5393 vel
880 5339 1040 5394 claris
1071 5346 1298 5394 onerata
1324 5336 1550 5392 monilia
1571 5334 1773 5390 baccis.

465 5439 616 5492 Hanc
641 5434 933 5490 comitatur
970 5450 1140 5490 ovans
1171 5446 1465 5503 puerorum
1493 5436 1710 5500 compta
1738 5434 1978 5491 caterva,

464 5528 715 5594 Grexque
748 5523 1050 5593 puellarum
1078 5523 1200 5576 luce
1231 5519 1612 5577 ornatissimus
1639 5517 1779 5583 auri,

463 5613 722 5668 Vestibus
751 5611 1020 5684 insignes,
1053 5613 1327 5667 decorata:
1359 5610 1651 5682 torquibus
1683 5622 1915 5671 omnes;

462 5701 593 5763 Quae
623 5714 731 5767 quo
763 5699 1049 5768 migrabat,
1089 5699 1386 5770 spargebat
1415 5708 1658 5753 aromate
1688 5704 1904 5761 ventos,

465 5782 733 5837 Sollicitis
762 5799 992 5838 vacuum
1020 5785 1310 5839 nidoribus
1345 5801 1473 5840 aera
1503 5785 1745 5855 replens,

2110 3509 2158 3575 ί]
2193 3504 2360 3571 Hujus
2392 3502 2446 3555 in
2477 3509 2700 3571 aspectu
2742 3501 2911 3556 satias
2940 3500 3185 3574 fugiebat
3217 3511 3492 3558 amantes.

2187 3591 2483 3647 Pontifices
2512 3591 2718 3662 stupidi
2745 3597 2893 3645 tanta
2925 3592 3223 3647 ambitione
3257 3600 3564 3658 meantem,

2185 3681 2304 3736 Non
2345 3681 2399 3735 in
2431 3682 2639 3737 honore
2669 3681 2762 3736 Dei
2788 3697 3080 3752 procerum
3110 3682 3453 3737 descendere
3479 3684 3676 3747 asello,

2185 3775 2399 3831 Nudato
2431 3775 2635 3830 nitidos
2664 3775 2990 3846 prodentem
3014 3777 3219 3832 vertice
3245 3777 3455 3844 crines,

2187 3867 2390 3924 lntuitu
2413 3869 2621 3925 vultum
2641 3885 2747 3924 ceu
2764 3886 2962 3942 magna
2991 3886 3023 3925 a
3055 3869 3180 3926 labe
3204 3871 3498 3936 reducunt,

2186 3961 2410 4016 Nonnus
2435 3971 2489 4016 at
2529 3962 2806 4035 egregius,
2835 3963 3128 4034 speculans
3157 3965 3446 4028 attentius,
3473 3973 3643 4035 atque

2188 4051 2426 4125 Longius
2463 4067 2752 4106 asservans
2782 4052 2897 4106 visu
2925 4053 3057 4107 dum
3082 4053 3320 4120 transiit,
3353 4054 3542 4118 haeret,

2188 4141 2357 4197 Corde
2389 4142 2490 4196 sub
2531 4143 2760 4199 attonito
2792 4143 3020 4214 reliquis
3054 4143 3336 4218 incognita
3366 4143 3631 4206 volvens;

2191 4232 2322 4286 Inde
2351 4231 2556 4286 recline
2587 4238 2749 4302 caput
2773 4231 3012 4304 genibus
3043 4232 3389 4302 superaddit,
3421 4240 3474 4286 et
3505 4248 3671 4285 omne

2193 4323 2310 4377 Mox
2342 4323 2594 4393 lacrymis
2618 4322 2895 4388 manuale,
2929 4322 3224 4393 sinumque
3251 4321 3487 4392 replevit
3513 4321 3735 4375 obortis.

2193 4414 2324 4468 Exin
2383 4429 2583 4487 magna
2615 4413 2840 4468 trahens
2867 4413 2978 4467 imo
3001 4412 3246 4484 suspiria
3264 4413 3431 4468 corde

2194 4503 2364 4558 «Num
2391 4503 2894 4569 delectatos,socii,
2924 4519 3020 4558 vos
3030 4503 3155 4571 jure
3190 4503 3461 4574 probatis,

2191 4599 2314 4653 Haec
2343 4611 2452 4668 quo
2477 4612 2538 4651 se
2569 4595 2768 4650 mulier
2786 4595 2937 4650 cultu
2964 4594 3244 4649 decoravit
3273 4592 3537 4649 amoeno?
3572 4617 3593 4639 ι»

2192 4691 2284 4745 His
2323 4690 2459 4744 nihil
2492 4689 2608 4743 haec
2625 4696 2815 4743 contra
2862 4687 3244 4750 reddentibus,
3267 4687 3357 4740 ille
3385 4685 3670 4740 reﬂectens

2191 4780 2514 4853 Applicitum
2542 4779 2780 4855 genibus
2801 4777 2994 4834 faciem
3026 4777 3266 4847 suspiria
3289 4777 3499 4852 jungit,

2109 4831 2166 4899 D
2190 4831 2384 4926 Pectus
2410 4831 2725 4941 pereatiens
2764 4831 3139 4938 lacrymisque
3169 4831 3356 4920 cilic'ia
3375 4831 3632 4934 cbmplet,

2187 4959 2314 5024 Quae
2345 4974 2564 5013 carnem
2598 4955 2780 5012 valido
2810 4954 2937 5010 coeli
2971 4953 3188 5009 fervore
3219 4953 3544 5008 domabant.

2185 5052 2318 5108 Hinc
2347 5051 2568 5125 rogitat,
2594 5048 2812 5120 species
2843 5046 3010 5101 sociis
3041 5045 3324 5115 placuitne
3356 5053 3584 5100 venusta
3619 5041 3646 5082 θ

2181 5145 2298 5200 Non
2323 5143 2506 5198 minus
2536 5149 2620 5196 ast
2645 5140 2724 5194 illi
2746 5145 3018 5209 concepta
3045 5138 3272 5192 silentia
3293 5145 3568 5208 rumpunt.

2190 5237 2284 5292 ille
2320 5252 2499 5291 rosam
2528 5235 2738 5289 callens
2769 5231 2928 5286 hirtis
2956 5231 3259 5301 decerpere
3291 5229 3496 5296 dumis,

2189 5327 2418 5396 Semper
2444 5324 2512 5378 ad
2543 5321 2855 5392 exemplum
2891 5319 3112 5390 pietatis
3143 5329 3198 5372 et
3230 5319 3340 5373 alta
3364 5334 3575 5378 vocare,

2191 5419 2458 5475 Cordibus
2488 5434 2519 5471 a
2540 5415 2801 5472 comitum
2831 5411 3021 5466 mundi
3056 5399 3343 5467 removere
3370 5409 3563 5482 piacla,

2193 5513 2253 5568 Et
2284 5511 2440 5583 quasi
2470 5509 2774 5564 vaticinans
2815 5506 3040 5562 tandem
3071 5506 3151 5560 sic
3181 5505 3379 5576 incipit
3406 5519 3500 5559 ore
3530 5521 3540 5555 :

2199 5625 2220 5653 ι
2252 5603 2386 5658 Vere
2407 5599 2677 5658 confiteor
2698 5600 3033 5656 delectatum
3069 5614 3163 5653 ore
3204 5597 3400 5668 puellae

2196 5695 2299 5758 Me,
2325 5693 2643 5764 placuitque
2674 5692 2810 5746 mihi
2830 5689 3048 5761 species
3077 5696 3135 5744 et
3164 5688 3336 5744 forma
3366 5685 3573 5742 decoris
3601 5701 3617 5748 ;

2198 5785 2262 5837 At
2284 5798 2470 5838 veram
2495 5781 2670 5838 fateor
2700 5781 2864 5836 nobis
2885 5780 3026 5834 hanc
3056 5775 3310 5850 praeferet
3337 5781 3478 5832 altus
