3970 6200
301 421 404 474 589

838 431 920 485 DE
959 433 1318 495 TRIUMPHIS
1361 442 1615 502 CHRISTI
1658 450 2030 510 ANTIOCHle
2070 459 2296 516 GESTIS
2336 465 2511 521 LIBRI
2555 469 2704 526 DUO.
2745 503 2816 512 ——
2857 474 2981 530 LIB.
3027 477 3090 532 Il.

3531 489 3638 541 590

297 571 531 641 Arbiter,
555 584 684 630 ante
714 579 970 636 thronum
1004 592 1248 643 statuens
1281 607 1511 649 censore
1543 600 1910 668 tremendum,
1943 593 1986 655 A
2011 586 2170 641 Τθίτο
2213 589 2436 646 horrore
2469 594 2701 667 nigram:
2734 599 2890 666 cuius
2925 617 3104 673 neque
3135 603 3278 660 ferre
3321 609 3527 667 valeret

296 663 515 720 Judicet
561 677 619 721 ut
669 680 913 727 nostrum
959 675 1202 734 officium
1248 699 1347 737 nos
1388 693 1552 757 atque.
1589 663 1906 761 triumphet,

295 755 353 808 Et
385 767 616 826 quantas
645 765 885 819 morulas
916 768 1170 825 horarum
1205 775 1384 846 egisse
1427 781 1627 846 putatis

297 842 442 898 ilanc
472 847 612 902 intra
641 854 919 922 pr0prium
952 868 1128 915 semet
1155 861 1467 922 decorando
1499 869 1700 937 cubile,

293 935 424 988 Dum
464 937 628 1005 lavat,
653 942 956 1015 etpingens
976 963 1034 1001 se
1067 954 1331 1024 unguenti
1357 965 1577 1014 nectare
1597 962 1776 1035 tingit,

295 1024 526 1096 insuper
553 1028 618 1082 ad
643 1032 929 1100 speculum
961 1039 1226 1095 studiosis
1254 1043 1493 1101 cultibus
1521 1065 1743 1119 ornans,

293 1115 354 1169 Ut
383 1119 591 1174 mundo
623 1121 859 1191 placeat,
891 1129 1107 1183 cunctis
1137 1135 1396 1203 optabilis
1428 1155 1547 1195 esse

291 1207 464 1264 Possit
491 1223 817 1283 amatorum,
853 1219 986 1274 nulli
1008 1222 1273 1281 deformis
1305 1228 1492 1286 haberi

287 1298 639 1371 Cernentum,
683 1307 1010 1382 plerumque
1055 1315 1174 1370 dies
1215 1335 1356 1389 quos
1399 1323 1638 1379 crastina
1669 1330 1906 1397 captat?

285 1394 347 1446 At
369 1407 470 1447 nos
495 1395 549 1448 in
573 1398 729 1452 ccelis
755 1409 962 1458 aeterna
987 1405 1040 1458 in
1069 1409 1229 1463 saecla
1261 1423 1576 1470 manentem

283 1488 382 1551 Qui
415 1490 646 1547 colimus
678 1495 914 1560 Patrem,
944 1516 1150 1571 sponso
1183 1506 1274 1575 qui
1311 1515 1486 1563 morte
1515 1519 1735 1568 carente

282 1575 596 1635 Gaudemus
627 1583 732 1638 sibi
767 1585 984 1643 divitias
1015 1591 1135 1646 sine
1168 1593 1277 1649 ﬁne
1311 1597 1548 1653 nitentes

285 1665 625 1724 .\ttribuente
657 1679 784 1741 apte
817 1674 1240 1752 famulantibns,
1268 1685 1501 1741 aestimat
1532 1689 1676 1744 ullus

279 1757 421 1816 Quas
451 1772 563 1812 non
589 1759 676 1814 hic
706 1762 925 1820 animus
956 1771 1139 1824 carnis
1164 1787 1275 1827 non
1307 1775 1520 1831 strinxit
1552 1779 1789 1849 ocellus,

277 1843 395 1898 Non
425 1861 587 1902 aures
618 1851 852 1909 hausere
883 1857 1147 1929 hominis,
1186 1879 1367 1935 neque
1398 1868 1563 1923 corde
1605 1870 1889 1935 librantur,

276 1932 403 1995 Qua:
433 1935 557 1992 fidis
587 1940 851 1999 Dominus
873 1947 1167 2022 dignisque
1201 1932 1408 2023 paravit
1439 1958 1677 2014 alumnis
1704 1979 1715 2014 :

275 2018 412 2076 Certi
447 2034 709 2094 praeterea
740 2035 882 2102 pacti
911 2018 1180 2106 promissa
1201 2018 1484 2112 tenentes,

271 2112 517 2171 Caelestis
541 2118 741 2178 faciem
775 2125 971 2197 Sponsi
1004 2148 1102 2202 per
1122 2136 1279 2191 szecla
1311 2139 1557 2204 videndi.

269 2201 363 2256 Cui
397 2206 682 2266 cherubim
726 2216 946 2284 penitus
979 2201 1256 2291 trepidant
1291 2227 1577 2284 intendere
1607 2233 1770 2286 visus.

265 2291 373 2346 Nec
405 2311 504 2350 nos
523 2313 804 2369 ornamus,
835 2309 1026 2363 sordes
1059 2328 1236 2383 neque
1269 2317 1525 2385 pellimus
1555 2328 1718 2388 atras,

260 2383 436 2452 Atque
468 2384 842 2449 immunditias
882 2397 1046 2468 lapsis
1075 2403 1365 2460 animabus
1395 2408 1625 2475 inustas,

260 2473 375 2528 lmo
397 2480 606 2544 protriti
635 2486 904 2557 pronique
927 2490 1176 2558 jacemus
1205 2497 1427 2563 inertes,

253 2564 400 2627 Quos
421 2568 504 2622 vel
535 2570 588 2624 in
620 2577 871 2646 exemplo
905 2581 1244 2652 reliquorum
1281 2591 1497 2645 tramite
1533 2593 1586 2646 in
1622 2594 1730 2650 alto

256 2652 522 2711 Virtutum
543 2675 768 2732 semper
790 2668 998 2723 meritis
1028 2683 1274 2740 perstare
1297 2677 1534 2734 deceret.
1582 2703 1606 2732 ι)

245 2744 408 2812 Dixit,
428 2756 483 2803 et
515 2751 736 2823 hospitii
758 2772 816 2812 se
849 2775 970 2814 mox
1007 2767 1388 2832 penetralibus
1419 2771 1651 2840 abdens,

246 2836 306 2890 ln
337 2838 645 2914 faciemque
676 2864 842 2904 ruens
867 2853 1019 2906 vultu
1053 2873 1308 2924 percussa
1349 2862 1559 2937 rigabat

242 2932 416 3008 Terga
446 2937 544 2991 soli
578 2940 852 3012 lacrymis,
887 2949 1094 3004 maestis
1125 2952 1198 3007 ita
1227 2957 1456 3013 vocibus
1478 2974 1640 3016 orans
1667 2981 1680 3016 :

247 3045 272 3074 α
317 3026 356 3080 0
386 3034 649 3098 praecelse
679 3035 840 3104 Deus,
871 3043 1089 3108 nostris,
1119 3062 1274 3121 rogo,
1310 3067 1470 3120 parce
1492 3055 1714 3124 piaclis;

244 3114 518 3172 Peccatori
549 3120 771 3192 ignosce
800 3127 955 3194 mihi,
986 3147 1107 3186 nam
1137 3114 1348 3205 pellicis
1374 3142 1538 3209 hujus

240 3201 412 3259 Unius
432 3207 596 3264 solito
625 3211 804 3268 cultus
826 3216 894 3270 de
925 3233 1078 3276 more
1105 3201 1214 3278 diei

235 3293 566 3354 Ornamenta
605 3319 740 3359 meae
768 3307 1015 3364 vicerunt
1053 3315 1236 3369 omnia
1269 3317 1414 3372 vitaz.

234 3386 352 3450 Quo
383 3397 433 3444 te
463 3397 797 3465 conspiciam
830 3403 980 3456 vultu
999 3404 1027 3457 ‘I'
1061 3406 1374 3465 Excusabor
1399 3413 1466 3466 ab
1495 3429 1590 3469 ore
1613 3415 1642 3468 ‘?

231 3477 370 3529 Ante
400 3481 591 3536 oculos
621 3500 724 3538 nec
761 3488 906 3543 enim
929 3491 1240 3550 abscondar
1266 3510 1475 3555 secreta
1496 3505 1719 3560 tuentis.

233 3569 322 3622 Vae
347 3577 618 3640 peccatori
651 3580 783 3634 mihi
812 3581 824 3635 ι
859 3585 1062 3657 quique
1088 3589 1353 3647 altaribus
1379 3601 1563 3650 astans

233 3657 504 3730 Indignus
537 3667 705 3721 sacris
732 3669 902 3727 decus
932 3675 1075 3729 haud
1111 3678 1318 3735 illustre
1347 3686 1534 3756 peregi

231 3747 410 3802 Ullum
437 3753 504 3805 ad
535 3757 678 3811 velle
717 3768 891 3828 tuum,
921 3764 1165 3822 clemens
1194 3770 1285 3840 qui
1321 3781 1516 3828 cuncta
1545 3779 1739 3833 creasti

224 3840 301 3892 De
334 3843 530 3909 nihilo,
563 3847 812 3916 Domine,
859 3851 1004 3907 inter
1032 3872 1154 3926 quae
1186 3874 1274 3913 me
1305 3863 1544 3918 condere
1584 3867 1836 3940 dignans,

218 3932 627 4008 Servitiumque
652 3941 750 3994 tibi
782 3949 1029 4000 statuens
1055 3947 1376 4018 impendere
1399 3932 1647 4028 dignum.

219 4021 299 4074 Ne
330 4038 418 4076 me
457 4027 658 4081 caelesti
691 4030 953 4086 miserum
991 4036 1248 4103 rejeceris
1279 4043 1421 4110 aula,

219 4113 351 4181 Nec,
385 4121 706 4188 reverende,
741 4129 886 4178 tuam
919 4127 1227 4185 confundas
1257 4140 1385 4189 ante
1413 4141 1762 4196 tremendam

218 4207 304 4261 Me
337 4211 697 4280 majestatem,
731 4219 882 4273 cultu
913 4223 1222 4280 meretricis
1251 4227 1304 4281 in
1334 4229 1517 4300 hujus,

215 4297 346 4358 Quae
363 4313 461 4367 pro
489 4303 722 4358 terrenis
750 4307 957 4364 studuit
981 4326 1043 4365 se
1077 4327 1271 4369 ornare
1293 4319 1556 4388 superbe,

211 4382 438 4438 Summa
462 4403 560 4456 pro
583 4389 748 4445 rebus
777 4409 905 4449 cura
933 4397 1198 4457 decorare
1229 4407 1470 4463 caducis.

210 4479 305 4528 Ast
335 4477 428 4546 qui
460 4483 722 4550 pr0posui
743 4500 897 4541 sacro
918 4488 1014 4543 tibi
1041 4491 1164 4561 jure
1199 4495 1436 4566 placere,

214 4565 421 4622 Invicto
444 4570 679 4629 Domino
709 4576 910 4633 decora
942 4581 1173 4652 implere
1197 4587 1402 4656 quievi,

207 4661 387 4723 Quare
416 4679 505 4718 me
537 4664 590 4718 in
623 4669 782 4723 terris
811 4677 988 4740 tueor,
1015 4676 1266 4748 cceloque
1297 4682 1543 4738 relictum

205 4749 366 4804 Cultu
399 4751 647 4824 inopem,
678 4773 894 4815 servare
925 4762 1023 4816 tibi
1055 4766 1146 4835 qui
1180 4777 1303 4822 vota
1335 4772 1558 4847 refugi?

205 4841 336 4896 Ilaec
365 4859 486 4914 quae
510 4849 762 4916 promisit
785 4855 1110 4911 mortalibus
1137 4859 1280 4914 ultro
1310 4841 1591 4933 rependit:

205 4929 366 4984 Nulla
403 4933 544 4987 meis
574 4935 742 5008 igitur
771 4942 908 4996 mihi
928 4943 1041 5012 jam
1072 4929 1429 5016 spesactibus
1457 4953 1646 5011 haeret.

205 5020 284 5072 Ad
316 5038 587 5093 suspensa
613 5034 718 5084 tua:
751 5031 969 5101 pietatis
996 5035 1050 5090 in
1074 5039 1247 5094 arduo
1282 5057 1440 5098 mens
1461 5053 1562 5113 est,

208 5113 482 5170 lmmense
513 5117 672 5175 Pater
701 5121 865 5192 alme,
899 5127 1035 5181 mihi
1067 5135 1158 5183 tua
1191 5129 1364 5187 ﬁdere
1405 5137 1574 5192 multa

209 5201 309 5255 Dat
331 5202 572 5272 bonitas,
613 5210 851 5267 animam
885 5214 1055 5272 facias
1081 5235 1246 5290 quam
1279 5239 1506 5280 munere
1533 5229 1755 5287 salvam.
1802 5252 1827 5283 ι)

281 5290 429 5348 Talia
469 5297 564 5366 qui
593 5299 731 5356 tristi
761 5303 940 5360 donec
971 5324 1206 5366 moerore
1236 5314 1444 5370 volutat

209 5383 567 5455 Praecipitans
607 5391 778 5461 nigris
809 5403 979 5453 terras
1010 5415 1118 5455 nox
1148 5405 1392 5479 contegit
1423 5408 1544 5476 alis,

207 5477 413 5532 Ductus
437 5479 579 5535 fessa
607 5499 775 5555 30por
805 5491 1086 5546 recreabat
1113 5477 1360 5552 membra
1380 5499 1598 5568 labore;

205 5565 277 5619 En
311 5569 491 5622 mmsti
523 5570 788 5629 Dominus
814 5576 1006 5632 famuli
1046 5597 1277 5653 memor,
1315 5588 1501 5642 omnia
1533 5593 1725 5660 pandit

205 5659 347 5714 Laeta
377 5660 689 5719 futurorum
720 5668 896 5741 signis
925 5688 1171 5745 praesaga
1202 5676 1472 5733 bonorum

206 5750 336 5804 Nam
363 5752 517 5809 videt
546 5755 602 5809 in
633 5762 844 5815 somnis
869 5779 978 5818 arae
1007 5781 1067 5818 se
1098 5767 1354 5823 assistere
1390 5775 1614 5840 praesul,

207 5841 431 5900 Plenam
464 5852 519 5900 et
545 5849 823 5915 spurcitiis
852 5847 1292 5913 circumvolitare
1320 5862 1654 5930 columbam,

2013 677 2247 734 Horrcns
2273 684 2532 752 pedorem
2558 687 2850 744 lutulentis
2878 696 3137 750 sordibus
3159 715 3388 772 zegrum,

2013 769 2359 845 Durabatque
2385 779 2575 832 volans
2611 781 2772 848 circa,
2797 784 2926 839 dum
2957 789 3167 844 miserit
3198 792 3352 848 ordo.

2011 857 2168 914 Extra
2192 865 2474 920 auditores
2506 870 2738 924 necdum
2766 873 3088 944 baptismate
3113 879 3272 948 lotos,

2011 950 2100 1005 His
2123 953 2287 1007 simul
2321 962 2558 1027 egressis
2583 966 2755 1034 septis
2790 978 3092 1024 secesserat
3121 971 3268 1039 ales;

2008 1037 2071 1092 Ut
2100 1057 2250 1095 sacra
2278 1048 2628 1116 complentur
2645 1054 2803 1117 redit,
2829 1062 2882 1108 et
2909 1058 3043 1126 petit
3074 1037 3473 1131 egredientem.

2010 1125 2155 1181 Hanc
2189 1129 2300 1184 illle
2326 1135 2608 1204 accipiens
2635 1142 2797 1194 stanti
2833 1159 2890 1195 se
2925 1161 3172 1218 mergere
3204 1153 3378 1204 cernit

2008 1218 2142 1273 Ante
2190 1220 2336 1276 fores
2366 1228 2553 1296 templi
2599 1231 2768 1297 labro,
2810 1251 2940 1304 quo,
2981 1239 3143 1292 sorde
3173 1241 3337 1309 piata,

2011 1313 2072 1368 Et
2105 1315 2194 1368 nix
2222 1317 2346 1372 alba
2383 1322 2553 1390 velut,
2575 1326 2773 1380 ccelum
2808 1333 3129 1386 conscendit
3171 1334 3222 1388 in
3253 1337 3442 1405 altum,

2007 1409 2130 1463 Tam
2163 1412 2308 1467 celse
2335 1425 2628 1486 penetrans
2662 1421 2822 1488 hujus
2845 1425 2970 1479 dum
3004 1429 3215 1483 visibus
3244 1433 3406 1489 absit.

2008 1500 2122 1561 Quo
2155 1503 2410 1572 stupidus
2441 1507 2666 1563 horrore
2697 1526 2887 1580 senex,
2917 1515 3046 1570 dum
3081 1518 3225 1573 clara
3255 1536 3478 1578 serenas

2005 1585 2114 1640 Lux
2138 1591 2310 1645 rutilze
2333 1601 2504 1648 terras
2543 1597 2777 1653 illustrat
2810 1601 3017 1658 honore
3050 1606 3256 1672 nitelas,

2003 1677 2114 1738 Qua
2155 1678 2483 1736 celebranda
2509 1684 2600 1738 die
2631 1689 2828 1742 renitet
2855 1694 3122 1748 surrectio
3155 1695 3347 1752 Christi
3374 1717 3386 1764 ;

1999 1763 2180 1842 Pergit
2209 1770 2262 1824 in
2287 1774 2600 1843 ecclesiam,
2627 1779 2914 1836 missarum
2957 1800 3110 1840 sacra
3140 1788 3411 1846 coluntur.

2002 1857 2124 1913 Post
2145 1878 2299 1916 sacra
2321 1865 2465 1920 dicta
2493 1868 2679 1936 simul,
2708 1872 2934 1928 Nonnus
2961 1892 3218 1932 sermone
3246 1893 3467 1956 rogatur

1994 1951 2168 2008 Solari
2201 1967 2393 2014 sancto
2423 1964 2687 2032 populum
2717 1983 2730 2019 :
2763 1967 2954 2038 incipit
2986 1971 3076 2026 ille
3108 1951 3346 2044 superna

1992 2043 2102 2097 Nec
2124 2052 2342 2103 terrena
2363 2066 2587 2119 sonans,
2621 2071 2722 2110 nec
2743 2059 2978 2115 rhetoris
3005 2071 3118 2117 arte
3149 2067 3319 2136 polita

1990 2131 2325 2200 Declamans,
2364 2141 2486 2196 coeli
2521 2143 2655 2214 quin
2689 2145 2810 2202 luce
2843 2149 3076 2206 nitentia
3106 2170 3390 2222 promens;

1989 2223 2102 2278 Non
2135 2236 2362 2285 ventosa
2386 2231 2577 2300 boans,
2608 2245 2794 2294 sancto
2822 2241 2919 2294 sed
2944 2242 3184 2299 Flamine
3217 2249 3432 2317 plenus,

1985 2313 2236 2373 Errantes
2267 2336 2546 2390 remeans,
2574 2325 2678 2381 iter
2706 2330 2772 2384 ad
2806 2333 3049 2390 coelestia
3081 2338 3347 2406 pandens,

1985 2402 2246 2459 Indicium
2283 2415 2639 2468 memorando
2659 2415 2982 2491 benignum,
3010 2440 3218 2496 speque
3252 2427 3489 2499 benigna

1979 2497 2249 2555 Labentos
2276 2505 2520 2561 solidans
2550 2511 2762 2566 animas
2787 2513 2996 2572 fervore
3027 2536 3286 2590 superno,

1978 2595 2139 2662 Cujus
2173 2597 2256 2650 his
2286 2602 2508 2656 monitis
2537 2606 2878 2674 pulsantibus
2900 2613 3094 2668 intima
3114 2617 3333 2682 mentis,

1975 2684 2146 2741 Corda
2177 2701 2559 2759 capessentnm
2591 2699 2670 2753 sic
2693 2709 2819 2756 sunt
2839 2714 3166 2775 compuncta
3187 2708 3449 2776 virorum,

1970 2779 2141 2853 Terga
2175 2783 2470 2851 pavimenti
2504 2796 2560 2843 ut
2593 2791 2846 2863 lacrymaa
2883 2797 3084 2864 pietate
3119 2801 3383 2872 rigarcnt.

1967 2865 2188 2924 Astabat
2221 2877 2475 2930 meretrix
2511 2886 2642 2933 nutu
2677 2884 2901 2951 praefata
2927 2865 3185 2943 Tonantis

1965 2957 2132 3013 Ducta
2156 2964 2344 3027 sacris,
2379 2967 2478 3020 etsi
2511 2973 2916 3041 catechumina,
2945 2977 3099 3044 juxta
3128 2995 3229 3035 nec
3259 2999 3502 3055 unquam

1964 3047 2076 3105 Huc
2098 3062 2253 3108 sueta
2274 3061 2604 3130 apprOpiare
2631 3068 2779 3134 gravi
2806 3069 2908 3121 sub
2931 3071 3074 3124 mole
3095 3074 3330 3142 sepulta,

1961 3141 2192 3199 Duxerat
2217 3147 2358 3203 hanc
2390 3153 2645 3222 equidem
2680 3158 2925 3215 clemens
2941 3163 3217 3221 miseratio
3250 3166 3472 3234 Christi,

1883 3274 1933 3340 Ο
1958 3229 2034 3283 Ad
2069 3249 2315 3306 prmsepe
2345 3255 2503 3294 suum
2537 3247 2760 3302 mundis
2790 3250 3142 3320 animalibus,
3178 3255 3230 3309 in
3256 3273 3364 3327 quo

1957 3325 2158 3383 Caelica
2181 3348 2278 3399 per
2305 3333 2473 3390 fidum
2506 3341 2790 3407 praebebat
2815 3346 3017 3416 pabula
3047 3325 3287 3406 servum.

1957 3416 2128 3472 Corda
2158 3421 2323 3476 timor
2351 3425 2543 3480 Christi
2566 3428 2677 3495 jam
2710 3437 2953 3491 concutit
2975 3445 3091 3491 atra
3114 3441 3350 3508 puellae;

1953 3507 2233 3565 Terrorem
2257 3515 2473 3570 Domini
2505 3519 2689 3575 famuli
2723 3524 2851 3579 dum
2885 3529 3120 3600 percipit
3141 3546 3253 3593 ore,

1951 3593 2085 3650 Miro
2117 3597 2265 3672 larga
2295 3604 2458 3658 modo
2492 3605 2730 3664 ﬂuerent
2759 3619 2815 3666 ut
2846 3593 3073 3672 ﬂumina
3106 3621 3288 3674 cordis

1949 3689 2124 3742 Attriti
2156 3691 2223 3745 de
2254 3692 2422 3761 fonte,
2449 3709 2600 3752 metu
2636 3707 2912 3761 manantia
2940 3708 3125 3779 Regis,

1951 3776 2112 3846 Cujus
2141 3783 2208 3836 ab
2258 3800 2352 3840 ore
2383 3789 2534 3844 senis
2578 3799 2684 3848 tam
2716 3805 2931 3867 sceptra
2973 3776 3221 3871 pavenda
3260 3809 3569 3874 resultant;

1943 3868 2143 3942 Sicquo
2175 3876 2270 3930 Dei
2299 3878 2420 3934 vivo
2451 3881 2673 3938 rediens
2698 3902 2954 3944 sermone
2980 3892 3183 3960 cibata,

1944 3965 2199 4034 Praecipit
2230 3978 2290 4021 ut
2321 3981 2578 4047 maneant
2605 3977 2812 4048 gemini
2836 3979 3168 4055 videamque
3189 3987 3426 4045 clientes

1942 4060 2248 4131 Hospitium
2283 4073 2389 4119 tam
2413 4067 2739 4136 praecellens
2771 4069 2865 4124 ubi
2894 4081 3081 4143 pastor
3105 4075 3346 4135 haberet.

1938 4148 2110 4215 Stant,
2153 4159 2433 4206 sectantur
2478 4171 2603 4209 cum
2634 4158 2795 4222 servi,
2849 4171 3217 4234 cernuntque,
3271 4167 3565 4240 feruntque

1940 4236 1996 4290 ld
2029 4237 2289 4304 dominae,
2318 4241 2510 4296 scribit
2532 4246 2730 4300 ceratis
2760 4248 2851 4303 illa
2881 4249 3133 4305 tabellis:

1941 4353 1964 4380 α
2009 4332 2132 4387 Haec
2161 4344 2350 4390 sancto
2380 4338 2594 4406 Nonno,
2637 4341 2833 4398 Christi
2863 4345 2957 4415 qui
2986 4345 3187 4416 dignus
3216 4350 3476 4408 alumnus

1933 4427 2115 4486 Pellex
2147 4428 2367 4504 Pelagia
2417 4432 2595 4487 zabuli
2620 4450 2743 4506 qua:
2769 4437 2947 4506 turpis
2969 4437 3189 4493 alumna
3213 4459 3228 4503 ;

1933 4528 2130 4583 Auditu
2159 4529 2326 4585 didici
2351 4531 2663 4599 Dominum,
2690 4548 2853 4602 quem
2884 4541 2942 4586 tu
2971 4535 3128 4597 colis,
3155 4535 3286 4591 olim

1858 4641 1911 4709 D
1933 4617 2228 4673 lnclinasse
2257 4619 2435 4690 polos,
2469 4619 2732 4674 humilem
2763 4627 2979 4676 terrena
3008 4622 3235 4692 petisse,

1933 4708 2083 4763 Haud
2117 4712 2326 4766 meritis
2350 4713 2644 4780 justorum,
2679 4721 2731 4769 at
2772 4715 3156 4786 peccatoribus
3183 4717 3342 4773 alma:

1932 4797 2030 4862 Qui
2057 4809 2380 4854 sanarentur
2407 4802 2562 4857 daret
2580 4803 3019 4859 utmedicamina
3048 4803 3196 4870 vitae,

1933 4884 2002 4938 Se
2033 4895 2258 4941 sanctus
2290 4888 2513 4944 famulis
2539 4892 2767 4947 sociavit
2799 4892 3124 4967 ﬂagitiosis;

1934 4980 2101 5044 Quem
2152 4985 2429 5054 trepidant
2489 4988 2775 5042 cherubim
2831 4990 3224 5061 seraphimque
3269 4993 3553 5047 attendere

3283 5083 3474 5152 [vultu,

1933 5169 2142 5241 Degere
2174 5168 2430 5243 dignatus
2459 5188 2580 5227 cum
2610 5176 3015 5244 peccatoribus,
3049 5184 3108 5230 ut
3149 5183 3226 5241 tu,

1935 5259 2128 5315 Sancte
2154 5259 2327 5327 Pater,
2361 5261 2543 5336 dignis
2573 5265 2737 5319 etiam
2765 5267 3114 5321 sermonibus
3138 5267 3335 5332 effers;

1936 5348 2104 5416 Hujus
2126 5349 2170 5403 si
2201 5365 2326 5405 vere
2356 5354 2704 5423 cognosceris
2734 5370 2856 5409 esse
2887 5357 3132 5426 magistri

1931 5441 2264 5511 Discipulus,
2299 5459 2367 5497 ne
2399 5444 2690 5515 despicias,
2723 5445 2816 5500 sed
2847 5446 3065 5517 suscipe
3090 5463 3300 5504 servam

1933 5533 2217 5604 Perpetuze
2248 5553 2448 5592 munus
2478 5538 2737 5608 cupidam
2768 5541 3015 5610 reperire
3037 5540 3250 5599 salutis.
3299 5569 3322 5590 -

1933 5622 2164 5679 Sanctus
2191 5627 2259 5681 ad
2292 5629 2390 5682 ista
2413 5645 2578 5684 senex
2611 5631 2925 5686 rcscribens
2956 5631 3085 5686 talia
3102 5631 3298 5688 mittit:

1935 5735 1959 5758 ‹‹
2002 5713 2372 5788 Quaecumque
2400 5736 2478 5784 es,
2501 5719 2730 5775 Domino
2748 5729 2937 5776 nostro
2959 5721 3250 5778 manifesta
3281 5725 3548 5795 probaris,

1933 5801 2044 5858 Hoc
2075 5812 2287 5862 tantum
2323 5811 2595 5868 admoneo
2631 5829 2699 5866 ne
2733 5820 2956 5883 pectora
2985 5811 3140 5866 mitia
3179 5820 3357 5870 tentes

1931 5891 2244 5962 Squalentis
2267 5909 2490 5968 peccata
2513 5903 2754 5958 hominis
2776 5904 3003 5958 horrore
3031 5903 3226 5971 patrati
3249 5923 3264 5963 :
