3970 6200
192 5846 301 5911 κη.

422 382 523 437 587
1189 376 1555 433 FLODOARDI
1597 378 1900 435 CANONICI
1942 381 2269 437 REMENSIS
2309 381 2649 438 OPUSCULA
2685 381 2996 437 METRICA.
3296 435 3301 440 .
3654 386 3748 439 588

422 510 856 573 Sollicitatcura,
887 506 1164 578 stupidam
1194 507 1408 561 diversa
1440 508 1746 563 trahentem

422 602 728 657 Moestitiam
751 600 953 655 mentis
980 599 1132 654 vultu
1153 615 1339 655 comes
1360 600 1522 655 unica
1554 609 1748 671 raptat,

425 692 662 749 Pectoris
690 708 947 747 arcanum
981 692 1194 765 rogitat,
1218 700 1432 747 secreta
1462 699 1769 762 patescunt.

422 786 713 840 Exhortata
742 783 949 859 fugam,
973 783 1203 855 quaesita
1233 783 1454 838 silentia
1484 782 1684 851 ﬁrmat,

418 878 695 949 Spemque
725 883 1045 947 metumque
1069 874 1188 946 jugi
1226 874 1449 930 volvunt
1472 881 2029 946 peropertasusurro,

421 965 686 1019 Carnibus
717 964 942 1018 hircinis
972 963 1203 1034 praevisa
1218 962 1412 1018 viatica
1439 979 1604 1018 curas.

421 1053 555 1109 Sero
584 1052 799 1107 subitur
830 1052 951 1118 iter,
982 1066 1175 1106 carnes
1202 1059 1256 1106 et
1287 1061 1503 1124 tergora
1527 1051 1747 1119 tollunt,

422 1151 641 1206 Utribus
674 1148 846 1203 innixi
876 1147 1084 1219 rapidis
1112 1164 1173 1203 se
1194 1147 1454 1203 ﬂuctibus
1486 1148 1715 1213 addunt,

422 1240 669 1295 Flumine
702 1237 1021 1293 transmisso
1052 1236 1205 1292 dubii
1237 1253 1336 1308 per
1364 1237 1526 1291 devia
1559 1246 1788 1292 currunt
1819 1255 1835 1303 ;

424 1333 551 1387 Post
578 1340 788 1403 tergum
819 1329 1025 1384 assidui
1058 1337 1310 1384 revocata
1337 1329 1514 1384 fronte
1547 1336 1761 1384 mentes
1793 1347 1806 1383 :

426 1422 688 1478 Noctibus
710 1420 939 1476 insidias
969 1419 1125 1475 veriti
1159 1419 1277 1475 loca
1309 1420 1455 1475 sicca
1482 1419 1755 1475 terebant.

426 1515 609 1570 Tertia
628 1515 741 1583 jam
774 1519 1043 1568 transacta
1072 1513 1191 1567 dies
1214 1520 1268 1567 et
1299 1513 1478 1568 adhuc
1508 1519 1690 1568 tamen
1726 1512 1873 1567 idem

430 1610 593 1665 Retro
621 1609 823 1665 referre
854 1618 1043 1665 monet
1072 1608 1249 1663 visum
1291 1607 1635 1663 ﬂuitantibus
1666 1623 1818 1663 error
1850 1626 1862 1661 :

431 1699 565 1753 Ecce
594 1698 866 1754 camelino
896 1698 1148 1770 geminos
1175 1698 1442 1753 accedere
1471 1713 1631 1753 cursu

429 1792 581 1846 Mens
613 1807 857 1866 praesaga
883 1790 1010 1845 mali
1041 1790 1326 1846 dominum
1354 1790 1672 1862 lethumque
1714 1794 1973 1844 retractat

431 1885 812 1953 Approperare
844 1882 1030 1948 simul,
1051 1882 1357 1956 nigrantem
1385 1895 1614 1935 cernere
1647 1880 1844 1935 solem.

433 1972 509 2027 En
540 1972 774 2044 trepidis
804 1972 968 2047 longe
1008 1979 1305 2043 penetrans
1344 1970 1694 2041 depromitur
1718 1975 1956 2024 antrum.

434 2061 541 2115 Nec
570 2061 754 2115 minus
794 2061 985 2115 horror
1008 2059 1087 2115 ibi
1109 2058 1300 2116 mortis
1328 2059 1716 2130 scrobiumque
1746 2072 1960 2112 venena

434 2151 731 2204 lntrorsum
764 2164 1059 2220 properare
1086 2155 1293 2215 vetant,
1325 2148 1587 2220 adituque
1620 2147 1844 2203 sinistre

435 2245 716 2318 lngressos
744 2251 945 2298 restare
970 2242 1191 2311 jubent,
1232 2241 1457 2297 Famulo
1486 2241 1805 2307 comitante,

433 2337 787 2407 Persequitur
812 2335 1070 2391 dominus
1097 2334 1485 2406 speluncaeque
1524 2334 1764 2404 applicat
1803 2347 1898 2386 ora
1927 2347 1942 2393 ;

433 2428 662 2498 Jamque
692 2425 844 2480 necis
867 2440 1028 2495 poena
1057 2424 1274 2498 gravior
1303 2421 1542 2478 formido
1576 2422 1795 2477 videtur
1823 2437 1836 2473 :

434 2520 709 2573 Presserat
737 2533 833 2572 ora
865 2531 1052 2586 pavor,
1075 2516 1190 2584 jam
1222 2515 1410 2587 lingua
1438 2514 1602 2588 ligata
1633 2520 1893 2579 tremore,

436 2611 565 2666 Cum
591 2626 749 2666 servo
779 2609 1040 2665 dominus
1066 2607 1298 2662 miseros
1327 2606 1565 2661 educere
1592 2604 1834 2660 mandat.

434 2705 556 2774 Ipse
577 2702 904 2757 renudatum
943 2715 1187 2756 caesurus
1219 2705 1278 2753 ut
1304 2698 1515 2753 evibrat
1550 2713 1763 2762 ensem,

438 2795 678 2851 Praeterit
706 2795 990 2867 ingressus
1012 2792 1198 2860 jussos
1225 2800 1346 2862 post
1375 2797 1532 2865 terga
1562 2789 1901 2861 relinquens,

439 2886 738 2941 Cernentes
774 2898 832 2937 se
856 2898 959 2937 nec
986 2895 1221 2937 cernens
1248 2879 1429 2952 rigido
1460 2879 1712 2950 increpat
1743 2894 1861 2946 ore,
2166 2877 2253 2931 Sic
2278 2876 2490 2951 gladios
2521 2876 2774 2950 interque
2806 2877 2950 2934 feras
2978 2880 3308 2952 desertaque
3338 2897 3619 2953 nunquam

439 2972 745 3030 Furciferos
772 2972 1039 3037 vocitans,
1071 2970 1374 3041 plexosque
1404 2968 1620 3040 eripere
1651 2968 1896 3023 clamans
2168 2966 2441 3037 Captivam
2473 2984 2593 3023 esse
2625 2968 2950 3040 pudicitiam
2984 2975 3152 3041 patet,
3195 2977 3365 3042 atque
3387 2970 3643 3045 jugatum

439 3064 503 3117 At
530 3075 740 3116 memor
768 3058 1129 3131 Omnipotens
1151 3055 1503 3125 famulorum,
1526 3057 1595 3112 ad
1649 3057 1794 3113 bella
1832 3057 2062 3114 leaenam
2168 3057 2335 3114 Posse
2358 3057 2494 3112 mori
2536 3055 2749 3112 Christo
2779 3054 3067 3126 famulum,
3101 3072 3213 3114 non
3242 3074 3413 3130 posse
3454 3059 3677 3114 reﬂecti.

442 3154 646 3210 Excitat
681 3151 932 3220 interius,
961 3150 1109 3206 fetus
1123 3150 1388 3206 alimenta
1418 3150 1707 3206 ferentem.

2055 513 2373 585 AQuaaqne
2431 521 2641 569 trucem
2724 513 2993 569 invadens
3048 513 3193 585 rapit
3259 514 3473 570 hostem
3533 524 3745 589 gutture

3385 606 3636 677 [fractum
3668 626 3683 669 ;

2136 697 2455 773 Indignatus
2482 705 2537 753 at
2558 697 2678 769 ipse
2710 713 2890 753 moras
2923 696 3144 753 differre
3176 714 3280 754 nec
3310 699 3445 754 iram

2134 790 2371 844 Alterius
2396 789 2638 845 tolerans
2665 790 2944 856 dominus,
2978 790 3118 861 petit
3149 790 3344 845 intima
3375 791 3617 855 fervens,

2136 879 2197 933 Et
2223 878 2415 933 rabido
2454 894 2672 933 servum
2696 877 3032 949 increpitans
3060 878 3301 934 clamore
3339 881 3632 935 socordem

2135 968 2272 1022 Dum
2311 967 2486 1033 saevit,
2518 983 2695 1023 saevos
2725 967 2957 1023 incurrit
2986 968 3041 1022 in
3072 968 3260 1025 abdita
3282 969 3473 1024 rictus.

2138 1055 2401 1111 Defensos
2434 1055 2583 1111 furor
2609 1056 2818 1111 ultricis
2848 1056 3137 1127 quatiebat
3166 1064 3221 1112 et
3245 1059 3460 1112 horror.

2143 1154 2215 1207 Ac
2243 1151 2438 1206 similis
2467 1158 2648 1207 metus
2678 1151 2934 1207 interitus
2963 1151 3256 1224 torquebat
3280 1151 3530 1208 anhelos.

2146 1242 2291 1296 lnter
2318 1248 2466 1296 tanta
2486 1241 2621 1296 sitos
2641 1241 2959 1297 discrimina
2984 1241 3163 1315 gloria
3192 1241 3373 1297 ductae

2145 1330 2271 1385 Sola
2302 1329 2582 1401 pudicitiaa
2604 1330 2799 1386 attollit
2830 1331 3010 1386 solata
3041 1330 3297 1386 latentes.

2150 1426 2407 1480 immotos
2436 1440 2603 1496 pavor
2629 1425 2748 1496 ipse
2779 1431 2933 1480 tenet
2964 1440 3063 1480 seu
3094 1424 3267 1481 limite
3305 1425 3430 1481 vitae

2147 1514 2471 1585 Suspensos,
2503 1514 2632 1569 dum
2667 1522 2823 1569 cauta
2854 1515 2996 1586 rapit
3018 1515 3348 1588 foveamque
3378 1517 3645 1588 relinquit

2153 1603 2416 1658 Evectans
2446 1603 2684 1659 catulum
2709 1603 2828 1659 fera
2852 1604 3133 1660 mordicus
3164 1620 3261 1661 ore
3284 1605 3647 1676 prehensum,

2146 1695 2502 1767 Tutelamque
2525 1711 2679 1750 suam
2712 1696 2860 1752 cedit
2886 1697 3268 1753 metuentibus
3289 1706 3530 1762 antrum,

2149 1787 2257 1843 Nec
2277 1804 2402 1843 mox
2430 1796 2751 1860 erumpunt,
2777 1804 3165 1862 propensaque
3189 1791 3335 1847 dona
3353 1790 3695 1857 tremiscunt,

2070 1857 2121 1923 Β
2143 1875 2387 1932 Vindicis
2405 1857 2695 1934 occurs—um
2728 1857 2961 1935 tremulo
2991 1857 3099 1935 sibi
3136 1888 3360 1952 pectore
3390 1879 3610 1956 fingunt

2148 1965 2551 2039 Transactaque
2581 1967 2692 2032 die,
2713 1967 2827 2036 jam
2854 1970 2973 2024 sole
3004 1969 3261 2037 cadente,
3292 1979 3605 2042 sequuntur

2154 2056 2368 2131 Egressi
2400 2059 2665 2113 latebram
2699 2066 2886 2129 partos
2924 2059 3033 2115 sibi
3056 2067 3202 2115 stare
3234 2060 3471 2115 veredos

2149 2146 2362 2201 Auxilio
2400 2148 2640 2212 Domini,
2680 2149 2979 2221 hostilique
3009 2148 3111 2204 sub
3136 2148 3344 2220 impete
3375 2148 3603 2204 ductos.

2151 2240 2282 2304 Quis
2312 2239 2415 2294 ista
2444 2240 2764 2295 conscensis
2791 2241 3023 2297 recreati
3050 2248 3209 2297 vasta
3234 2249 3535 2318 peragrant

2152 2330 2466 2386 Gaudentes
2493 2332 2663 2386 eremi
2700 2350 2714 2398 ;
2750 2332 2965 2389 decimo
2987 2333 3235 2389 Romana
3269 2341 3531 2389 tenentur

2157 2422 2338 2478 Castra
2366 2423 2478 2489 die,
2513 2426 2766 2495 pandunt
2793 2441 2861 2480 ex
2899 2426 3097 2481 ordine
3128 2433 3283 2499 gesta
3316 2426 3566 2492 tribuno,

2157 2513 2448 2585 Oblatique
2478 2513 2605 2568 duci
2635 2514 3080 2585 pretiofjumenta
3103 2515 3424 2588 relinquunt
3454 2534 3468 2569 :

2156 2606 2327 2677 Atque
2358 2604 2678 2660 monasterii
2710 2607 3041 2663 monachum
3073 2607 3309 2679 repetita
3334 2615 3555 2663 caterva

2156 2702 2247 2756 Sic
2277 2700 2494 2772 recipit,
2524 2701 2804 2773 castisque
2836 2718 3022 2758 comes
3051 2703 3352 2772 conjuncta
3391 2704 3612 2759 choreis

2166 2788 2405 2843 Fulcitur
2432 2788 2633 2844 dilecta
2652 2804 2829 2857 soror,
2860 2806 2963 2846 nec
2991 2791 3200 2846 credita
3227 2789 3394 2847 fratre

1942 3256 2151 3313 CAPUT
2197 3257 2311 3312 XII.

1802 3369 1881 3428 De
1921 3377 2132 3429 sancta
2174 3368 2443 3443 Pelagia.

444 3505 613 3575 Hujus
636 3502 909 3577 Pelagiam
942 3501 1289 3573 percepimus
1319 3500 1475 3555 urbis
1502 3499 1813 3566 alumnam,

441 3600 609 3664 Quam
640 3597 762 3652 vitae
784 3596 994 3651 meritis
1022 3595 1342 3650 veneranda
1366 3592 1656 3649 cacumina
1680 3591 1834 3662 juxta

444 3686 638 3743 Montis
665 3685 857 3742 Oliveti
878 3684 1219 3760 signavimus
1257 3689 1400 3738 astra
1428 3681 1650 3753 petisse.

445 3784 610 3852 Cujus
636 3782 706 3838 de
720 3782 962 3837 tenebris
989 3781 1054 3836 ad
1086 3780 1287 3842 lucem,
1321 3794 1352 3832 a
1392 3784 1564 3833 morte
1595 3776 1866 3852 gehennae

442 3875 521 3929 Ad
552 3874 757 3928 clarum
784 3872 906 3927 vitae
936 3868 1141 3927 celebri
1177 3868 1379 3939 pietate
1410 3864 1773 3936 triumphum,

442 3966 482 4018 A
525 3962 752 4018 maculis
777 3961 847 4016 ad
877 3976 1032 4015 sacra
1061 3957 1174 4030 poli
1206 3955 1437 4011 mutatio
1475 3954 1616 4022 talis,

444 4059 737 4116 Pontiﬁces
767 4057 1047 4130 quondam
1057 4054 1219 4124 jubet
1249 4053 1400 4109 urbis
1429 4052 1725 4124 episcopus
1755 4048 1919 4117 hujus

442 4156 820 4225 Approperare
850 4149 957 4205 sibi
989 4147 1257 4220 quosdam
1290 4146 1518 4220 regione
1552 4143 1916 4216 propinquos.

443 4251 552 4305 llos
570 4248 735 4304 simul
761 4248 905 4302 inter
930 4245 1084 4300 adest
1103 4252 1325 4299 sanctus
1355 4240 1685 4316 cognomine
1708 4238 1953 4300 Nonnus,

442 4344 535 4397 Vir
557 4341 692 4410 justi
725 4340 972 4410 rectique
1014 4344 1197 4404 tenax,
1236 4333 1509 4390 mirabilis
1539 4338 1687 4395 actu,

445 4431 507 4485 Et
534 4430 807 4502 probitate
838 4428 959 4499 pius
988 4444 1004 4492 ;
1031 4441 1214 4481 mores
1239 4423 1335 4495 qui
1367 4427 1594 4493 propter
1624 4421 1889 4475 honestos

444 4522 662 4579 Caelibis
692 4539 755 4577 ac
782 4521 907 4575 vitae
937 4518 1149 4574 cunctis
1169 4514 1488 4572 venerabile
1518 4512 1759 4568 culmen.

444 4614 599 4671 Almo
637 4622 691 4669 et
727 4612 1000 4668 monacho
1030 4608 1227 4681 praesul
1256 4604 1605 4678 resplenduit
1636 4604 1833 4669 almus,

517 4702 674 4758 Casta
700 4702 790 4757 die
816 4699 1052 4773 quadam
1081 4696 1257 4753 sancti
1290 4696 1420 4750 dum
1450 4692 1662 4748 semina
1692 4691 1848 4747 verbi

2086 3505 2135 3572 ί)
2170 3499 2337 3567 Hujus
2367 3497 2424 3552 in
2454 3504 2678 3568 aspectu
2718 3496 2888 3552 satias
2916 3495 3162 3572 fugiebat
3193 3506 3469 3554 amantes.

2163 3586 2460 3644 Pontifices
2488 3587 2695 3659 stupidi
2721 3592 2870 3641 tanta
2901 3587 3200 3643 ambitione
3233 3596 3539 3654 meantem,

2162 3677 2282 3733 Non
2320 3677 2375 3731 in
2409 3678 2616 3733 honore
2646 3677 2740 3733 Dei
2763 3692 3058 3749 procerum
3086 3678 3431 3735 descendere
3454 3680 3650 3745 asello,

2161 3771 2377 3828 Nudato
2408 3771 2612 3827 nitidos
2641 3771 2966 3843 prodentem
2989 3772 3196 3829 vertice
3222 3772 3432 3841 crines,

2164 3862 2367 3920 lntuitu
2390 3865 2598 3923 vultum
2617 3880 2724 3921 ceu
2741 3882 2940 3939 magna
2968 3882 2999 3921 a
3031 3865 3157 3922 labe
3181 3866 3475 3933 reducunt,

2162 3957 2388 4013 Nonnus
2413 3967 2467 4013 at
2505 3957 2783 4031 egregius,
2811 3959 3106 4030 speculans
3133 3960 3424 4025 attentius,
3449 3967 3617 4032 atque

2165 4048 2403 4122 Longius
2440 4063 2729 4103 asservans
2758 4048 2874 4103 visu
2902 4048 3033 4103 dum
3060 4048 3297 4116 transiit,
3330 4049 3519 4114 haeret,

2062 4208 2067 4215 _
2164 4137 2336 4194 Corde
2365 4138 2467 4193 sub
2507 4139 2738 4196 attonito
2770 4138 2996 4211 reliquis
3029 4139 3315 4214 incognita
3343 4138 3606 4203 volvens;

2168 4227 2300 4282 Inde
2329 4227 2533 4283 recline
2563 4234 2727 4299 caput
2751 4227 2989 4301 genibus
3019 4227 3367 4298 superaddit,
3397 4235 3451 4282 et
3481 4243 3649 4281 omne

2170 4318 2287 4373 Mox
2319 4318 2572 4390 Iacrymis
2594 4317 2873 4384 manuale,
2906 4318 3202 4389 sinumque
3227 4316 3466 4387 replevit
3490 4316 3713 4371 obortis.

2168 4410 2302 4464 Exin
2360 4425 2561 4484 magna
2592 4409 2817 4465 trahens
2844 4408 2955 4463 imo
2977 4407 3223 4480 suspiria
3239 4408 3408 4463 corde

2171 4499 2342 4555 «Num
2368 4498 2871 4566 delectatos,socii,
2900 4514 2997 4554 vos
3007 4498 3132 4567 jure
3166 4498 3439 4569 probatis,

2168 4594 2291 4650 Haec
2320 4608 2430 4666 quo
2454 4608 2515 4648 se
2546 4591 2746 4647 mulier
2763 4591 2915 4646 cultu
2940 4589 3222 4646 decoravit
3249 4604 3471 4644 amceno
3487 4586 3516 4631 φ
3549 4612 3572 4635 υ

2169 4687 2262 4742 llis
2301 4686 2436 4741 nihil
2468 4685 2586 4740 haec
2602 4691 2793 4740 contra
2839 4682 3221 4746 reddentibus,
3241 4681 3334 4736 ille
3362 4679 3651 4736 reﬂectens

2168 4776 2492 4850 Applicitam
2519 4774 2758 4851 genibus
2777 4773 2971 4830 faciem
3003 4772 3242 4843 suspiria
3264 4771 3477 4847 jungit,

2085 4827 2144 4896 D
2167 4827 2362 4923 Pectus
2387 4827 2702 4938 perci'itiens
2740 4827 3116 4935 lacrymisque
3144 4827 3332 4916 cilic'ia
3351 4827 3611 4931 cbniplet,

2164 4955 2291 5021 Qum
2321 4970 2542 5010 carnem
2575 4951 2757 5009 valido
2787 4950 2915 5006 caali
2946 4948 3165 5005 fervore
3195 4947 3522 5003 domabant.

2161 5048 2296 5104 Hinc
2324 5046 2545 5122 rogitat,
2571 5043 2790 5116 species
2820 5041 2988 5097 sociis
3017 5039 3301 5111 placuitne
3331 5047 3564 5095 venusta
3598 5036 3628 5081 Ψ

2157 5140 2276 5197 Non
2301 5139 2483 5194 minus
2513 5144 2597 5193 ast
2621 5135 2701 5190 illi
2723 5139 2995 5205 concepta
3022 5132 3248 5188 silentia
3269 5140 3548 5203 rumpunt.

2167 5232 2262 5289 llle
2296 5248 2476 5287 rosam
2505 5231 2715 5285 callens
2745 5226 2905 5283 hirtis
2933 5226 3235 5297 decerpere
3265 5224 3475 5291 dumis,

2166 5323 2396 5392 Semper
2422 5319 2488 5375 ad
2520 5317 2833 5389 exemplum
2867 5314 3090 5386 pietatis
3118 5323 3174 5368 et
3205 5313 3317 5369 alta
3339 5329 3556 5376 vocare,

2167 5414 2436 5471 Cordibus
2465 5429 2497 5468 a
2517 5411 2779 5468 comitum
2807 5406 2997 5462 mundi
3033 5394 3320 5462 removere
3346 5404 3545 5477 piacla,

2170 5508 2231 5564 Et
2261 5506 2418 5578 quasi
2446 5504 2751 5560 vaticinans
2792 5501 3017 5558 tandem
3046 5500 3127 5556 sic
3156 5499 3355 5572 incipit
3383 5514 3479 5555 ore
3509 5515 3521 5552 :

2176 5620 2198 5651 ι
2229 5599 2364 5654 Vere
2384 5595 2654 5654 cenﬁteor
2675 5595 3011 5652 delectatum
3045 5608 3140 5649 ore
3179 5592 3379 5663 puellae

2173 5691 2277 5753 Me,
2301 5688 2621 5760 placuitque
2650 5687 2787 5742 mihi
2807 5685 3025 5758 species
3053 5692 3112 5740 et
3138 5682 3313 5740 forma
3343 5681 3557 5738 decoris
3584 5698 3601 5746 ;

2175 5779 2240 5832 At
2260 5793 2448 5833 veram
2472 5775 2648 5833 fateor
2676 5777 2842 5832 nobis
2862 5776 3003 5831 hanc
3032 5768 3286 5846 praeferet
3313 5775 3458 5828 altus

444 4795 547 4849 Pro
577 4786 787 4848 foribus
802 4789 1015 4860 templi,
1037 4787 1207 4843 sociis
1236 4782 1600 4857 poscentibus
1623 4781 1779 4853 ipsis,

440 4884 738 4956 Spargeret
767 4880 876 4947 hic,
893 4878 1107 4934 cunctis
1127 4872 1479 4935 mirantibus,
1511 4887 1607 4928 ore
1629 4871 1777 4926 beati

440 4976 621 5034 Verba
645 4975 814 5041 senis,
847 4985 956 5031 tam
986 4989 1184 5049 magna
1210 4971 1339 5039 seri,
1363 4976 1472 5025 tam
1504 4969 1672 5044 digna
1703 4965 1909 5040 profari
1936 4984 1949 5021 :

442 5072 518 5127 En
550 5069 751 5124 ardens
780 5067 957 5124 rutilis
983 5065 1249 5121 transibat
1281 5062 1512 5119 mimula
1540 5059 1775 5135 gemmis

440 5160 644 5217 Ornato
684 5140 932 5212 residens
956 5169 1173 5228 pompae
1207 5151 1517 5209 meretricis
1543 5151 1738 5207 asello.

439 5250 614 5315 Quam
645 5245 809 5301 fulvis
837 5245 1071 5300 nitidum
1106 5242 1275 5298 radiis
1304 5249 1628 5298 contexerat
1660 5253 1858 5295 aurum

442 5338 715 5410 Undique,
745 5335 831 5390 vel
856 5335 1018 5391 claris
1048 5342 1276 5390 onerata
1301 5332 1527 5389 monilia
1548 5330 1750 5387 baceis.
1960 5319 1969 5325 ’

442 5434 593 5488 Hanc
617 5429 910 5486 comitatur
947 5446 1118 5486 ovans
1147 5442 1443 5499 puerorum
1470 5432 1689 5497 compta
1715 5429 1956 5487 caterva,

442 5523 693 5591 Grexque
724 5519 1028 5588 puellarum
1054 5518 1178 5572 luce
1207 5515 1590 5573 ornatissimus
1616 5513 1756 5580 auri,

441 5609 701 5664 Vestibus
728 5606 997 5681 insignes,
1030 5608 1304 5663 decoratae
1334 5605 1628 5677 torquibus
1660 5616 1893 5667 omnes;

441 5694 571 5755 Quae
600 5708 710 5761 quo
741 5691 1027 5762 migrabat,
1065 5694 1363 5765 spargebat
1392 5703 1636 5748 aromate
1666 5699 1883 5757 ventos,

445 5775 711 5829 Sollicitis
739 5791 970 5831 vacuum
996 5779 1288 5834 nidoribus
1322 5795 1450 5835 aera
1480 5779 1723 5850 replens,
