3970 6200
245 433 349 486 589

783 433 864 486 DE
902 433 1262 489 TRIUMPHIS
1305 435 1559 491 CHRISTI
1603 435 1975 491 ANTIOCHI/l3
2015 437 2241 491 GESTIS
2283 439 2455 492 LIBRI
2499 438 2649 492 DUO.
2689 468 2762 477 —
2801 437 2926 492 LIB.
2972 438 3035 492 ll.

3476 439 3582 491 590

245 581 479 648 Arbiter,
503 590 630 636 ante
661 583 916 637 thronum
951 590 1196 638 statuens
1228 601 1458 640 censore
1490 584 1794 639 tremendui

1961 565 2118 618 Tetro
2160 566 2383 619 horrore
2416 565 2648 637 nigram,
2681 563 2837 631 cujus
2871 579 3052 634 neque
3083 562 3225 616 ferre
3267 563 3474 618 valeret

245 674 464 728 Judicet
511 684 568 727 ut
617 683 862 728 nostrum
907 674 1151 730 officium
1196 693 1296 730 nos
1337 683 1501 748 atque
1538 677 1856 746 triumphet,

245 766 304 820 Et
336 773 567 836 quantas
597 767 836 821 morulas
866 769 1121 822 horarum
1155 769 1334 841 egisse
1377 769 1578 838 putatis

250 854 395 908 itane
427 855 565 909 intra
594 857 872 926 proprium
905 866 1080 911 semet
1107 857 1420 912 decorando
1451 858 1653 924 cubile,

247 947 379 998 Dum
418 945 582 1010 lavat,
607 946 910 1017 etpingens
930 962 987 1000 se
1020 947 1285 1020 unguenti
1311 955 1530 1003 nectare
1551 950 1730 1021 tingit,

251 1036 482 1105 insuper
508 1035 574 1089 ad
599 1035 884 1105 speculum
917 1036 1181 1091 studiosis
1210 1037 1448 1091 cultibus
1476 1054 1699 1105 ornans,

250 1127 312 1180 Ut
341 1127 548 1181 mundo
581 1127 816 1197 placeat,
849 1127 1064 1181 cunctis
1094 1127 1354 1199 optabilis
1385 1145 1504 1184 esse

249 1219 424 1273 Possit
450 1229 777 1286 amatorum,
812 1220 946 1274 nulli
968 1219 1232 1275 deformis
1264 1222 1451 1276 haberi

249 1309 600 1376 Cernentum,
645 1311 971 1382 plerumque
1016 1312 1136 1366 dies
1176 1328 1316 1383 quos
1360 1312 1599 1367 crastina
1629 1312 1866 1383 captat?

248 1407 310 1458 At
332 1417 433 1457 nos
459 1404 512 1457 in
536 1403 692 1457 caelis
718 1411 924 1457 aeterna
950 1403 1002 1456 in
1031 1405 1192 1458 saecla
1223 1413 1538 1459 manentem

248 1500 348 1563 Qui
379 1498 611 1554 colimus
643 1499 878 1563 Patrem,
908 1515 1114 1570 sponso
1147 1500 1239 1570 qui
1275 1506 1450 1554 morte
1479 1505 1698 1554 carente

248 1588 563 1642 Gaudemus
593 1588 699 1642 sibi
733 1588 951 1643 divitias
981 1589 1102 1642 sine
1135 1589 1243 1643 ﬁne
1277 1589 1514 1643 nitentes

251 1675 593 1730 .\ttribuente
625 1683 752 1746 apte
783 1676 1208 1744 famulantibus,
1236 1677 1469 1732 aestimat
1499 1676 1643 1731 ullus

248 1769 390 1828 Quas
421 1780 532 1820 non
558 1766 645 1819 hic
675 1765 894 1820 animus
926 1767 1109 1821 carnis
1134 1781 1244 1821 non
1276 1767 1489 1821 strinxit
1521 1766 1758 1833 ocellus,

1962 657 2196 710 tlorrcus
2222 657 2481 726 pedorem
2507 656 2799 710 lutulentis
2827 656 3086 709 sordibus
3109 672 3337 728 aegrum,

1963 748 2310 820 Durabatque
2337 749 2526 804 volans
2562 749 2723 813 circa,
2747 749 2877 803 dum
2909 748 3118 801 miserit
3149 747 3303 804 ordo.

1964 837 2120 892 Extra
2145 839 2427 893 auditores
2459 838 2690 891 necdum
2717 838 3041 908 baptismate
3065 839 3224 903 lotos,

1965 930 2054 983 llis
2078 930 2241 983 simul
2275 933 2513 1000 egressis
2537 932 2709 1001 septis
2743 937 3045 984 secesserat
3075 930 3223 994 ales;

1964 1018 2026 1071 Ut
2056 1035 2207 1071 sacra
2234 1020 2583 1088 complentur
2601 1020 2758 1082 redit,
2785 1026 2838 1072 et
2866 1019 2999 1088 petit
3029 1017 3429 1090 egredientem.

1967 1105 2113 1159 lianc
2146 1105 2257 1159 illle
2284 1107 2566 1176 accipiens
2593 1107 2754 1160 stanti
2791 1122 2848 1159 se
2882 1122 3129 1178 mergere
3162 1107 3335 1159 cernit

1968 1199 2101 1251 Ante
2149 1196 2296 1251 fores
2325 1197 2512 1267 templi
2559 1199 2727 1262 labro,
2769 1215 2899 1268 quo,
2940 1198 3102 1250 sorde
3132 1198 3297 1266 piata,

1971 1293 2033 1346 Et
2066 1293 2155 1346 nix
2183 1292 2307 1346 alba
2344 1293 2515 1360 velut,
2537 1294 2734 1347 cretum
2769 1292 3089 1347 conscendit
3130 1292 3184 1345 in
3214 1292 3404 1356 altum,

1969 1388 2093 1441 Tam
2125 1388 2270 1442 celse
2298 1396 2591 1460 penetrans
2624 1389 2786 1454 hujus
2808 1388 2935 1441 dum
2968 1389 3179 1442 visibus
3207 1388 3369 1443 absit.

1972 1479 2087 1541 Quo
2119 1478 2374 1547 stupidus
2405 1479 2630 1532 horrore
2662 1492 2852 1543 senex,
2883 1477 3011 1530 dum
3045 1477 3190 1530 clara
3219 1493 3444 1531 serenas

1972 1565 2080 1618 Lux
2104 1567 2276 1620 rutilae
2299 1575 2470 1620 terras
2510 1565 2743 1620 illustrat
2776 1566 2983 1620 honore
3016 1565 3223 1629 nitelze,

1970 1657 2082 1718 Qua
2121 1655 2451 1709 celebranda
2477 1654 2567 1707 die
2599 1655 2796 1708 renitet
2823 1654 3089 1708 surrectio
3123 1654 3354 1718 Christi;

1969 1743 2150 1820 Pergit
2178 1746 2231 1800 in
2256 1745 2569 1812 ecclesiam,
2596 1746 2883 1800 missarum
2926 1761 3079 1800 sacra
3109 1746 3381 1799 coluntur.

249 1854 366 1909 Non
397 1871 558 1909 aures
588 1857 822 1911 hausere
854 1857 1118 1925 hominis,
1158 1873 1338 1928 neque
1369 1857 1533 1912 corde
1576 1856 1860 1917 librantur,
1894 1882 1942 1950 Β
1967 1837 2095 1950 Σοῗῑ
2117 1854 2269 1942 ξδεῖδ
2291 1837 2436 1892 diem
2464 1837 2650 1950 είηξυιν
2679 1838 2904 1942 Νφιηᾞῗ
2933 1853 3188 1950 δξξῐηοηθ
3217 1847 3439 1911 rogum"

248 1945 376 2007 Quae
406 1944 530 1999 fidis
559 1947 824 2001 Dominus
847 1947 1140 2019 dignisque
1173 1948 1381 2018 paravit
1412 1947 1650 2002 alumnis
1676 1964 1688 2000 :

249 2031 386 2086 Certi
420 2041 683 2103 praeterea
715 2036 856 2106 pacti
885 2037 1154 2106 promissa
1185 2044 1458 2100 tenentes,

247 2125 493 2180 Caelestis
517 2125 718 2182 faciem
751 2129 948 2200 Sponsi
981 2145 1078 2200 per
1098 2130 1257 2185 saecla
1287 2131 1533 2192 videndi,

246 2213 341 2267 Cui
375 2215 661 2270 cherubim
704 2218 924 2287 penitus
956 2219 1234 2288 trepidant
1269 2220 1555 2273 intendere
1585 2219 1748 2272 visus.

244 2303 352 2358 Nec
383 2320 483 2359 nos
502 2321 783 2372 ornamus,
815 2309 1006 2362 sordes
1039 2324 1215 2379 neque
1249 2309 1504 2379 pellimus
1535 2316 1698 2374 atras,

241 2396 416 2464 Atque
450 2393 823 2451 immunditias
863 2397 1028 2468 lapsis
1056 2398 1346 2452 animabus
1377 2399 1607 2459 inustas.

243 2486 357 2539 lmo
378 2487 590 2554 protriti
618 2489 888 2559 pronique
911 2491 1158 2558 jacemus
1189 2492 1410 2552 inertes,

235 2578 384 2639 Quos
405 2577 488 2631 vel
519 2578 572 2630 in
604 2579 855 2649 exemplo
890 2579 1228 2650 reliquorum
1265 2581 1482 2635 tramite
1518 2581 1570 2634 in
1607 2580 1715 2634 alto

241 2665 507 2719 Virtutum
529 2683 753 2738 semper
775 2667 984 2722 meritis
1017 2679 1260 2738 perstare
1283 2670 1520 2724 deceret.
1569 2691 1592 2719 υ

231 2756 396 2821 Dixit,
416 2765 470 2812 et
501 2759 724 2829 hospitii
745 2775 803 2814 se
836 2775 958 2814 mox
995 2761 1376 2830 penetralibus
1407 2761 1640 2827 abdens,

235 2849 294 2901 In
325 2849 634 2921 faciemque
667 2868 832 2906 ruens
856 2852 1009 2906 vultu
1043 2869 1298 2921 percussa
1339 2853 1549 2928 rigabat

231 2945 406 3018 Terga
437 2944 535 2999 soli
569 2947 844 3016 lacrymis,
878 2947 1087 3002 maestis
1117 2948 1190 3002 ita
1219 2949 1448 3003 vocibus
1469 2964 1632 3002 orans
1659 2967 1671 3002 :

238 3058 265 3088 α
309 3037 349 3092 Ο
380 3041 642 3108 praecelse
672 3040 834 3106 Deus,
863 3040 1082 3105 nostris,
1113 3057 1267 3115 rogo,
1303 3058 1464 3112 parce
1486 3043 1708 3113 piaclis;

236 3127 512 3181 Peccatori
543 3127 766 3199 ignosce
795 3129 951 3193 mihi,
981 3145 1103 3184 nam
1132 3131 1343 3200 pellicis
1370 3132 1534 3198 hujus

232 3214 409 3268 Unius
429 3215 592 3270 solito
621 3215 801 3271 cultus
823 3217 890 3270 de
921 3232 1074 3272 more
1102 3218 1211 3272 diei

231 3307 564 3362 Ornamenta
603 3323 739 3363 meae
766 3309 1013 3363 vicerunt
1051 3310 1235 3364 omnia
1267 3310 1413 3364 vitze.

230 3399 352 3463 Quo
383 3407 433 3454 te
463 3401 798 3471 conspiciam
830 3403 980 3456 vultu
999 3403 1026 3455 7
1060 3403 1374 3457 Excusabor
1401 3402 1468 3456 ab
1495 3418 1590 3457 ore
1613 3402 1642 3455 ?

228 3490 371 3540 Ante
402 3488 593 3542 oculos
622 3505 726 3542 nec
763 3490 908 3544 enim
931 3491 1241 3546 abscondar
1268 3500 1477 3546 secreta
1498 3491 1721 3546 tuentis.

233 3582 326 3634 Vae
351 3583 623 3651 peccatori
655 3583 787 3637 mihi
816 3583 828 3636 l
863 3585 1066 3656 quique
1092 3585 1358 3639 altaribus
1383 3592 1566 3639 astans

235 3669 509 3741 Indignus
543 3672 711 3726 sacris
737 3672 907 3728 decus
936 3673 1081 3728 haud
1115 3674 1324 3729 illustre
1353 3674 1540 3745 peregi

233 3759 417 3814 Ullum
445 3761 510 3813 ad
543 3762 685 3816 velle
723 3772 898 3829 tuum,
928 3763 1172 3818 clemens
1201 3763 1292 3834 qui
1328 3771 1525 3818 cuncta
1553 3764 1748 3818 creasti

227 3853 308 3906 De
342 3853 539 3918 nihilo,
570 3852 821 3917 Domine,
867 3852 1012 3906 inter
1041 3869 1163 3923 quae
1195 3869 1282 3908 me
1313 3853 1553 3907 condere
1593 3853 1846 3926 dignans,

224 3944 638 4015 Servitiumque
663 3944 761 3998 tibi
793 3951 1040 3999 statuens
1065 3945 1386 4015 impendere
1409 3945 1658 4018 dignum.

227 4033 310 4087 Ne
341 4048 430 4087 me
468 4033 672 4087 caelesti
702 4034 966 4087 miserum
1003 4033 1260 4101 rejeceris
1291 4035 1434 4100 aula,

227 4126 366 4192 Nec,
398 4126 720 4193 reverende,
756 4132 900 4180 tuam
933 4125 1241 4180 confundas
1271 4133 1399 4181 ante
1428 4127 1777 4182 tremendam

227 4219 318 4274 Me
353 4220 714 4288 majestatem,
747 4221 898 4275 cultu
930 4220 1238 4275 meretricis
1266 4221 1320 4274 in
1350 4222 1534 4290 hujus,

227 4309 364 4372 Quae
381 4323 478 4378 pro
506 4308 740 4363 terrenis
768 4308 976 4364 studuit
999 4325 1060 4362 se
1094 4324 1289 4364 ornare
1311 4309 1574 4380 superbe,

227 4397 458 4448 Summa
482 4410 580 4466 pro
601 4395 768 4449 rebus
796 4412 925 4450 cura
952 4397 1217 4452 decorare
1247 4399 1490 4452 caducis.

227 4493 326 4541 Ast
357 4487 450 4557 qui
483 4487 742 4558 proposui
764 4504 918 4542 sacro
940 4488 1035 4542 tibi
1063 4489 1184 4559 jure
1218 4489 1458 4558 placere,

234 4577 444 4632 Invicto
467 4579 702 4634 Domino
732 4579 934 4634 decora
965 4581 1195 4650 implere
1219 4580 1425 4650 quievi,

229 4675 411 4736 Quare
440 4687 529 4726 me
561 4671 615 4725 in
647 4673 806 4726 terris
835 4678 1013 4738 tueor,
1040 4673 1290 4743 eteloque
1321 4674 1569 4728 relictum

230 4761 392 4815 Cultu
425 4760 674 4831 inopem,
704 4777 921 4816 servare
950 4761 1049 4816 tibi
1081 4762 1173 4832 qui
1206 4771 1329 4817 vota
1362 4762 1584 4836 refugi?

233 4854 365 4907 Haec
393 4868 516 4924 qua:
538 4853 790 4923 promisit
813 4853 1138 4908 mortalibus
1164 4853 1308 4908 ultro
1337 4855 1619 4924 rependit:

233 4940 397 4995 Nulla
434 4941 574 4995 meis
604 4941 772 5013 igitur
801 4943 937 4996 mihi
959 4942 1072 5010 jam
1101 4942 1459 5012 spesactibus
1487 4943 1676 4997 haeret.

235 5033 316 5085 Ad
348 5048 619 5102 suspensa
645 5039 750 5088 tuae
783 5033 1001 5104 pietatis
1028 5033 1082 5087 in
1106 5033 1278 5088 arduo
1313 5049 1472 5088 mens
1492 5041 1594 5100 est,

240 5126 516 5178 lmmeuse
547 5125 706 5180 Pater
734 5125 900 5191 alme,
934 5124 1068 5179 mihi
1102 5131 1192 5179 tua
1225 5123 1397 5179 fidere
1437 5125 1608 5180 multa

244 5214 345 5267 Dat
367 5213 608 5280 bonitas,
649 5213 887 5268 animam
921 5214 1090 5269 facias
1117 5231 1281 5286 quam
1313 5231 1541 5270 munere
1568 5215 1790 5269 salvam.
1837 5233 1862 5264 »

317 5302 466 5357 Talia
506 5303 600 5374 qui
631 5304 768 5360 tristi
798 5305 978 5360 donec
1008 5321 1242 5360 maerore
1272 5306 1480 5361 volutat

247 5395 606 5464 Pracipitans
646 5396 817 5465 nigris
846 5405 1018 5452 terras
1049 5411 1156 5452 nox
1187 5397 1431 5471 contegit
1461 5397 1583 5463 alis,

245 5489 454 5542 Ductus
478 5487 620 5542 fessa
649 5503 816 5559 30por
846 5489 1126 5543 recreabat
1152 5489 1400 5543 membra
1420 5489 1639 5553 labore;

246 5576 322 5630 En
355 5576 534 5631 Incesti
566 5577 831 5631 Dominus
859 5577 1046 5631 famuli
1087 5592 1319 5646 memor,
1356 5577 1543 5633 omnia
1575 5575 1766 5647 pandit

247 5670 392 5724 Laeta
422 5668 733 5724 futurorum
765 5669 940 5742 signis
969 5686 1214 5740 praesaga
1245 5670 1516 5724 bonorum

250 5761 383 5813 Nam
410 5760 563 5815 videt
592 5760 648 5814 in
679 5762 890 5816 somnis
914 5778 1023 5816 arte
1053 5777 1112 5815 se
1143 5761 1398 5815 assistere
1436 5760 1658 5830 presul,

252 5851 479 5908 Plenam
513 5858 567 5906 et
593 5851 870 5921 spurcitiis
899 5841 1338 5907 circumvolitare
1367 5851 1700 5910 columbam.

1967 1932 2141 1986 Solari
2173 1941 2366 1986 sancto
2395 1933 2659 2002 populum
2691 1949 2703 1985 :
2736 1931 2927 2002 incipit
2959 1932 3050 1986 ille
3081 1949 3320 2002 superna

1966 2023 2076 2076 Nec
2099 2029 2316 2077 terrena
2338 2039 2562 2088 sonans,
2595 2039 2697 2077 nec
2719 2024 2952 2077 rhetoris
2979 2031 3093 2076 arte
3123 2023 3294 2094 polita

1967 2112 2299 2176 Declamans
2341 2113 2462 2167 coeli
2498 2113 2632 2184 quin
2664 2113 2787 2168 luce
2819 2112 3053 2168 nitentia
3083 2129 3366 2182 promens;

1967 2204 2080 2258 Non
2112 2212 2341 2260 ventosa
2364 2204 2555 2266 boans,
2585 2212 2773 2260 sancto
2799 2204 2897 2258 sed
2922 2204 3162 2258 Flamine
3195 2207 3410 2274 plenus,

1965 2293 2215 2348 Errantes
2246 2310 2526 2359 revorans,
2554 2294 2658 2350 iter
2686 2297 2752 2349 ad
2785 2296 3029 2351 coelestia
3060 2296 3328 2366 pandens,

1965 2382 2228 2436 Indicium
2264 2384 2620 2436 memorando
2642 2383 2964 2456 benignum,
2991 2400 3199 2454 speque
3234 2383 3471 2452 benigna

1962 2477 2233 2530 Labentes
2259 2478 2503 2531 solidans
2534 2479 2746 2532 animas
2769 2478 2979 2534 fervore
3011 2495 3270 2548 superno.

1963 2573 2124 2640 Cujus
2158 2574 2240 2625 bis
2270 2574 2493 2627 monitis
2522 2573 2864 2643 pulsantibus
2886 2575 3080 2628 intima
3099 2573 3319 2637 mentis,

1962 2664 2132 2718 Corda
2163 2673 2546 2734 capessentum
2579 2666 2657 2720 sic
2681 2673 2806 2720 sunt
2825 2673 3153 2736 compuncta
3174 2665 3436 2729 virorum,

1958 2759 2129 2831 Terga
2164 2758 2458 2827 pavimenti
2492 2765 2549 2813 ut
2581 2759 2835 2829 lacrymaz
2872 2759 3072 2826 pietate
3109 2759 3372 2829 rigarent.

1957 2846 2178 2900 Astabat
2211 2848 2466 2901 meretrix
2501 2855 2632 2901 nutu
2668 2848 2891 2918 praefata
2917 2848 3176 2902 Tonantis

1957 2937 2124 2990 Ducta
2148 2938 2336 3000 sacris,
2371 2938 2470 2992 etsi
2503 2939 2910 3004 catechumiua,
2938 2939 3092 3005 juxta
3120 2953 3221 2992 nec
3252 2953 3494 3009 unquam

1958 3027 2070 3083 Huc
2091 3037 2247 3084 sueta
2267 3031 2598 3100 appropiare
2625 3033 2773 3101 gravi
2799 3032 2902 3084 sub
2925 3031 3069 3085 mole
3090 3031 3325 3100 sepulta,

1956 3121 2187 3175 Duxerat
2212 3123 2354 3176 hanc
2385 3122 2640 3192 equidem
2676 3123 2920 3178 clemens
2937 3124 3213 3179 miseratio
3246 3121 3468 3186 Christi,

1955 3209 2031 3262 Ad
2066 3227 2312 3281 praesepe
2342 3227 2500 3265 suum
2534 3213 2758 3265 mundis
2787 3213 3141 3278 animalibus,
3176 3214 3228 3267 in
3254 3228 3362 3284 quo

1955 3305 2156 3360 leica
2179 3323 2277 3374 per
2305 3306 2471 3360 fidum
2505 3307 2789 3376 praebebat
2814 3308 3016 3378 pabula
3046 3324 3287 3363 servum.

1957 3396 2128 3450 Corda
2159 3396 2323 3451 timor
2351 3396 2544 3449 Christi
2567 3396 2678 3462 jam
2711 3397 2954 3451 concutit
2975 3404 3091 3450 atra
3114 3399 3351 3466 puellae;

1954 3487 2236 3541 Terrorem
2259 3488 2475 3542 Domini
2506 3487 2691 3540 famuli
2725 3487 2854 3540 dum
2887 3488 3121 3558 percipit
3143 3504 3256 3549 ore,

1955 3572 2088 3628 Miro
2120 3573 2269 3648 larga
2298 3575 2462 3630 modo
2496 3575 2734 3629 ﬂuerent
2763 3582 2820 3628 ut
2849 3574 3077 3630 flumina
3109 3577 3292 3630 cordis

1954 3666 2130 3719 Attriti
2161 3667 2229 3720 de
2258 3667 2428 3731 fonte,
2455 3678 2606 3722 metu
2642 3667 2918 3720 manantia
2946 3666 3131 3735 Regis,

1958 3757 2119 3825 Cujus
2148 3761 2216 3813 ab
2265 3775 2359 3815 ore
2391 3759 2542 3814 senis
2586 3768 2692 3814 tam
2723 3767 2940 3830 sceptra
2980 3758 3229 3829 pavenda
3267 3761 3576 3825 resultant;

1952 3848 2152 3920 Sicquo
2185 3852 2278 3905 Dei
2308 3852 2430 3907 vivo
2461 3852 2682 3907 rediens
2707 3866 2963 3906 sermone
2990 3849 3193 3914 cibata,

1955 3942 2209 4012 Praecipit
2241 3953 2302 3997 ut
2332 3951 2589 4018 maneant
2617 3943 2823 4016 gemini
2847 3941 3180 4011 videamque
3199 3939 3437 3995 clientes

1955 4038 2261 4110 Hospitium
2295 4047 2402 4092 tam
2426 4035 2752 4108 praecellens
2784 4034 2878 4089 ubi
2907 4041 3095 4106 pastor
3117 4030 3360 4085 haberet.

1952 4128 2125 4192 Stant,
2167 4133 2448 4180 sectantur
2493 4140 2618 4179 eum
2649 4123 2810 4186 servi,
2863 4130 3232 4191 cernuntque,
3284 4118 3579 4189 feruntque

1956 4216 2012 4270 ld
2045 4214 2306 4278 dominae,
2335 4213 2526 4269 scribit
2548 4212 2746 4266 ceratis
2777 4212 2867 4266 illa
2899 4209 3149 4265 tabellis:

1958 4333 1982 4361 (ι
2027 4311 2150 4364 Haec
2179 4318 2368 4363 sancto
2399 4309 2612 4374 Nonno,
2655 4307 2851 4361 Christi
2881 4305 2975 4376 qui
3005 4304 3206 4374 dignus
3234 4301 3494 4356 alumnus

1953 4407 2135 4464 Pellex
2167 4404 2386 4477 Pelagia
2435 4400 2615 4456 zabuli
2640 4415 2763 4472 quae
2789 4398 2967 4468 turpis
2989 4395 3209 4450 alumna
3234 4413 3249 4456 ;

1955 4506 2151 4560 Auditu
2180 4503 2347 4558 didici
2371 4499 2685 4564 Dominum,
2712 4511 2875 4567 quem
2907 4501 2964 4548 tu
2993 4493 3151 4556 colis,
3177 4491 3308 4546 olim

1882 4623 1935 4691 Ι)
1957 4595 2252 4649 lnclinasse
2280 4591 2458 4663 polos,
2492 4585 2756 4642 humilem
2787 4591 3002 4639 terrena
3031 4580 3260 4652 petisse,

1958 4688 2109 4742 Haud
2143 4684 2351 4741 meritis
2375 4684 2670 4752 justorum,
2704 4687 2758 4734 at
2797 4673 3182 4750 peccatoribus
3208 4672 3368 4726 atmte

1959 4776 2058 4842 Qui
2084 4782 2407 4830 sanarentur
2435 4772 2588 4826 daret
2606 4764 3046 4824 utmedicamina
3075 4762 3224 4826 vita},

1961 4865 2031 4918 Se
2062 4871 2286 4918 sanctus
2318 4861 2542 4916 famulis
2569 4857 2796 4913 sociavit
2829 4852 3153 4928 flagitiosis;

1964 4960 2132 5024 Quem
2182 4959 2460 5029 trepidant
2519 4953 2806 5009 cherubim
2862 4948 3254 5019 seraphimque
3300 4941 3584 4998 attendere

3316 5035 3508 5105 [vultu,

1967 5149 2176 5220 Degere
2208 5143 2464 5217 dignatus
2493 5157 2615 5196 cum
2643 5137 3050 5212 peccatoribus,
3084 5140 3142 5187 ut
3183 5139 3262 5197 tu,

1971 5239 2164 5293 Sancte
2189 5235 2363 5298 Pater,
2397 5232 2579 5306 dignis
2609 5231 2774 5285 etiam
2801 5225 3150 5284 sermonibus
3175 5222 3372 5284 effers;

1974 5327 2142 5395 Hujus
2164 5325 2208 5379 si
2239 5339 2365 5378 vere
2393 5319 2743 5393 cognosceris
2771 5335 2895 5374 esse
2924 5313 3170 5388 magistri

1973 5417 2304 5488 Discipulus,
2339 5431 2407 5469 ne
2438 5413 2731 5484 despicias,
2763 5410 2857 5465 sed
2886 5408 3106 5478 suscipe
3130 5419 3340 5460 servam

1975 5512 2259 5582 Perpetua:
2290 5524 2490 5563 munus
2519 5506 2780 5577 cupidam
2811 5502 3057 5574 reperire
3079 5498 3292 5554 salutis.
3341 5522 3364 5542 ιο

1977 5602 2209 5656 Sanctus
2235 5601 2302 5654 ad
2336 5601 2435 5654 ista
2457 5613 2623 5653 senex
2655 5595 2970 5650 rescribens
3000 5589 3129 5646 talia
3146 5587 3342 5643 mittit:

1981 5715 2006 5737 ιι
2048 5692 2418 5760 Quzecumque
2445 5705 2524 5752 es,
2548 5687 2777 5742 Domino
2793 5693 2982 5739 nostro
3005 5677 3296 5734 manifesta
3327 5675 3594 5748 probaris,

1980 5781 2092 5836 Hoc
2122 5789 2334 5836 tantum
2371 5781 2643 5835 admoneo
2679 5796 2748 5832 ne
2780 5784 3004 5848 pectora
3032 5770 3189 5826 mitia
3227 5776 3404 5824 tentes

1981 5871 2293 5940 Squalentis
2315 5878 2540 5940 peccata
2562 5869 2805 5925 hominis
2827 5869 3053 5923 horrore
3080 5859 3276 5932 patrati
3299 5877 3314 5922 ς
