3970 6200
426 392 522 445 591
1203 383 1569 439 FLODOARDI
1613 380 1913 437 CANONICI
1956 378 2282 434 RRMENSIS
2323 379 2620 436 OPUCULA
2660 381 2952 437 METRICA

2059 511 2113 579 Α
2146 506 2210 560 At
2238 507 2466 563 Nonnus
2492 508 2757 564 Iacobum
2781 509 3020 566 Levitam
3050 511 3218 568 mittit
3244 513 3313 568 ad
3330 512 3487 569 urbis

424 514 520 568 Sin
551 520 733 568 autem
774 527 957 565 veram
990 509 1147 581 cupis
1175 509 1471 580 impetrare
1496 508 1752 574 salutem,

425 607 616 677 Meque
645 604 832 658 videre
865 602 1027 673 potis,
1068 601 1233 657 sociis
1254 601 1612 671 speculabere
1644 599 1858 663 fultum,

424 697 554 751 Nam
577 710 856 764 nunquam
890 692 1066 747 solum
1094 692 1282 763 capies
1310 708 1394 745 me
1425 691 1541 746 sola
1561 690 1766 744 videre.
1813 708 1839 740 ι

425 791 551 854 Quae
578 803 704 842 mox
730 787 844 840 visa
868 785 1024 859 legit,
1058 800 1361 857 properans
1391 783 1591 839 festina
1618 782 1879 847 cucurrit,

428 880 769 933 Praemittens
802 877 1085 933 famulum.
1118 875 1356 931 Comites
1397 875 1556 929 Pater
1584 874 1815 928 advocat
1841 872 2034 936 almos,

427 968 841 1040 Sollicitamque
864 966 1033 1021 sacris
1065 965 1351 1034 juvenem,
1380 964 1483 1019 sub
1513 964 1748 1019 testibus
1778 962 1930 1033 ipsis,

424 1061 663 1115 Tandem
696 1060 899 1114 intrare
937 1058 1134 1127 jubet;
1168 1064 1463 1127 penetrans
1493 1054 1879 1128 prosternitur,
1930 1055 2040 1109 imo

430 1153 601 1207 I’rona
632 1151 773 1217 solo,
796 1151 1131 1221 planctuque
1162 1148 1387 1203 domum
1414 1148 1663 1218 replebat
1690 1164 1896 1202 amaro.

426 1244 711 1298 Insolitum
744 1242 909 1311 capiti
938 1241 1188 1296 velamen
1219 1240 1461 1311 pulveris
1488 1240 1723 1305 addens,

428 1337 817 1408 Pontilicisque
844 1335 1018 1407 pedes
1044 1335 1405 1405 lacrymarum
1428 1333 1657 1389 flumine
1682 1334 1902 1406 tingens

429 1426 603 1496 Atque
625 1426 815 1480 lavans
843 1424 997 1489 ﬂetu,
1030 1422 1281 1497 tergebat
1309 1424 1461 1477 crine
1491 1422 1692 1485 soluto,

429 1514 651 1569 Actibus
672 1514 758 1569 his
788 1515 1007 1569 imitans
1029 1513 1224 1569 humili
1254 1514 1455 1585 pietate
1478 1513 1720 1576 Mariam.

428 1605 520 1658 Cui
549 1604 675 1676 quia
706 1605 896 1659 dilexit
915 1606 1145 1659 multum
1169 1604 1297 1659 data
1328 1606 1507 1660 multo
1539 1605 1860 1675 probantur.

431 1700 555 1754 llaec
576 1700 702 1771 quia
736 1714 846 1755 non
876 1708 1092 1770 poterat
1122 1699 1338 1755 Domini
1369 1700 1619 1773 vestigia,
1643 1699 1795 1773 digni

430 1787 810 1857 Complectens
834 1786 1023 1842 famuli
1058 1789 1327 1859 obsequio
1354 1798 1650 1843 veneratur
1678 1788 1863 1854 herili,

428 1880 680 1935 Clamans
710 1888 765 1935 et
785 1881 1008 1935 dicens:
1057 1903 1076 1931 ι
1123 1880 1335 1943 Senior,
1366 1882 1631 1937 miserere
1653 1881 1847 1952 piaclis

428 1973 499 2026 Ac
527 1972 742 2026 Domini
771 1980 982 2027 sectare
1008 1972 1084 2026 tui
1109 1972 1201 2043 pia
1231 1972 1490 2047 dogmata
1519 1973 1739 2037 Christi,

428 2065 507 2119 Me
535 2064 993 2136 superetl‘undens
1015 2066 1236 2136 pietatis
1256 2065 1465 2121 viscera
1489 2074 1714 2133 sanctae,

428 2157 755 2228 Participem
787 2164 991 2211 memet
1020 2156 1228 2212 faciens
1265 2174 1392 2213 mox
1422 2158 1663 2214 nominis
1693 2158 1805 2212 alti.

427 2246 634 2316 Nempe
665 2261 768 2319 ego
797 2246 1017 2320 Pelagia
1050 2248 1280 2319 pelagus
1318 2263 1437 2301 sum
1469 2248 1641 2318 pestis
1670 2247 1876 2317 iniquae

429 2336 706 2391 Fluctibus
753 2337 1010 2391 obscenis
1053 2337 1322 2392 scelerum
1379 2339 1691 2408 petulanter
1744 2338 2044 2401 inundans;

427 2424 669 2495 Sumque
716 2424 917 2479 animae
959 2424 1211 2496 laqueus,
1259 2441 1380 2480 sum
1431 2425 1758 2496 perditionis
1788 2424 2048 2496 abyssus:

429 2519 674 2574 Luxuria;
713 2520 909 2574 faculis
937 2519 1181 2591 Iethique
1208 2522 1472 2595 voragine
1503 2521 1705 2575 multos

426 2606 645 2675 Decepi,
678 2606 912 2677 decepta
952 2606 1136 2677 prius;
1173 2608 1339 2661 nimis
1369 2609 1565 2664 horreo
1605 2617 1792 2683 gesta;

427 2693 687 2748 Exsecror
714 2694 971 2748 infectam
995 2702 1203 2750 memet
1232 2702 1344 2750 tam
1376 2696 1634 2751 sordibus
1665 2697 1817 2764 atris,

426 2785 700 2853 Deprecor
728 2785 874 2839 unde
909 2785 1001 2856 pio
1030 2785 1291 2856 baptismi
1321 2786 1475 2843 fonte
1508 2789 1707 2844 lavacri
1740 2789 1793 2860 [Γ
1836 2790 2045 2862 lavari],

428 2876 492 2930 Ut
523 2884 880 2947 peccatorum
914 2886 1144 2947 pereant
1165 2878 1242 2933 ibi
1272 2878 1414 2935 facta
1444 2896 1714 2943 meorum,

433 2969 606 3039 Atque
629 2983 766 3023 meae
806 2969 1001 3023 sordes
1031 2970 1231 3025 anima:
1261 2979 1567 3047 purgentur
1590 2973 1817 3029 abactae.

432 3060 720 3131 Credoque
746 3060 1019 3132 baptismo
1050 3062 1201 3133 quod
1232 3064 1613 3120 sanctificante
1647 3074 1833 3121 renata

427 3152 502 3206 De
532 3150 787 3206 manibus
814 3150 1021 3227 fugiam
1047 3153 1141 3224 qui
1171 3170 1261 3209 me
1293 3155 1516 3211 seduxit
1547 3157 1745 3229 iniqui.
1800 3182 1819 3202 -

428 3244 720 3300 Pontilices
751 3245 996 3317 clerique
1023 3262 1219 3302 omnes
1246 3256 1512 3319 stupuere
1538 3250 1789 3306 videntes

424 3337 524 3393 Tot
561 3338 829 3409 Iacrymas
859 3347 1176 3414 tantamque
1207 3341 1397 3405 fidem.
1430 3346 1743 3400 meretricis
1772 3354 1826 3401 et
1852 3346 1974 3414 ejus

425 3433 576 3499 Quod
599 3434 710 3503 jam
737 3443 993 3493 cernatur
1016 3437 1200 3493 subito
1227 3440 1458 3495 mutatio
1491 3440 1644 3506 talis;

426 3526 683 3581 Mirantes
704 3526 863 3582 reflui
890 3534 999 3583 tam
1041 3529 1190 3605 larga
1216 3532 1496 3586 volumina
1526 3532 1708 3599 fletus,

428 3617 484 3672 In
509 3633 785 3690 quoquam
808 3619 993 3675 nullus
1022 3638 1184 3693 quam
1217 3639 1275 3677 se
1305 3623 1509 3679 vidisse
1540 3623 1770 3680 ferebat.

426 3705 635 3778 Vixque
662 3708 780 3763 solo
807 3709 1001 3764 suadet
1030 3710 1187 3765 laetus
1216 3711 1358 3766 hanc
1386 3727 1615 3784 surgere
1643 3715 1864 3784 praesul.

424 3799 556 3855 Tum
580 3810 771 3858 cautus
792 3819 1061 3859 canonem
1085 3821 1253 3875 super
1274 3805 1359 3860 his
1386 3807 1648 3862 mandare
1676 3813 1950 3875 retractat,

427 3894 544 3949 Non
566 3894 773 3951 debere
797 3897 1143 3951 meretricem
1175 3896 1506 3968 baptismate
1527 3878 1721 3974 mergi,

426 3983 486 4037 Ni
520 3984 751 4039 vadibus
781 3984 904 4039 latis
926 3984 1054 4039 fidei
1084 3986 1390 4041 munimina
1422 3986 1602 4043 firmet

428 4073 873 4129 Actibusinvolvi
900 4091 1183 4146 nunquam
1211 4091 1271 4130 se
1291 4076 1475 4131 denuo
1503 4078 1705 4148 pravis.

423 4160 661 4217 Auribus
689 4162 877 4217 invitis
914 4178 1181 4234 responsa
1219 4165 1491 4220 morantia
1522 4174 1751 4237 captans

426 4253 522 4307 Illa
563 4253 875 4326 iterumque
897 4271 1064 4310 ruens
1089 4256 1581 4327 corpusjaculatur
1602 4260 1944 4330 humumque

430 4344 804 4400 Percutithaec
825 4346 975 4402 luctu
1006 4347 1170 4402 misto
1198 4348 1520 4422 gemituque
1550 4347 1847 4419 profundo.

433 4457 458 4488 α
495 4436 570 4491 'I‘u
603 4453 702 4507 pro
733 4452 819 4492 me
850 4438 1079 4494 Domino
1112 4440 1379 4495 rationem
1403 4440 1636 4495 reddere
1657 4457 1873 4496 summo

426 4528 668 4603 Cogaris,
701 4530 842 4584 mala
862 4540 1046 4585 nostra
1076 4531 1173 4586 tibi
1197 4539 1522 4603 reputentur
1550 4532 1620 4587 ab
1646 4532 1790 4605 ipso,

426 4617 481 4672 Si
512 4633 601 4671 me
631 4617 914 4673 distuleris
943 4618 1273 4691 baptismate
1302 4621 1516 4693 tingere
1540 4616 1691 4676 fonte
1716 4639 1731 4688 ;

427 4715 558 4769 Nam
582 4730 780 4770 vereor
808 4730 876 4768 ne
899 4714 1059 4781 forte,
1090 4731 1272 4771 moras
1291 4717 1422 4770 dum
1461 4717 1710 4792 segniter
1739 4716 1924 4784 affers,

427 4804 606 4859 Hostis
633 4821 721 4859 me
751 4804 885 4859 diris
921 4812 1130 4876 repetat
1167 4804 1427 4877 Iaqueare
1450 4806 1686 4872 catenis,

424 4899 722 4954 Maturante
744 4899 872 4971 fuga
899 4915 1036 4971 quas
1070 4900 1189 4971 ipsa
1212 4900 1444 4956 evadere
1467 4916 1646 4956 curro.

423 4991 601 5047 Nosco
631 4992 853 5062 quidem
896 4992 1128 5063 laqueos
1156 4992 1323 5048 vafrae
1357 4992 1688 5065 fraudesque
1720 4995 1947 5066 rapinae,

425 5082 563 5137 Dum
578 5096 664 5135 me
695 5081 1055 5153 muscipulam
1077 5089 1292 5139 constat
1316 5099 1417 5154 per
1446 5083 1651 5155 probra
1673 5083 1844 5140 fuisse

427 5171 692 5238 lncautis;
724 5173 803 5227 sic
834 5173 1086 5228 invenias
1104 5191 1273 5246 super
1301 5177 1512 5231 aethera
1540 5182 1750 5247 partem

424 5267 558 5324 Cum
591 5267 815 5332 sanctis,
851 5274 1091 5323 nostram
1112 5269 1256 5325 nolis
1284 5268 1506 5325 differre
1537 5271 1794 5337 salutem,

420 5361 499 5415 Ne
530 5357 771 5414 crudelis
797 5376 932 5432 aper
952 5376 1097 5417 sazvo
1129 5378 1215 5416 me
1233 5362 1400 5417 dente
1431 5362 1678 5427 revellat,

420 5451 494 5504 Ac
510 5446 690 5518 spatio
710 5446 882 5504 fretus
920 5448 1093 5505 foveis
1108 5451 1358 5506 devolvat
1378 5450 1433 5505 in
1465 5452 1614 5506 atris.

423 5539 576 5594 Unde
601 5544 813 5608 preCor,
839 5540 1009 5596 sacris
1029 5542 1195 5598 hodie
1226 5560 1314 5599 me
1343 5542 1496 5598 dilue
1520 5543 1757 5613 lymphis

418 5629 597 5694 Atque
630 5624 740 5677 Deo
763 5642 858 5693 pro
888 5629 1106 5697 templis
1134 5631 1223 5699 pia
1248 5632 1395 5685 dona
1426 5631 1687 5701 repende.
1727 5648 1762 5683 ι

422 5709 517 5761 llis
542 5708 726 5759 cuncti
752 5712 951 5763 auditis
980 5713 1220 5769 referunt
1253 5719 1526 5785 praeconia
1557 5719 1774 5773 Christo

423 5794 598 5846 Mirati
626 5802 863 5848 scortum
886 5807 1034 5853 tanta
1057 5802 1283 5874 ﬂagrare
1313 5806 1507 5861 salute.

2069 1838 2116 1905 ll

2146 598 2484 668 Pontificem,
2526 609 2733 656 reserat
2759 619 2869 674 quo
2899 610 3096 659 cuncta
3126 620 3190 660 ex
3220 606 3417 661 ordine
3438 614 3601 682 gesta

2140 691 2234 747 llIc
2262 693 2371 747 Deo
2402 700 2583 765 grates
2610 693 2868 762 reddens,
2896 696 3384 768 congaudetovilis

2138 783 2395 839 Crescere
2427 783 2579 840 lucra
2608 786 2690 840 sui
2722 785 3016 859 Nonnique
3043 789 3243 843 attollit
3272 789 3569 851 honorem.

2140 874 2371 947 Moxque
2401 892 2609 931 sacram
2642 884 2871 933 matrem
2911 878 3210 936 Romanam
3258 897 3490 955 pergere
3538 883 3772 938 mandat

2140 966 2309 1021 Mater
2336 974 2396 1021 ut
2426 984 2548 1023 esse
2579 984 2734 1024 novae
2765 978 3025 1041 properet
3052 972 3380 1044 baptismate
3402 975 3597 1045 prolis.

2142 1055 2452 1111 Adveniens
2482 1056 2554 1111 ita
2580 1057 2852 1130 Pelagiam
2898 1060 3141 1115 Romana
3162 1061 3438 1129 jacentcm

2144 1145 2355 1199 Invenit
2384 1153 2509 1200 ante
2541 1148 2712 1218 pedes
2743 1149 3103 1220 lacrymarum
3136 1150 3191 1204 in
3226 1150 3456 1206 flumine
3483 1151 3694 1206 Nonni.

2143 1239 2325 1311 Surgit
2362 1239 2514 1294 vultu
2550 1241 2786 1296 humens
2814 1249 2868 1297 et
2898 1243 3126 1298 crimina
3150 1244 3307 1313 jussa
3336 1243 3519 1311 fateri,

2144 1327 2267 1382 Haec
2298 1344 2528 1383 numero
2566 1346 2829 1401 superare
2859 1332 3025 1388 maris
3052 1333 3303 1404 deplorat
3325 1349 3546 1396 arenas.

2144 1418 2394 1474 Pondere
2412 1421 2741 1477 continuans
2768 1422 2906 1494 ipsis
2933 1424 3186 1496 graviora
3222 1425 3454 1491 sedere;

2144 1513 2336 1567 Fiderc
2359 1530 2417 1567 se
2450 1521 2635 1570 tamen
2656 1516 2775 1571 haec
2804 1517 3020 1572 Domini
3055 1518 3255 1589 pietate
3284 1519 3511 1587 remitti,

2146 1606 2589 1679 Cunctorumque
2617 1609 2733 1664 dari
2757 1611 2971 1665 veniam
2994 1612 3100 1667 sibi
3141 1612 3500 1687 ﬂagitiorum,

2147 1698 2395 1754 Pontiﬁei
2425 1716 2633 1756 nomen
2666 1703 2965 1777 purganda
3005 1703 3104 1759 rite
3132 1704 3345 1780 roganti

2146 1787 2418 1859 Pelagiam
2453 1790 2755 1861 proprium,
2784 1792 3242 1867 Margaritamque
3264 1793 3443 1848 vocari

2148 1876 2365 1932 Urbano
2393 1892 2452 1932 se
2482 1894 2635 1933 more
2668 1886 2840 1942 notat.
2871 1880 3193 1936 redimicula
3223 1889 3453 1953 prepter

2148 1969 2340 2024 Eximii
2367 1972 2566 2039 cultus,
2599 1973 2813 2028 animas
2843 1974 2968 2045 quis
2994 1974 3179 2030 vincta
3206 1976 3478 2032 trahebat.

2144 2061 2293 2116 Tunc
2306 2064 2626 2118 exorcizans
2651 2065 2843 2121 senior
2867 2065 2937 2121 de
2959 2082 3114 2123 more
3138 2070 3400 2138 puellam.

2148 2151 2380 2207 Nomine
2412 2153 2627 2226 signato
2658 2155 2819 2228 tingit
2850 2155 3181 2227 baptismate
3210 2172 3386 2224 sacro,

2150 2243 2477 2315 Participem
2498 2244 2708 2300 faciens
2738 2247 2940 2303 divinae
2967 2249 3214 2304 muneris
3229 2266 3361 2312 ara),

2151 2334 2321 2396 Quam
2355 2333 2597 2388 Romana
2629 2337 2816 2390 levans
2855 2338 3105 2418 sacrode
3135 2338 3353 2413 gurgite
3378 2338 3569 2405 sumit,

2153 2424 2247 2479 llic
2271 2428 2496 2496 praesul:
2542 2450 2567 2474 ιι
2612 2427 2900 2496 laetemur,
2941 2430 3036 2495 ait,
3063 2446 3187 2485 cum
3219 2431 3435 2487 civibus
3461 2431 3604 2486 aulae

2151 2515 2414 2582 licelestis,
2444 2516 2684 2588 vinoque
2717 2516 2921 2573 hilares
2947 2518 3186 2591 oleoque
3211 2519 3461 2575 fruamur

2150 2602 2316 2680 II_ujus
2347 2611 2572 2675 pr0pter
2599 2604 2719 2660 ovis
2747 2605 3080 2662 celebranda
3106 2615 3314 2680 tropaea
3344 2609 3560 2664 salutis.
3602 2629 3632 2660 ι

2295 2664 2464 2751 Patre.
2480 2713 2605 2753 cum
2631 2707 2777 2754 emtu
2817 2698 3094 2756 sociorum
3120 2664 3383 2772 epulante
3409 2702 3597 2767 beato,

2150 2787 2400 2843 Cernitur
2430 2806 2558 2845 esse
2585 2792 2765 2860 palam
2799 2792 2947 2848 nuda
2977 2792 3080 2848 sub
3113 2793 3361 2869 imagine
3389 2795 3628 2863 daemon,

2155 2876 2349 2948 Utpote
2378 2878 2716 2950 depromens
2744 2880 2984 2952 spolium
3013 2881 3121 2937 sibi
3154 2883 3334 2938 nexile
3358 2890 3596 2955 raptum,

2154 2971 2216 3027 Et
2252 2973 2512 3027 manibus
2553 2973 2716 3044 capiti
2758 2974 2977 3030 innexis
3006 2976 3245 3032 clamore
3272 2984 3528 3048 protervo

2158 3057 2402 3114 lnfremit
2423 3061 2712 3117 exululans
2731 3062 2847 3118 sic:
2896 3084 2921 3115 α
2960 3062 3000 3119 0
3030 3064 3292 3120 violentia
3323 3065 3481 3121 factil

2149 3151 2187 3206 Ο
2214 3153 2345 3225 quid
2388 3153 2695 3225 perpetior!
2717 3163 2979 3227 quantum
3012 3172 3146 3212 sene
3165 3164 3431 3230 torqueor
3448 3157 3576 3214 isto.

2074 3204 2121 3268 c
2145 3204 2434 3317 Decrepitro
2464 3204 2546 3303 ter
2576 3204 2847 3303 denajtibi
2873 3264 2987 3305 non
3011 3204 3366 3306 sufficiebant

2146 3338 2569 3395 Sarracenorum
2622 3340 2895 3397 violenter
2919 3342 3094 3396 millia
3111 3350 3290 3413 capta,

2096 3498 2101 3501 τ
2147 3431 2292 3496 Quos
2316 3432 2451 3488 mihi
2475 3433 2799 3506 subripiens
2832 3435 3068 3491 dederas
3099 3433 3434 3505 baptismate
3457 3432 3702 3489 Christo:

2148 3520 2264 3575 Non
2300 3527 2397 3581 tibi
2445 3524 2744 3594 HeliOpolis
2763 3539 2905 3590 mea,
2932 3539 3042 3581 non
3061 3523 3195 3579 satis
3225 3528 3413 3598 egerat
3441 3522 3594 3583 olim.

2149 3617 2315 3686 Cujus
2343 3632 2432 3670 me
2462 3614 2669 3669 celebri
2701 3620 3033 3669 venerantes
3063 3613 3309 3668 culmine
3341 3612 3491 3667 cives

2148 3705 2380 3760 Sacrasti
2415 3703 2686 3768 Domino;
2713 3717 2823 3757 non
2862 3709 2943 3758 tot
2967 3708 3137 3773 raptae
3164 3701 3267 3757 tibi
3287 3706 3481 3774 gentes

2147 3794 2461 3859 Sufﬁciunt,
2494 3792 2690 3847 Christi
2715 3808 2814 3863 per
2844 3798 2897 3847 te
2930 3807 3055 3864 quae
3085 3798 3304 3862 sceptra
3333 3798 3627 3847 verentur:

2096 3904 2103 3909 σ
2146 3885 2247 3941 Tot
2279 3883 2378 3940 tibi
2406 3891 2512 3939 tam
2548 3898 2762 3957 magna:
2791 3898 2902 3938 non
2942 3880 3213 3938 suffecere
3253 3880 3488 3952 rapinae,

2149 3979 2380 4048 Insuper
2408 3976 2653 4031 aufertur
2671 3990 2803 4047 spes
2825 3974 3064 4029 maxima
3093 3973 3303 4030 fenoris
3329 3972 3514 4044 ampli.

2148 4070 2186 4126 Ο
2216 4070 2455 4126 violenta
2477 4084 2645 4125 ruens
2675 4068 2898 4139 raptrix,
2931 4082 2965 4122 ο
2998 4083 3165 4139 prava
3192 4065 3478 4123 senectus!

2146 4170 2479 4236 Argumenta
2507 4161 2620 4217 doli
2647 4161 2759 4230 jam
2793 4177 2905 4217 non
2937 4160 3078 4216 ultra
3109 4159 3227 4217 fero
3258 4161 3408 4216 saevi.

2149 4255 2262 4310 Heu
2296 4253 2585 4309 maledicta
2605 4253 2745 4321 dies,
2778 4253 2913 4308 mihi
2945 4269 3053 4325 qua
3082 4254 3394 4309 contrarius
3416 4249 3593 4307 ortusl

2145 4347 2391 4419 Namque
2421 4347 2657 4417 impulsa
2702 4346 2896 4401 labans
2926 4345 3189 4413 Iacrymis
3241 4352 3300 4400 ut
3328 4343 3552 4399 flamine
3579 4347 3755 4397 nostra

2144 4441 2366 4495 Subruit
2391 4439 2581 4494 evulso
2608 4437 2753 4493 male
2780 4437 2939 4492 firma
2966 4437 3299 4493 domuncula
3328 4435 3516 4491 fundo.
3560 4456 3588 4483 ιι

2147 4530 2365 4585 l.ividus
2394 4530 2510 4584 haec
2539 4528 2613 4583 ita
2653 4528 3006 4599 prosequitur
3041 4527 3306 4600 plangore
3335 4523 3603 4580 frementi.

2062 4590 2118 4658 Ῐ)
2152 4620 2441 4677 Pontifices
2471 4590 2669 4692 reliqui
2701 4590 2890 4675 vocem
2922 4590 3144 4690 captare
3173 4590 3409 4672 nefandi

2147 4714 2207 4768 Et
2237 4729 2358 4768 cum
2391 4711 2613 4786 Pelagia
2651 4717 2826 4765 mater
2854 4710 3170 4765 veneranda
3191 4709 3479 4780 stupescit.

2148 4804 2347 4859 Versus
2377 4812 2430 4858 et
2459 4803 2528 4857 ad
2550 4809 2760 4875 raptam
2789 4800 2986 4856 Christi
3015 4800 3218 4857 virtute
3246 4800 3514 4871 puellam:

2148 4925 2175 4948 ‹‹
2217 4899 2255 4954 0
2282 4899 2415 4971 quid
2449 4897 2719 4971 Pelagiam
2749 4911 2871 4952 mea
2887 4896 3037 4967 quod
3067 4895 3202 4952 mihi
3232 4896 3399 4951 chara
3427 4889 3646 4966 parasti!

2145 4989 2203 5044 Ei
2221 4996 2278 5043 tu
2309 5003 2512 5059 nempe
2551 5002 2732 5040 meum
2759 4985 2953 5040 ludam
2981 4994 3190 5040 sectata
3216 4985 3459 5040 videris:

2146 5081 2243 5137 Ille
2275 5086 2570 5137 coronatus
2596 5093 2798 5152 magno
2829 5085 2883 5132 et
2913 5077 3208 5133 redimitus
3226 5078 3437 5133 honore

2146 5174 2373 5230 Culmen
2397 5172 2761 5244 apostolicum
2792 5170 3066 5226 duodena;
3102 5169 3266 5226 sortis
3302 5169 3532 5240 adeptus

2146 5266 2389 5323 Prodidit
2417 5267 2670 5329 altorem,
2699 5263 2855 5331 cujus
2885 5260 3163 5316 renitebat
3182 5260 3473 5327 alumnus;

2145 5363 2296 5419 Haud
2335 5362 2493 5417 aliter
2522 5376 2645 5417 mea
2671 5375 2795 5414 cum
2835 5357 3024 5425 fueris,
3057 5357 3195 5412 mihi
3226 5357 3422 5412 fraude
3450 5351 3667 5411 fatescis.
3704 5369 3724 5391 ·

2143 5452 2291 5507 Tunc
2323 5459 2498 5506 mater
2526 5450 2801 5512 Romana;
2850 5467 2871 5495 ι
2917 5446 3103 5501 Crucis
3132 5455 3205 5504 te.
3239 5444 3377 5512 ﬁlia,
3415 5443 3561 5499 muni

2142 5542 2425 5603 Praesidio,
2451 5554 2683 5610 pompas
2704 5551 2998 5610 renegans,
3028 5542 3083 5589 et
3102 5534 3373 5590 daemonis
3393 5534 3513 5589 atri.
3554 5554 3577 5578 ιι

2139 5635 2267 5699 Quae
2319 5633 2536 5706 signum
2587 5636 2647 5685 ut
2684 5628 2864 5683 erucis
2916 5627 3191 5697 expressit
3244 5625 3613 5694 Christumque
3636 5631 3722 5671 vo-

3508 5708 3665 5783 [οινὶῑν

2135 5812 2231 5866 Ille
2263 5810 2367 5865 sub
2395 5808 2575 5864 aerias
2604 5806 2826 5882 fugiens
2849 5805 3074 5862 evanuit
3099 5820 3281 5860 auras.
