3970 6200
269 340 377 396 593

346 467 481 523 Hinc
510 469 704 525 iterum
745 473 944 542 pellax,
970 483 1125 530 notas
1155 494 1456 536 conversus
1482 485 1548 538 ad
1581 493 1748 551 artes,

276 561 574 616 Blanditias
604 563 978 637 rigidislenes
1011 571 1312 626 terroribus
1341 575 1526 640 addit;

276 649 533 721 Hancque
604 652 798 708 adiens
849 670 1044 711 somno
1114 659 1343 728 positam
1413 663 1586 734 quatit
1643 665 1899 720 horridus

1680 764 1801 810 astu

1680 764 1801 810 astu

279 829 500 893 Excitat,
534 837 589 884 et
622 831 851 887 blandas
876 845 1030 889 curat
1052 837 1282 894 miscere
1313 841 1560 913 loquelas
1663 753 1677 826 [
1810 798 1823 823 ν

277 938 296 965 ι
367 918 572 972 Domna
631 921 755 975 mali
799 939 1130 988 memorans,
1189 945 1311 983 mea
1374 931 1656 1004 Margarita
1693 976 1706 996 ,
1763 934 1895 1006 quid

1559 1029 1821 1101 [unquam

201 1141 204 1144 .
272 1101 482 1173 Ingessi
523 1102 621 1158 tibi
654 1103 682 1147 9
711 1105 830 1160 Non
871 1107 1057 1163 baccis
1085 1111 1338 1184 carisque
1367 1117 1581 1186 capillis

275 1189 471 1245 Ornavi
507 1190 534 1244 ?
573 1193 689 1248 Non
729 1205 956 1270 argento
987 1207 1038 1254 te
1069 1217 1314 1274 auroque
1347 1207 1552 1277 replevi
1583 1207 1608 1260 ἱ)

268 1285 364 1340 Dic
391 1286 444 1340 in
485 1303 596 1358 quo
629 1289 822 1345 leviter
845 1293 927 1346 vel
959 1297 1282 1353 contristata
1303 1303 1534 1370 putaris,

267 1378 497 1450 Jamque
527 1380 858 1438 satisfaciam
896 1403 1083 1450 ;nune
1115 1407 1203 1443 me
1232 1409 1300 1446 ne
1333 1393 1528 1449 desere
1552 1404 1783 1464 tantum,

269 1465 344 1519 Ne
373 1483 459 1521 me
481 1466 813 1526 Christicolae
849 1481 1055 1530 tantum
1088 1495 1186 1548 per
1215 1481 1416 1550 probra
1449 1484 1681 1559 fatigent
1743 1512 1764 1531 ιι

270 1561 360 1614 Ast
389 1562 588 1617 ancilla
623 1565 715 1619 Dei
745 1567 904 1642 signo
936 1571 1240 1629 defendere
1275 1576 1472 1633 Christi

276 1654 344 1705 Se
393 1655 602 1722 studet,
629 1659 1036 1734 exsufflansque
1069 1667 1199 1721 vafri
1235 1670 1614 1740 phantasmata
1644 1678 1893 1742 monstri,

271 1747 620 1820 Insequitur:
676 1777 691 1792 -
717 1753 858 1822 Tibi,
889 1773 1051 1824 saeve,
1086 1762 1305 1834 tuisque
1341 1769 1595 1824 renuntio
1630 1772 1846 1843 pompis
1880 1791 1892 1835 ;

272 1837 512 1895 Obsistat
539 1843 800 1900 Dominus
829 1848 988 1904 Iesus
1013 1852 1132 1915 tibi,
1171 1857 1408 1925 pessime
1439 1837 1676 1929 (lzemon,

273 1931 375 1994 Qui
407 1933 612 2002 pietate
647 1938 756 1992 tuis
785 1956 869 1994 me
901 1941 1152 1999 faucibus
1179 1950 1321 2003 eruit
1351 1951 1478 2014 alta,

276 2021 448 2092 Inque
479 2028 954 2085 suumthalamum
971 2033 1207 2106 oculique
1235 2038 1520 2095 induxitin
1555 2045 1751 2099 aulam.
1794 2066 1816 2095 ι)

277 2117 574 2174 Romanam
609 2122 739 2177 inde
755 2126 907 2181 ciens
933 2148 948 2182 :
978 2155 999 2174 ιι
1024 2130 1191 2186 Mater
1212 2138 1542 2193 venerabilis
1576 2159 1589 2193 :
1624 2142 1818 2214 inquit,

279 2207 454 2262 Exora
481 2225 580 2278 pro
603 2229 688 2265 me
720 2215 1048 2272 Dominum:
1087 2238 1216 2276 nam
1246 2241 1345 2279 ceu
1382 2227 1467 2282 leo
1499 2207 1761 2287 frendens

281 2301 510 2370 Expedit
544 2304 776 2362 insidias
809 2310 1055 2376 Satanas,
1099 2317 1457 2391 mulcensque
1491 2325 1834 2398 minansque.
1874 2351 1897 2379 »

294 2392 446 2447 Tunc
477 2412 539 2450 ea
574 2415 586 2450 :
629 2422 642 2446 ι
691 2400 768 2454 Ne
800 2402 995 2458 timeas
1024 2406 1377 2476 victumjam,
1411 2413 1540 2478 filia,
1574 2426 1899 2486 monstrum;

285 2482 493 2540 Amodo
532 2502 770 2561 namque
827 2497 974 2547 tuam
1037 2493 1208 2566 fugiet
1239 2515 1459 2572 quoque
1520 2508 1741 2563 territus
1789 2482 1902 2566 um;

1569 2598 1760 2654 lbram.
1803 2624 1825 2651 η

267 2666 451 2721 Tertia
484 2667 572 2722 lux
607 2673 892 2740 repetebat
926 2676 1153 2734 humum
1189 2692 1311 2752 post
1336 2686 1481 2742 dona
1517 2655 1738 2748 lavacri.

275 2758 394 2821 Quo
425 2775 548 2814 cum
585 2769 736 2830 peste
768 2767 905 2837 truci
940 2770 1181 2826 certabat
1211 2775 1464 2848 clamque
1507 2781 1820 2854 palamque,

275 2847 452 2903 Corde
483 2867 684 2907 cavens
713 2857 886 2910 veteri
928 2860 1251 2930 mulierjam
1282 2847 1420 2921 facta
1452 2869 1648 2934 virilis,

272 2939 505 2995 Vincere
536 2959 973 3016 quaepmperans
1005 2953 1510 3027 avidilaqueamina
1535 2965 1747 3031 mundi,

273 3031 638 3106 Perfectoque
667 3039 826 3110 sequi
860 3042 1144 3100 ductorem
1173 3050 1388 3106 tramite
1431 3053 1720 3122 Christum,

277 3121 635 3191 Praepositum
666 3125 857 3182 domni
891 3146 1107 3188 servum
1141 3146 1315 3204 vocat,
1348 3142 1576 3209 etjubet
1605 3149 1786 3202 omnis

281 3211 536 3266 Vectetur
558 3215 776 3283 penitus
807 3218 911 3272 sibi
944 3237 1053 3292 quo
1093 3224 1367 3298 descripta
1397 3235 1644 3302 supellex
1674 3254 1687 3289 :

273 3303 594 3377 Argentum,
618 3314 819 3373 vestes,
849 3328 1061 3381 aurum,
1097 3317 1436 3388 redimicula,
1469 3343 1699 3398 gemmze

271 3395 552 3452 Accelerat
579 3415 793 3467 servus,
823 3412 1079 3461 metuens
1110 3411 1364 3468 mandata
1396 3395 1616 3474 morari.

271 3484 728 3543 Ornamentorum
763 3491 1001 3549 domina:
1033 3497 1195 3553 simul
1228 3504 1412 3559 omnia
1447 3509 1651 3576 perfert
1682 3530 1694 3575 ;

270 3573 402 3638 Qua!
425 3589 547 3629 mox
581 3593 678 3647 per
707 3587 934 3635 matrem
958 3583 1073 3640 haec
1088 3586 1259 3641 Patris
1281 3573 1598 3650 tractatibus
1622 3573 1796 3656 olfert.

273 3664 430 3732 lpsas
459 3680 579 3720 esse
610 3666 786 3724 fatens
825 3675 1111 3730 mercedes
1149 3678 1398 3736 criminis
1420 3685 1542 3748 atri,

270 3753 390 3815 Quo
417 3762 667 3810 versutus
696 3772 814 3812 eam
845 3776 944 3830 per
971 3777 1062 3817 eas
1095 3765 1389 3838 deceperat
1431 3773 1600 3829 hostis
1626 3795 1640 3841 ;

268 3847 506 3904 Arbitrio
531 3865 764 3920 poscens
794 3863 982 3911 sancto
1014 3869 1349 3929 expensetur
1379 3873 1434 3920 ut
1463 3869 1606 3936 ejus,

274 3934 544 3992 Sufficere
573 3938 852 3996 affirmans
875 3948 1061 4014 superi
1090 3949 1194 4004 sibi
1229 3969 1454 4012 munera
1485 3934 1708 4030 Sponsi.

279 4030 535 4084 Protinus
555 4040 610 4086 et
638 4032 870 4091 famulos
890 4053 1084 4095 omnes
1116 4043 1455 4122 famulasque
1477 4053 1722 4122 remittit,

276 4122 454 4191 Atque
485 4126 877 4182 manumittens
903 4130 1052 4186 dono
1085 4137 1294 4192 solatur
1332 4142 1604 4212 alumnos,

279 4213 584 4269 Exhortans
611 4219 1114 4282 studeantsceleris
1146 4230 1251 4286 sibi
1284 4233 1497 4290 solvere
1529 4238 1728 4304 vincla,

278 4300 538 4365 Etveram
568 4312 872 4371 libertatem
904 4320 1107 4388 pietate
1139 4328 1296 4382 tueri.

280 4400 576 4456 Institorat
607 4403 836 4462 Nonnus
868 4411 1114 4479 prudens
1152 4416 1398 4491 latorque
1430 4421 1611 4480 ﬁdelis

278 4492 634 4549 (Econonum
662 4508 822 4553 vocat
849 4503 1122 4572 ecclesiae,
1155 4524 1450 4584 coramque
1479 4519 1658 4586 puella

276 4584 471 4638 Omnia
511 4590 781 4644 coutradit
803 4595 1026 4662 pretiosi
1054 4597 1292 4674 insignia
1324 4584 1524 4673 cultus,

279 4675 550 4743 Adjurans
580 4695 680 4748 per
704 4696 828 4736 eum
862 4685 1020 4753 cujus
1040 4689 1141 4742 sub
1172 4691 1380 4749 honore
1411 4701 1696 4767 vacabant,

278 4765 641 4822 Defraudetur
669 4787 835 4842 opum
869 4792 936 4831 ne
966 4794 1090 4847 pars
1119 4783 1202 4836 vel
1231 4787 1491 4856 quaelibet
1514 4793 1726 4860 harum,

280 4857 675 4916 Intromittatur
705 4865 890 4920 domui
921 4868 993 4922 nil
1026 4875 1277 4940 praesulis
1316 4877 1466 4946 inde,

279 4946 364 5000 Nil
393 4947 479 5004 vel
510 4948 563 5001 in
597 4951 867 5020 ecclesiae,
897 4959 980 5012 vel
1015 4966 1319 5020 tractatoris
1346 4984 1531 5024 earum
1556 4989 1569 5035 ;

279 5036 476 5092 Omnia
501 5040 600 5093 sed
634 5042 835 5112 viduis,
866 5049 1089 5118 pupillis
1125 5057 1572 5131 pauperibusque

279 5131 700 5203 Dispensentur,
729 5140 806 5193 uti
832 5157 1004 5198 servae
1035 5156 1296 5221 congesta
1327 5151 1501 5209 beata:

277 5220 650 5291 Largirentur,
691 5241 825 5298 Opes
852 5231 1122 5290 scelerum
1153 5220 1399 5295 solamen
1429 5253 1685 5317 egentum

276 5311 341 5366 Ut
375 5311 588 5370 fierent.
622 5316 702 5371 Fit
733 5323 1014 5390 continuo,
1043 5328 1115 5382 nil
1149 5338 1314 5386 restat
1336 5311 1598 5392 iunctum.

274 5403 483 5474 Nempe
514 5407 712 5463 ancilla
741 5411 834 5466 Dei
868 5432 1006 5471 nova
1037 5429 1326 5493 postquam
1349 5426 1496 5482 fonte
1519 5431 1714 5488 lavacri

281 5495 616 5563 Canduit,ex
650 5504 886 5572 propriis
918 5511 1171 5578 preprios
1202 5515 1273 5567 nil
1309 5519 1473 5572 rebus
1508 5522 1557 5576 in
1593 5541 1722 5579 usus

281 5587 541 5675 Contigit,
573 5594 811 5665 egregiee
843 5613 1072 5652 sumens
1095 5602 1183 5670 pia
1214 5606 1415 5675 pabula
1447 5614 1652 5675 matris,

275 5675 349 5729 Ac
380 5674 529 5729 vitiis
551 5680 779 5746 quaesita
812 5683 985 5758 nigris
1016 5689 1098 5742 vel
1133 5674 1361 5766 tangere
1401 5697 1596 5756 vitans.

276 5765 623 5821 Lucescente
647 5768 738 5825 die
769 5789 887 5827 mos
913 5782 998 5829 est
1026 5794 1134 5848 qua
1166 5765 1371 5850 ponere
1403 5795 1583 5843 vestes

809 343 890 398 DE
929 345 1288 402 TRIUMPHIS
1331 349 1587 408 CHRISTI
1630 354 2000 411 ANTIOCHI/{3
2040 357 2260 412 GESTIS
2301 357 2478 412 LIBRI
2520 357 2671 412 DUO.
2715 388 2782 397 —
2824 358 2944 412 LIB.
2994 357 3058 411 ll.

3496 361 3602 413 51M

1920 491 1967 555 Α
2000 487 2296 560 NeOpbytis
2318 489 2490 555 albas,
2516 491 2751 545 necdum
2785 491 3041 546 rutilante
3076 492 3186 547 diei

1998 576 2179 652 Surgit
2217 578 2360 644 luce,
2385 578 2552 633 stolas
2583 580 2738 649 ponit
2759 579 3103 650 baptismatis
3129 581 3304 649 albas,

2001 669 2250 724 Induitur
2315 670 2497 742 byrro,
2527 672 2844 743 tunicaque,
2868 680 2940 738 et,
2974 673 3196 728 nemine
3219 682 3358 730 teste

1997 763 2202 834 Aspera
2259 763 2486 834 cinipbii
2516 763 2788 819 velamina
2826 767 3051 836 corripit
3081 767 3237 834 hirci,

1998 850 2412 921 Assumptisque
2441 850 2540 904 alis
2571 851 2726 921 petiit
2759 853 3019 922 praecelsa
3050 853 3320 908 columbae
3357 873 3370 920 ;

1999 941 2089 995 llis
2109 949 2162 995 et
2193 942 2308 996 visa
2347 942 2484 996 locis
2506 945 2734 1013 posthac
2760 961 2872 999 non
2897 946 3132 1016 amplius
3159 963 3389 1018 usquam

2000 1030 2111 1084 Hoc
2139 1030 2269 1101 quia
2302 1031 2573 1085 nescierat
2600 1042 2771 1086 mater
2809 1034 3051 1088 Romana
3086 1043 3308 1089 veretur

1998 1123 2074 1178 Ad
2098 1125 2241 1178 mala
2267 1126 2570 1196 contempti
2605 1142 2673 1181 ne
2705 1126 2847 1181 forte
2873 1128 3107 1182 redisset
3138 1130 3361 1192 amoris,

1997 1217 2266 1290 Plangens
2285 1233 2390 1270 ceu
2425 1216 2638 1287 laqueis
2669 1217 2866 1271 iterum
2895 1218 2999 1271 siet
3033 1219 3204 1272 indita
3231 1221 3412 1273 missis

1997 1306 2164 1370 Quam
2201 1305 2358 1360 Pater
2377 1305 2634 1378 egregius
2661 1305 2762 1359 sub
2797 1306 3039 1360 Flamine
3074 1307 3329 1361 conscius
3366 1309 3508 1362 almo

1998 1395 2231 1469 Pelagia),
2263 1395 2396 1458 voti,
2429 1395 2638 1448 solatur
2672 1412 2684 1448 :
2721 1419 2746 1440 «
2783 1395 2936 1457 Filia,
2971 1395 3080 1450 noli

1999 1484 2150 1538 Flere
2179 1484 2323 1554 piam
2355 1484 2547 1538 dicens
2568 1494 2788 1557 gnatam
2812 1502 2934 1540 cum
2961 1486 3142 1540 caelite
3169 1493 3338 1552 ccetu,

1997 1574 2136 1640 Quin
2173 1574 2355 1629 Iaatare
2385 1575 2574 1628 hilaris
2600 1583 2749 1646 quod
2779 1585 2834 1630 et
2867 1579 2985 1632 haec
3009 1577 3257 1632 sicutilla
3288 1578 3453 1632 Maria

1999 1663 2273 1718 Peccatrix
2307 1673 2516 1733 partem
2547 1664 2792 1720 melioris
2825 1666 3065 1736 repperit
3087 1667 3184 1732 oti,

2001 1755 2128 1818 Quae
2156 1768 2266 1807 non
2299 1752 2500 1807 auferri
2530 1755 2728 1824 poterit
2752 1755 2864 1822 jam
2899 1754 3145 1811 funditus
3174 1757 3272 1811 illi.
3311 1783 3330 1802 -

2003 1792 2128 1818 ,μιν
2158 1792 2266 1807 ..νη
2299 1792 2500 1807 μων...
2530 1792 2728 1824 μνη...
2899 1792 3145 1811 Nam“...
3311 1792 3330 1802 -

1928 1792 1977 1860 Β
2004 1843 2140 1898 Urbs
2169 1844 2399 1898 Domino
2431 1851 2610 1916 grates
2641 1844 2891 1899 referens
2916 1846 3030 1900 haec
3054 1854 3164 1901 tota
3195 1847 3458 1911 resciscit,

1993 1937 2168 2007 Atque
2199 1937 2545 1990 sacerdotum
2605 1937 2700 2007 qui
2732 1937 2960 1990 aderant
2999 1954 3097 1991 sua
3137 1938 3371 2009 quisque
3403 1940 3614 2010 petivit.

2063 2030 2274 2083 Tertius
2305 2029 2516 2084 interea
2539 2030 2746 2100 rapidis
2777 2031 3125 2085 successibus
3149 2047 3328 2084 annus

1996 2123 2208 2177 Exierat
2235 2130 2530 2194 votumque
2561 2134 2721 2178 vovet
2753 2125 2911 2178 levita
2933 2141 3172 2194 superne

2003 2213 2120 2266 Jam
2153 2214 2353 2276 dictus,
2385 2212 2646 2267 Solimam
2670 2223 2981 2286 utpergens
3023 2214 3139 2267 loca
3171 2213 3354 2268 visitet
3380 2213 3544 2269 alma.

2008 2307 2224 2360 lntimat
2253 2306 2354 2359 hoc
2374 2304 2516 2358 Patri
2539 2311 2750 2367 sancto,
2779 2304 3048 2358 (limitticr
3075 2320 3256 2359 orans.

2005 2395 2211 2448 Vadere
2253 2391 2751 2464 permittitprzesul,
2783 2392 3138 2462 sequiturque
3163 2393 3428 2461 profando
3457 2412 3469 2447 :

2012 2490 2182 2544 «Cum
2215 2496 2505 2560 prwstante
2533 2488 2662 2552 Deo,
2693 2486 2879 2552 frater,
2913 2487 3232 2557 perveneris
3263 2487 3415 2554 illuc,

2007 2582 2068 2636 Et
2097 2581 2265 2654 digne
2293 2586 2587 2633 veneratus
2620 2579 2728 2632 eris
2757 2587 2967 2633 sacrata
3000 2579 3268 2642 locorum,

2003 2673 2247 2728 Sollicite
2279 2688 2411 2725 cura
2441 2671 2768 2725 monachum
2801 2671 3120 2740 perquirere
3153 2679 3404 2724 sanctum

2002 2761 2231 2816 Nomine
2260 2759 2556 2831 Pelagium,
2585 2757 2735 2812 solus
2751 2775 2817 2812 ex
2847 2768 3094 2828 tempore
3129 2758 3258 2811 belli

1997 2853 2094 2917 Qui
2117 2851 2333 2905 clausus
2363 2850 2493 2904 latet
2523 2852 2577 2904 in
2615 2850 2754 2904 cella
2784 2868 2798 2914 ;
2833 2866 2996 2920 quem
3032 2851 3210 2902 visere
3243 2865 3394 2911 cura,

1994 2948 2126 3002 Nam
2157 2963 2286 3002 vere
2317 2946 2544 3000 Domino
2566 2945 2751 3008 servit,
2779 2945 3191 3014 monachusque
3223 2944 3486 3014 probatur

1996 3041 2296 3108 Perfectus,
2339 3061 2362 3089 η
2396 3049 2640 3094 sanctam
2670 3055 2833 3094 sexus
2862 3039 2962 3092 sub
2997 3039 3204 3092 honore
3235 3038 3475 3108 puellam

1951 3197 1969 3204 ,_
1996 3133 2625 3199 Commendans,sexum
2651 3149 2771 3204 quae
2801 3132 3028 3195 vicerat,
3063 3130 3249 3185 omnia
3279 3130 3472 3185 mundi

1924 3197 1972 3262 (ἶ
1995 3227 2142 3280 Vana
2181 3225 2572 3295 triumphando
2604 3225 2928 3295 proculcans
2947 3224 3114 3278 corde
3142 3222 3310 3276 virili.

1994 3322 2104 3377 Nec
2126 3329 2308 3376 tamen
2343 3321 2481 3374 hanc
2515 3321 2704 3390 pandit
2737 3319 3105 3383 manifestius,
3145 3318 3340 3373 ordine
3390 3334 3620 3372 servans

1997 3411 2054 3465 Id
2087 3410 2204 3464 fieri
2243 3410 2443 3480 placito
2476 3409 2728 3464 etdivino
2754 3410 2982 3462 numine
3005 3408 3179 3478 jusso.

1992 3505 2240 3576 Denique
2272 3504 2742 3559 commonefactus
2771 3504 2885 3559 adit
2913 3505 3030 3559 loca
3070 3510 3258 3557 sancta
3285 3503 3508 3572 diacon,

1997 3602 2164 3673 Ligna
2195 3599 2353 3653 beata
2384 3599 2562 3652 crucis
2593 3600 2829 3668 pretiosa
2857 3607 3060 3654 stratus
3094 3599 3303 3663 adorat,

1993 3691 2124 3746 Tum
2155 3691 2272 3745 loca
2301 3689 2369 3742 de
2402 3687 2666 3741 membris
2696 3689 2858 3760 Regis
2894 3696 3104 3743 sacrata
3137 3687 3363 3757 sepulti,

1998 3780 2165 3836 Morte
2198 3778 2532 3848 triumphata
2573 3777 2736 3831 rediit
2765 3794 2873 3849 qua
2913 3779 3088 3850 gloria
3111 3777 3331 3841 Christi,

1996 3871 2194 3926 Victrix
2224 3877 2503 3940 perpetuze
2529 3867 2762 3922 solidato
2797 3867 2992 3923 robore
3024 3869 3146 3923 vitae
3181 3887 3192 3922 :

1996 3967 2175 4021 Altera
2197 3965 2438 4035 dumque
2469 3961 2588 4016 dies
2618 3960 2795 4016 noctis
2827 3961 3128 4032 depelleret
3149 3963 3418 4030 umbram,

1994 4057 2246 4121 Quterere
2274 4053 2550 4126 Pelagium
2583 4059 2840 4122 properat
2869 4051 3030 4106 levita
3059 4059 3324 4106 notatum.

1992 4146 2142 4200 Tunc
2182 4144 2237 4198 in
2269 4142 2510 4197 Oliviferi
2540 4140 2813 4196 scandens
2846 4139 3063 4216 fastigia
3103 4141 3324 4206 montis,

1997 4235 2114 4300 Quo
2147 4233 2371 4287 Genitus
2402 4231 2492 4302 pia
2523 4238 2648 4286 vota
2680 4230 2854 4284 Patris
2885 4230 3139 4284 mittebat
3169 4232 3235 4286 ad
3269 4249 3467 4298 aures;

2000 4327 2152 4383 Unde
2184 4333 2239 4380 et
2267 4323 2600 4396 prmcipuum
2631 4323 2841 4377 ducens
2870 4338 3037 4392 super
3066 4330 3209 4376 astra
3249 4323 3609 4396 triumphum,

1996 4417 2093 4472 Jus
2111 4424 2370 4486 repetens
2401 4413 2702 4484 proprium,
2735 4411 2992 4466 caelorum
3017 4413 3266 4467 ascendit
3294 4415 3346 4468 in
3373 4415 3500 4469 alta.

2000 4507 2094 4560 Hic
2117 4504 2364 4559 habitare
2396 4502 2571 4556 virum
2601 4501 2784 4555 studio
2811 4517 2974 4572 quem
2998 4510 3267 4572 quiereret
3295 4504 3446 4558 audit
3472 4522 3485 4568 ;

1917 4565 1966 4629 ί)
1999 4596 2448 4665 Ρΐὶἓρῖιΐνῖὶῐηίίυο
2470 4591 2664 4645 videns
2692 4589 3332 4662 cellam,simulundiquc
3348 4593 3612 4658 clausam,

1997 4693 2347 4746 Perscrutans
2376 4687 2550 4743 oculis
2577 4685 2756 4739 aditus
2785 4702 2892 4758 qua
2921 4696 3073 4756 parte
3097 4693 3325 4754 pateret,

1997 4779 2078 4832 Nil
2110 4777 2258 4832 videt
2289 4776 2375 4830 hic
2414 4774 2564 4830 omni
2595 4773 2864 4828 modicam
2901 4773 3002 4826 nisi
3036 4783 3186 4842 parte
3220 4773 3536 4828 fenestram.

1996 4870 2123 4933 Quae
2153 4867 2363 4937 pulsata
2393 4872 2561 4935 patet,
2597 4863 2764 4917 levita
2795 4863 3110 4936 agnoscitur
3132 4863 3270 4932 ipse,

1997 4959 2066 5011 Se
2095 4961 2519 5030 cognoscentem
2552 4969 2663 5008 non
2692 4954 2898 5008 callens
2926 4970 3152 5009 noscere
3181 4961 3408 5008 matrem

1998 5047 2129 5100 Dum
2157 5043 2349 5098 faciem
2375 5044 2524 5098 videt
2550 5042 2816 5097 aridulam
2851 5043 3112 5118 rugisque
3144 5042 3400 5110 solutam,

1997 5138 2234 5194 Orbibus
2267 5137 2430 5208 inque
2461 5136 2610 5191 cavis
2641 5136 2829 5191 oculos
2857 5151 3105 5190 marcore
3129 5142 3404 5209 gravatos,

1996 5227 2236 5298 Ossaque
2266 5223 2486 5279 clitellis
2517 5224 2716 5294 passim
2753 5223 3092 5276 numeranda
3114 5222 3327 5288 solutis,

1997 5315 2204 5386 Cuique
2237 5311 2477 5368 arefacta
2509 5313 2651 5367 cutis
2672 5312 2759 5365 vix
2789 5320 2996 5366 texerat
3023 5328 3148 5367 ossa
3171 5329 3407 5384 superne
3439 5330 3451 5366 :

1996 5407 2059 5461 Et
2088 5402 2343 5460 benedici
2377 5402 2446 5457 ab
2477 5419 2541 5456 ea
2573 5417 2825 5474 poscens,
2860 5402 3226 5470 benedicitur,
3257 5414 3420 5475 atque

2001 5504 2242 5558 Levitam
2273 5518 2330 5556 se
2343 5501 2495 5556 audit
2518 5517 2671 5570 papa:
2697 5499 2906 5553 servire
2933 5499 3116 5564 beato,

2000 5598 2175 5667 Atque
2207 5595 2377 5649 vicem
2405 5592 2604 5664 petitur
2621 5606 2719 5662 pro
2759 5607 2817 5645 se
2859 5591 3151 5645 redhibere
3184 5592 3450 5662 precanti.

2001 5689 2225 5744 Miratur
2256 5703 2424 5760 super
2453 5687 2538 5742 liis
2563 5685 2701 5740 vatis
2725 5694 2937 5741 secreta
2966 5684 3184 5740 fatentis
3210 5704 3224 5753 ;

2006 5779 2277 5835 Praeterea
2307 5793 2410 5834 nec
2440 5778 2594 5850 plura
2623 5777 2790 5849 capit,
2825 5792 2929 5833 nec
2958 5776 3115 5848 plura
3146 5779 3401 5850 rependit
3434 5793 3449 5841 ;
