3970 6200
348 264 454 317 595
1105 260 1469 317 FLODOARDI
1513 259 1816 316 CANONICI
1858 256 2184 314 BEMENSIS
2223 253 2561 313 OPUSCULA
2600 254 2905 310 METRICA.
3593 260 3705 314 596

352 394 412 448 Et
438 393 631 447 laudes
657 397 868 445 tantum
885 405 1016 443 aure
1053 390 1275 445 trahens
1313 390 1657 445 sollemniter
1695 389 1788 444 illa
1993 392 2039 458 Α
2065 384 2461 457 Exsequiisque
2492 384 2602 455 piis
2630 399 2969 454 componere
2994 384 3241 439 membra
3261 386 3544 441 sacerdos.

348 483 491 546 Quas
529 480 758 536 Domino
789 479 968 533 reddit
988 479 1117 533 dum
1151 478 1294 533 linea
1325 480 1485 534 tertia
1506 479 1681 551 surgit
1711 498 1727 542 ;
2067 476 2200 530 Ecce
2232 481 2461 545 repente
2492 474 2727 544 probant
2758 471 3055 527 muliebria
3082 483 3271 530 mente
3288 474 3432 528 virili

350 572 549 643 Sicque
578 570 689 641 poli
720 569 1008 624 Dominum
1040 568 1377 623 benedicens
1407 568 1586 643 pergit
1606 575 1853 635 ovanter,
2064 564 2235 629 Quem
2266 563 2868 631 creduntmonachum,
2896 564 3224 619 monacham
3238 571 3456 620 secreta
3472 567 3698 620 tulisse.

355 662 669 734 Eximioque
700 677 891 715 means
917 677 1185 716 accensus
1216 676 1402 716 amore
1430 662 1697 727 locorum,
2062 657 2378 714 Glorificant
2404 658 2572 732 igitur
2602 674 2801 733 magna
2831 674 2956 713 cum
2987 673 3123 713 voce
3146 659 3452 733 benignum

351 752 627 821 Celsisque
659 751 925 805 almorum
958 749 1218 820 precibus
1256 749 1578 805 benedicier
1598 755 1815 820 optans,
2066 745 2468 818 Miriﬁcumque
2508 748 2679 801 Deum
2712 746 2916 801 multos
2945 747 3039 818 qui
3072 750 3322 822 regmine
3361 757 3591 805 sanctos

350 844 555 918 Pelagii
584 843 691 897 sibi
718 859 825 915 qua
856 842 1151 913 pertransit
1177 842 1367 913 Opinio
1401 842 1589 912 pollet,
2065 839 2260 915 Dirigit
2289 839 2556 906 occultos,
2584 838 2690 893 sibi
2722 846 2850 895 nota
2877 840 3108 894 monilia
3136 856 3383 896 servans.

353 932 515 1002 Cujus
546 933 673 987 item
696 932 1026 1007 aggrediens
1056 932 1272 998 cellam,
1325 932 1461 985 nihil
1485 931 1640 986 audit
1668 932 1737 986 ab
1768 933 1917 987 intus
1946 951 1961 998 ;
2066 932 2229 987 Fama
2255 932 2420 1000 volat,
2452 932 2651 987 coelum
2676 932 2833 1002 petiit
2870 931 3000 1004 quia
3037 933 3283 989 mascula
3312 941 3509 1001 mater,

353 1019 643 1074 Permanet
671 1028 971 1090 expectans
998 1020 1236 1090 spatium
1278 1019 1509 1074 transire
1536 1020 1820 1087 diurnum,
2066 1020 2228 1090 Cujus
2258 1021 2324 1076 ad
2355 1020 2652 1092 exsequias
2681 1028 2874 1074 curant
2899 1035 3230 1076 concurrere
3258 1022 3465 1092 plures,

355 1114 416 1167 Et
448 1129 552 1168 nox
579 1113 708 1167 dum
740 1113 927 1185 nigras
950 1111 1238 1182 terrisjam
1272 1120 1553 1185 spargeret
1579 1114 1715 1182 alas,
2064 1113 2336 1183 Sacraque
2364 1111 2599 1185 virginei
2628 1110 2858 1166 volitant
2888 1110 3140 1166 examina
3169 1112 3325 1166 laetus
3358 1130 3373 1177 ;

352 1202 700 1274 Regreditur,
723 1201 999 1273 mittitque
1015 1202 1161 1256 diem
1193 1202 1449 1276 migrare,
1486 1203 1735 1274 reditque
1766 1222 1783 1269 ;
2068 1208 2316 1278 Dumque
2355 1206 2506 1277 pium
2538 1206 2705 1281 digno
2743 1207 3097 1261 tractantsub
3129 1207 3343 1262 honore
3366 1207 3629 1273 cadaver,

352 1294 534 1348 Tertia
556 1294 686 1348 dum
717 1309 889 1348 cacas
918 1292 1008 1346 lux
1041 1293 1197 1364 pellit
1223 1294 1291 1347 ab
1317 1294 1702 1349 orbelatebras
2071 1300 2129 1355 Et
2154 1298 2358 1354 celebri
2379 1299 2644 1353 mandant
2665 1313 2789 1353 cum
2808 1298 3099 1370 relligione
3125 1299 3404 1370 sepulcro,

353 1388 599 1455 Scandit,
628 1395 681 1442 et
709 1388 1045 1444 obstructam
1070 1388 1559 1458 cernens,aperire
1583 1390 1879 1445 fenestram
2072 1391 2393 1446 Luminibus
2431 1389 2649 1445 radians
2678 1390 2869 1445 multis
2898 1391 2990 1462 pia
3022 1391 3184 1445 turba
3222 1399 3478 1447 coruscat

353 1481 670 1545 Praesumit;
702 1488 815 1536 tum
845 1490 1013 1535 strata
1036 1480 1230 1536 videns
1256 1482 1346 1552 pia
1373 1482 1617 1536 membra
1638 1484 1847 1554 quiete,
2072 1483 2349 1539 Laudibus
2375 1483 2542 1557 inque
2580 1484 2671 1539 Dei
2698 1484 2878 1556 plebis
2909 1500 3011 1540 vox
3033 1494 3232 1540 cuncta
3263 1486 3513 1541 resultat

355 1573 651 1628 Descendit
691 1588 946 1644 prepare,
988 1572 1314 1628 Solimorum
1346 1574 1564 1628 nuntiat
1584 1574 1706 1629 urbi
2070 1572 2362 1628 Postmodo
2389 1572 2589 1627 missus
2610 1573 2677 1627 ad
2707 1572 2757 1628 id
2782 1572 2979 1628 Christi
3000 1591 3031 1628 a
3052 1573 3253 1646 pietate
3279 1574 3535 1630 minister

357 1663 643 1769 Pelagium
661 1663 911 1769 abbatem
953 1663 1074 1718 coeli
1094 1670 1330 1769 Isecreta‘
1348 1663 1573 1734 petisse.
1997 1701 2046 1769 Β
2070 1667 2397 1737 Regreditur
2416 1667 2675 1733 Iacobus,
2707 1668 2962 1739 Patrique
2994 1685 3061 1724 ea
3092 1670 3287 1724 nuntia
3319 1678 3521 1740 portat.

356 1753 733 1823 Alterutraquc
754 1752 860 1806 sibi
892 1753 1286 1807 monachorum
1318 1751 1441 1825 lege
1470 1760 1698 1807 caterva:
1998 1751 2046 1769 ν
2072 1760 2206 1815 Hinc
2238 1771 2492 1831 pr0perat
2522 1762 2683 1816 matri
2714 1778 2937 1817 narrare
2970 1763 3088 1818 haec
3124 1763 3480 1820 Antiochensi

359 1845 414 1899 Id
449 1844 715 1915 pandunt,
759 1851 980 1916 totaque
1011 1844 1173 1898 simul
1204 1844 1434 1915 regione
1464 1844 1734 1899 teruntur.
2071 1850 2337 1906 Omnibus
2365 1868 2429 1906 ac
2444 1852 2607 1921 justis
2634 1852 2710 1907 ibi
2743 1854 2944 1925 gaudia
2966 1870 3166 1929 magna
3188 1855 3481 1921 ministrat,

350 1940 629 2006 Iordanis,
654 1938 988 2005 Hericontei,
1018 1934 1322 2010 Solimique
1352 1938 1587 1994 sodales.
2073 1946 2316 2002 Fletibus
2356 1946 2699 2018 illacrymant
2728 1949 2919 2020 papuli
2950 1966 3053 2021 per
3079 1950 3280 2022 gaudia
3299 1950 3459 2015 fusis,

355 2031 585 2101 Jamque
614 2030 844 2085 aderant
889 2030 1073 2084 Patres
1110 2036 1300 2085 sancto
1332 2029 1543 2085 fervore
1594 2031 1826 2104 gregati.
2074 2036 2385 2096 Laudantes
2414 2037 2704 2092 Dominum
2731 2038 2858 2093 divo
2880 2039 2974 2110 qui
3007 2055 3239 2094 munere
3272 2047 3516 2109 praestat,

356 2120 486 2175 Tum
517 2120 681 2174 funus
709 2119 848 2173 cella
877 2118 1138 2172 eximitur
1157 2133 1493 2190 scamnoque
1532 2118 1762 2183 locatur.
2081 2125 2143 2180 Ut
2162 2124 2423 2199 dignetur
2451 2125 2521 2179 ab
2561 2125 2648 2180 his
2672 2126 2805 2182 tales
2832 2127 2937 2181 sibi
2962 2144 3181 2183 sumere
3212 2127 3444 2194 fructus,

358 2214 582 2269 Accedit
611 2213 846 2269 Solimus
875 2212 1038 2269 solito
1069 2212 1253 2268 felicia
1283 2212 1389 2268 ritu
2081 2214 2385 2284 Splendida
2415 2229 2555 2286 quos
2582 2215 2710 2271 caeli
2736 2216 3109 2290 gaudenterin
3141 2218 3339 2273 horrea
3364 2217 3596 2274 condat.

2296 2423 2857 2433 chw

829 2586 971 2733 DE
1046 2583 1517 2733 CHRISTI
1592 2581 2252 2731 TIIIIIIIPIIIS
2325 2583 2637 2734 APUD
2713 2585 3197 2736 ITALIAII

1321 2862 1659 2964 LIBRI
1735 2867 1902 2988 QU
1923 2868 2741 2968 ATUORDECIM

637 3301 1137 3390 INCIPIT
1250 3300 2022 3390 PROOEMIUM
2132 3302 2861 3418 SEQUENTIS
2963 3304 3444 3396 OPERIS

365 3723 520 3780 Orbis
549 3722 721 3779 Roma
750 3729 937 3794 caput,
966 3722 1111 3778 celsa
1142 3720 1465 3793 potentibus
2011 3723 2061 3792 ί]
2083 3716 2399 3773 Submisere
2420 3716 2534 3772 fero
2568 3715 2709 3771 colla
2740 3721 2923 3770 tamen
2944 3714 3101 3790 jugo,

366 3816 628 3887 Sceptris,
651 3814 990 3882 consulibus,
1017 3813 1322 3869 Cmsaribus
1349 3813 1542 3868 cluens
2085 3811 2274 3866 Pestes
2299 3808 2524 3864 invalidi
2557 3808 2761 3880 pellere
2792 3808 3032 3879 pectoris

364 3908 644 3983 Augustis,
676 3906 928 3978 patribus
956 3907 1102 3961 clara
1128 3904 1450 3971 Quiritibus,
2084 3905 2200 3961 Acti
2232 3904 2559 3959 criminibus
2586 3910 2737 3978 terga
2768 3902 3170 3974 prementibus.

368 4004 561 4069 Armis,
594 4001 843 4074 paciﬁcis
874 4008 929 4057 et
959 4000 1265 4057 ditionibus
1293 4018 1308 4068 ;
1734 4056 1737 4057 ν
2085 3993 2263 4050 Fallor
2291 3994 2347 4048 ni
2381 3992 2617 4064 pr0priis
2643 3991 2859 4047 vatibus
2887 3992 3006 4046 haec
3035 3999 3241 4047 sonent

368 4097 432 4151 At
459 4110 606 4169 nunc
629 4092 920 4148 Altithroni
950 4092 1158 4148 lumine
1188 4092 1387 4148 clarior
2084 4086 2261 4142 Tabes
2290 4086 2533 4160 Pegaseo
2565 4084 2717 4141 fonte
2749 4083 3074 4155 rigantibus.

369 4185 533 4259 Regis
556 4183 897 4256 principibus
923 4181 1124 4238 nobilis
1152 4182 1393 4249 aetheris,
2081 4178 2143 4231 At
2173 4176 2368 4259 Ohristi
2404 4191 2660 4247 proceres
2678 4173 2888 4229 viribus
2914 4174 3102 4228 arduis

370 4256 564 4335 Christi
600 4278 896 4351 praecipuis
917 4277 1064 4333 celsa
1092 4278 1405 4334 sodalibus.
2082 4256 2268 4322 Edocti
2298 4266 2540 4322 tumidos
2568 4266 2805 4320 subdere
2836 4264 3141 4335 principes,

367 4370 564 4442 Fulges
595 4367 947 4439 martyribus,
967 4367 1316 4439 praesulibus,
1349 4366 1531 4422 choris
2079 4356 2386 4429 Magnatum
2417 4354 2671 4410 dominos
2697 4354 2905 4426 pellere
2936 4354 3241 4420 daemones,

364 4461 637 4532 Splendes
667 4459 951 4534 virgineis,
984 4466 1125 4514 astra
1153 4474 1321 4530 super
1352 4457 1463 4530 poli
2078 4450 2264 4507 Mortis
2293 4458 2510 4521 sceptra
2532 4456 2713 4504 terunt
2739 4448 2825 4501 his
2853 4447 3218 4514 dominantia,

364 4556 466 4621 Qui
493 4563 545 4610 te
567 4553 853 4629 prodigiis.
881 4553 1157 4625 dogmate,
1192 4552 1392 4624 praeliis
2079 4543 2413 4621 Frangentes
2442 4539 2676 4596 trucium
2706 4540 2917 4610 spicula
2935 4539 3133 4594 virium
3160 4539 3201 4610 ςῖ

367 4646 566 4700 Palmis
596 4645 938 4700 constituunt
966 4644 1172 4698 aethere
1198 4648 1481 4714 perpetem
1515 4660 1531 4705 ;
2078 4636 2225 4700 Quos
2252 4649 2408 4707 reges
2434 4632 2653 4687 miseris
2680 4631 2921 4686 vultibus
2952 4630 3140 4702 inclyti

364 4737 656 4792 Vincentcs
680 4744 895 4791 veteres
913 4733 1156 4789 culmine
1174 4733 1477 4804 principes,
2080 4730 2338 4799 Orabant,
2364 4728 2610 4801 trepidos
2638 4728 2694 4783 hi
2727 4727 2964 4799 pedibus
2989 4735 3274 4798 premunt,

363 4829 532 4885 Bellis
556 4828 650 4901 qui
680 4827 847 4882 validi
873 4843 1040 4897 regna
1064 4824 1408 4897 parantibus,
2079 4822 2399 4877 Sternentes
2424 4812 2624 4876 veteris
2653 4819 2881 4875 numina
2918 4818 3125 4876 szeculi.

365 4918 520 4974 Orbis
543 4919 668 4988 jura
697 4916 829 4971 licet
856 4913 1208 4970 subdiderint
1235 4911 1358 4977 tibi,
2079 4910 2196 4966 Non
2228 4918 2415 4965 nostro
2444 4907 2736 4982 aggredior
2762 4907 3008 4963 carmine
3036 4907 3275 4979 prodere

366 5009 657 5080 Nigrarunt
677 5004 824 5060 vitiis
862 5013 914 5060 te
945 5011 1127 5059 tamen
1168 5000 1427 5069 horridis,
1997 5030 2052 5098 Β
2081 5002 2186 5057 Res
2209 5017 2437 5098 quarum
2464 5001 2611 5055 Maro
2650 5000 2721 5055 sit
2759 5000 3005 5098 themate
3039 4999 3289 5067 territus,

365 5099 542 5153 Armis
566 5097 881 5169 polluerant
915 5102 1082 5167 atque
1121 5092 1459 5159 domesticis,
1997 5088 2044 5098 “’
2085 5092 2318 5146 Horrens
2344 5089 2501 5163 nigra
2526 5096 2667 5162 togae
2698 5088 2934 5142 stamina
2963 5095 3172 5155 texere,

365 5188 685 5243 Sanctorum
711 5186 985 5241 maculant
1013 5200 1160 5255 saepe
1182 5183 1489 5250 cruoribus,
2079 5182 2187 5237 Sed
2210 5198 2333 5254 quae
2372 5182 2450 5237 sic
2481 5189 2706 5237 caneret
2737 5179 2987 5234 vinceret
3018 5177 3279 5250 Orphaea,

368 5280 666 5351 Replentes
686 5278 955 5333 scelerum
984 5277 1245 5333 sordibus
1272 5275 1549 5342 omnium,
2077 5279 2509 5349 Formosumque
2535 5276 2749 5341 Linum,
2773 5285 2982 5346 patrem
3015 5281 3071 5328 et
3092 5275 3485 5347 Appollinem,

368 5372 543 5451 Reges
572 5384 623 5427 et
652 5378 895 5443 satrapas
918 5370 1269 5429 subdiderint
1289 5370 1439 5437 licet,
2077 5368 2247 5424 Cantu
2273 5368 2418 5422 Pana
2446 5381 2546 5423 suo
2571 5366 2820 5422 vinceret
2848 5363 3138 5420 Arcadem.
