3970 6200
197 338 296 392 597
843 331 924 386 DE
966 331 1221 387 CHRISTI
1261 330 1620 386 TBIUMPHIS
1660 332 1831 387 APUD
1875 331 2142 387 ITALIAM
2185 332 2360 387 LIBBI
2403 333 2532 388 XIV.
2577 365 2639 373 -
2685 334 2804 388 LIB.
2854 335 2868 386 I
3427 337 3531 392 598

1309 461 1636 517 INCIPIUNT
1668 462 1986 517 CAPITULA
2015 463 2191 518 LIBBI
2226 464 2427 518 PBIMI.

485 591 600 642 1.-
621 592 690 642 Dc
721 589 1010 642 certamine
1031 589 1208 642 sancti
1233 589 1384 642 Petri
1411 590 1647 657 apostoli
1673 604 1792 642 cum
1813 587 2026 644 Simone
2047 591 2227 658 Mago.

489 662 551 714 Il.
576 690 643 699 —
671 662 744 712 De
771 663 956 713 sancto
993 660 1228 728 Torpele.

491 732 652 784 lll.—-
685 733 759 785 De
791 732 1045 800 passione
1074 729 1434 799 apostolorum
1461 731 1611 783 Petri
1640 735 1689 784 et
1719 731 1879 784 Pauli

488 803 569 856 IV.
605 833 671 841 —
708 804 1012 872 Dejsanctis
1029 803 1276 856 Processo
1305 806 1353 854 et
1380 801 1717 855 Martiniano
1749 806 1916 872 atque
1951 804 2177 858 Lucina.

486 875 546 937 V,
582 904 649 911 —
682 877 755 926 De
780 875 986 927 sanctis
1014 873 1253 926 Nazario
1282 876 1332 925 et
1359 873 1504 927 Celso

496 946 576 1000 VI.
622 975 688 984 ——
718 947 792 998 De
819 945 1069 998 vindicta
1096 945 1418 1002 Neronaniaa
1448 946 1858 1012 persecutionis.

491 1018 600 1070 VII.
639 1046 706 1054 -—
736 1018 810 1070 De
849 1018 1071 1084 imperio
1110 1016 1434 1085 Vespasiani
1462 1019 1511 1068 et
1548 1016 1657 1069 Titi

489 1088 694 1142 Vlll.——
737 1090 815 1142 De
836 1089 1040 1141 sanctis
1067 1088 1205 1141 Lino
1226 1091 1275 1140 et
1308 1086 1469 1140 Cleto.

490 1160 571 1213 XI.
608 1189 675 1197 -—
699 1161 772 1212 De
809 1161 1010 1213 caeteris
1041 1158 1327 1227 discipulis
1355 1158 1718 1227 apostolorum
1743 1161 1792 1212 et
1810 1162 1997 1212 sancto
2029 1159 2364 1228 Apollinare.

1112 1322 1608 1412 INCIPIT
1674 1321 2058 1408 LIBER
2126 1323 2651 1412 PRIMUS.

1615 1496 1822 1552 CAPUT
1853 1496 2114 1552 PRIMUM

933 1607 1013 1666 De
1059 1609 1386 1667 certamine
1427 1610 1623 1666 sancti
1668 1607 1830 1665 Petri
1873 1607 2126 1682 apostoli
2167 1624 2302 1666 cum
2340 1607 2584 1666 Simone
2629 1607 2815 1683 illago.

206 1746 360 1799 Alma
389 1751 594 1814 tropaea
617 1741 843 1812 piosque
875 1741 1052 1796 crucis
1083 1757 1182 1811 per
1211 1741 1353 1795 bella
1385 1740 1712 1812 triumphos.

209 1838 309 1891 Pro
333 1834 520 1908 regnis
549 1839 754 1889 certata
781 1833 892 1903 poli
924 1832 1159 1886 feliciter
1174 1840 1386 1898 auctos,

205 1931 528 1983 Sanctorum
571 1925 678 1979 nisi
710 1924 924 1978 meritis
953 1924 1204 1978 evolvere
1238 1940 1396 1978 versu

208 2016 481 2070 Romanas
515 2014 735 2068 tandem
767 2013 992 2067 ductore
1023 2013 1272 2068 venimus
1302 2013 1357 2066 in
1389 2027 1540 2067 arces

210 2110 440 2186 Egregie
469 2109 665 2163 Christi
697 2108 1022 2178 populorum
1053 2109 1308 2179 praeduce
1336 2109 1496 2165 Petro
1524 2125 1536 2175 ;

209 2204 311 2268 Qui
341 2202 494 2258 verbi
514 2201 712 2268 jaculis
737 2199 945 2270 palmas
986 2210 1106 2270 post
1135 2201 1503 2256 Antiochenas

209 2296 538 2352 Pestiferum
568 2293 841 2347 insectans
869 2291 1040 2347 divini
1074 2292 1295 2346 luminis
1323 2294 1538 2348 hostem

207 2390 277 2442 Se
313 2388 435 2442 tulit
465 2388 588 2451 huc,
617 2383 780 2456 longe
813 2383 1138 2456 fugitantem
1171 2385 1226 2438 in
1257 2385 1500 2439 culmine
1525 2384 1714 2438 mundi

207 2479 492 2532 Sterneret
521 2483 579 2531 ut
611 2477 915 2542 Simonem,
944 2482 1255 2544 cunctoque
1287 2479 1594 2543 patesceret
1632 2472 1749 2526 orbi

213 2569 283 2622 lle
314 2568 502 2622 mundi
533 2569 708 2639 capite
733 2569 1006 2622 mthereos
1038 2565 1258 2619 rutilare
1289 2564 1613 2633 triumphos,

209 2660 551 2714 Substratum
585 2659 842 2714 Ecclesiae
859 2657 982 2729 quis
1008 2672 1068 2710 se
1099 2655 1268 2729 gemit
1300 2654 1585 2725 improbus
1608 2654 1826 2728 anguis,

205 2753 606 2822 Terrarumque
636 2767 826 2806 serens
857 2767 955 2821 per
989 2749 1221 2820 plurima
1251 2764 1420 2819 regna
1455 2746 1696 2817 profuse,

207 2846 427 2920 Spargit
454 2845 522 2899 ab
555 2847 682 2900 inde
716 2847 904 2900 Petrus
933 2844 1206 2899 ditissima
1232 2843 1445 2898 semina
1471 2842 1644 2896 verbi.

207 2938 345 3002 Quid
373 2944 614 3008 repetam
647 2937 778 2991 belli
812 2943 1025 2992 veteres
1054 2936 1121 2990 ab
1161 2935 1374 3006 origine
1405 2933 1646 3001 fraudes,

210 3033 276 3086 Ut
305 3032 502 3086 Christi
548 3033 782 3104 primum
806 3031 1027 3086 insidiis
1056 3047 1348 3106 aggressus
1377 3030 1518 3084 ovile

216 3124 542 3180 Proturbare
574 3125 783 3190 Simon,
817 3124 1028 3179 socium
1057 3140 1116 3178 se
1149 3122 1324 3190 ﬁnxit,
1355 3130 1407 3177 et
1437 3124 1648 3178 hostem

213 3213 430 3267 Invitus
461 3212 669 3280 docuit,
701 3227 902 3282 supero
927 3212 1020 3283 qui
1047 3213 1173 3281 jure
1204 3212 1442 3266 sodales.

211 3311 347 3363 Dum
384 3308 532 3363 videt
563 3316 680 3364 arte
719 3325 818 3362 sua
851 3310 1018 3363 multo
1053 3309 1266 3378 potiora
1287 3308 1492 3373 valere,

211 3398 597 3472 Prodigiisque
630 3397 936 3468 Pliilippeis
957 3397 1294 3468 stupefactus
1322 3403 1375 3451 et
1397 3412 1516 3462 ore,

212 3490 451 3560 Corpore
480 3488 711 3543 salvitici
741 3488 979 3558 sumpsit
1008 3488 1250 3543 fomenta
1283 3487 1502 3549 lavacri,

211 3577 451 3632 Attracio
476 3592 704 3648 sperans
726 3576 1010 3631 molimine
1041 3578 1250 3631 discere
1281 3583 1546 3643 monstra,

213 3669 454 3723 Plurima
483 3684 646 3739 quam
688 3677 846 3723 norat
869 3668 1055 3742 Stygio
1087 3667 1434 3722 insimulatus
1460 3667 1529 3722 ab
1561 3673 1728 3722 oestro

212 3767 251 3817 Α
281 3763 443 3831 cujus
473 3769 578 3816 tam
613 3768 795 3816 mente
824 3761 962 3817 fides
990 3778 1182 3816 aversa
1209 3762 1438 3831 nitebat,

217 3855 492 3911 lrradiaus
511 3855 661 3911 orbis
694 3857 938 3926 pretioso
966 3855 1173 3910 lumine
1201 3871 1371 3930 regna

215 3946 496 4016 Rhiphma:
519 3963 680 4017 quam
709 3946 790 4000 sol
820 3946 1081 4000 tenebras
1111 3947 1356 4021 regionis
1387 3947 1692 4002 abhorrens

214 4035 392 4091 Volvit
425 4035 527 4090 iter
559 4051 858 4110 peragrans
890 4036 1131 4091 stabilito
1163 4037 1377 4091 tramite
1401 4038 1668 4092 mundum

217 4129 327 4181 Res
357 4127 533 4197 patuit
566 4144 578 4180 :
615 4143 737 4181 nam
758 4129 909 4182 nulla
928 4127 1123 4182 videns
1141 4127 1357 4182 fervere
1381 4126 1555 4182 beata:

214 4217 439 4272 Artibus
470 4217 722 4272 Ecclesia:
751 4217 956 4272 fraudis
985 4216 1218 4290 vestigia
1248 4223 1410 4282 notae,

216 4307 476 4361 Protinus
498 4307 712 4362 attoniti
744 4323 888 4363 caeco
917 4309 1019 4362 sub
1053 4316 1276 4378 pectore
1309 4317 1510 4374 motus,

217 4400 565 4471 Gentilisque
589 4391 773 4455 animo
801 4399 931 4454 furit
959 4416 1215 4473 aegraque
1253 4401 1390 4456 laetis

221 4495 455 4560 Invidia,
485 4501 646 4566 atque
669 4494 856 4550 odium
879 4502 1073 4550 maeret
1100 4495 1374 4565 pollenter
1400 4497 1588 4551 haberi

221 4589 348 4658 Ipse
373 4587 518 4658 quod
543 4586 794 4641 infaustae
821 4593 933 4642 toto
964 4587 1154 4658 nequit
1180 4589 1310 4643 artis
1336 4588 1506 4658 apisci
1539 4607 1552 4653 ;

221 4677 574 4748 Dilectosque
604 4675 762 4731 dolos
790 4676 946 4750 nigro
977 4677 1082 4731 sub
1104 4678 1267 4732 corde
1291 4678 1561 4738 volutans.

219 4771 382 4824 Tetra
413 4786 627 4825 venena
665 4770 874 4841 coquit,
904 4770 1178 4825 meditans
1209 4787 1404 4842 urgere
1437 4772 1698 4839 latenter,

223 4866 395 4928 Quam
430 4859 636 4914 fraudis
659 4876 922 4930 superare
944 4860 1116 4933 gradu
1148 4876 1256 4915 non
1283 4865 1542 4942 praevalet
1569 4879 1769 4928 arcem,

225 4956 603 5010 Fundamenta
625 4955 776 5027 prius
806 4956 1022 5012 fabricae
1053 4957 1366 5012 subducere
1408 4959 1609 5026 nitens,

223 5050 289 5103 Ut
314 5048 490 5103 valeat
517 5056 682 5103 totam
713 5055 998 5106 structura:
1028 5059 1277 5106 evertere
1309 5051 1508 5105 molem
1547 5069 1558 5104 :

219 5144 499 5214 Armaque
536 5141 840 5212 corripiens
868 5144 1004 5214 patri
1029 5146 1141 5212 jam
1173 5143 1391 5218 cognita
1418 5144 1630 5214 pridem

219 5232 550 5304 Terrigenas
580 5248 688 5303 quo
720 5233 1010 5288 subruerat
1039 5233 1330 5287 conamine
1371 5234 1596 5304 primos,

227 5323 356 5378 Auri
377 5323 626 5377 advectat
665 5339 820 5394 opes,
854 5323 1058 5378 donum
1085 5323 1409 5393 Spiraminis
1438 5324 1529 5378 alti

231 5411 458 5467 Mercari
490 5428 550 5466 se
582 5427 744 5482 posse
772 5419 936 5465 ratus.
973 5412 1081 5466 Sed
1118 5412 1305 5466 Petrus
1326 5411 1394 5465 ab
1423 5413 1540 5482 ipso

234 5504 543 5556 lnstructus
566 5501 798 5555 Domino
828 5501 1056 5571 laqueos
1080 5500 1431 5554 transvadere
1462 5510 1650 5566 tetros,

236 5589 545 5660 lnspiciens
575 5590 681 5644 hoc
709 5604 861 5642 sacra
894 5589 1024 5657 peti,
1054 5595 1112 5642 ut
1143 5587 1427 5642 molimine
1458 5590 1686 5644 monstri

237 5686 342 5737 Aut
364 5687 533 5746 emat,
567 5688 657 5734 aut
687 5680 914 5746 adimat,
949 5679 1161 5734 robusti
1193 5679 1420 5748 cuspide
1462 5683 1612 5736 verbi

248 5767 516 5833 Ρθτῖοάίίν
549 5774 715 5838 atque
741 5767 929 5837 lupum
969 5766 1087 5820 miti
1121 5766 1408 5836 proturbat
1431 5769 1662 5845 ονίιξψπ

1852 1748 1900 1812 Α
1924 1739 2055 1794 'I'um
2085 1741 2250 1794 veluti
2281 1739 2394 1795 fera
2423 1748 2703 1811 pastorum
2719 1742 3052 1800 clamoribus
3083 1757 3221 1814 acta,

1924 1831 2053 1897 Quae
2077 1831 2256 1885 medio
2291 1840 2497 1902 raptam
2521 1833 2701 1889 subito
2731 1834 2800 1888 de
2827 1837 3034 1907 cespite
3066 1838 3302 1908 praedam

1923 1923 2057 1976 Dum
2089 1923 2342 1993 sequitur
2365 1923 2680 1996 clamorque
2713 1926 2909 1992 virum,
2945 1929 3266 2000 celeresque
3293 1931 3538 1998 molossi,

1927 2011 2077 2065 Haud
2106 2011 2348 2081 perferre
2370 2011 2581 2079 valens,
2623 2013 2817 2068 solatia
2847 2031 2957 2070 non
2977 2032 3075 2071 sua
3106 2019 3288 2086 mittit,

1923 2107 2094 2176 Atque
2126 2122 2326 2161 vacans
2351 2117 2474 2161 voto
2506 2107 2741 2177 majores
2775 2108 2985 2184 colligit
3015 2111 3144 2177 iras,

1924 2193 2307 2266 Carpendique
2331 2194 2528 2249 famem
2559 2195 2742 2266 potius
2771 2213 2934 2267 quam
2966 2199 3132 2254 volvit
3161 2201 3360 2256 edendi
3391 2222 3417 2267 ς·

1927 2285 2167 2341 Destinat
2199 2286 2426 2341 insidias
2453 2286 2648 2352 caulis,
2682 2287 2819 2342 clam
2847 2289 2992 2344 furta
3034 2291 3364 2364 frequentat,

1925 2378 1988 2432 Et
2017 2395 2106 2432 via
2135 2378 2179 2432 si
2212 2394 2320 2449 qua
2347 2387 2514 2448 patet,
2542 2387 2812 2448 penetrat,
2845 2382 3154 2454 laceratque
3188 2384 3468 2452 bidentes,

1927 2469 2043 2524 Jam
2077 2485 2186 2524 non
2219 2486 2339 2524 esse
2369 2471 2534 2524 modo
2566 2471 2786 2541 cupida.
2825 2472 2935 2527 imo
2977 2491 3178 2530 nocere
3209 2486 3393 2546 parata
3425 2495 3437 2530 :

1930 2564 2081 2618 Haud
2114 2564 2294 2618 minus
2327 2564 2430 2618 iste
2457 2565 2634 2634 lupus,
2669 2566 2909 2620 crudelis
2934 2567 3115 2622 bellua
3156 2570 3376 2636 mentis,

1930 2653 2235 2708 I’reevalida
2261 2655 2457 2725 Cephea
2489 2656 2724 2723 pastoris
2745 2673 2877 2711 voce
2919 2659 3191 2727 repulsus,

1929 2750 2211 2814 Quzeretur
2243 2750 2468 2820 pr0prio
2501 2741 2891 2820 priesumptam
2916 2752 3038 2818 jure
3056 2753 3322 2822 rapinam,

1929 2845 2147 2899 Directo
2180 2859 2290 2898 non
2319 2843 2466 2898 ferre
2500 2844 2688 2898 valens
2720 2845 2811 2915 pia
2845 2846 3091 2916 pondera
3118 2862 3302 2912 cursu,

1927 2936 2106 3002 Ponit,
2138 2944 2192 2991 et
2215 2952 2477 2991 accensas
2510 2953 2715 2991 vacuus
2747 2946 2992 3006 raptatur
3016 2937 3070 2992 in
3106 2937 3234 3003 iras,

1926 3027 2265 3099 Sumptaque
2295 3028 2670 3098 multiplicans
2703 3029 3006 3085 studiosius
3037 3046 3188 3083 arma
3217 3032 3481 3096 nocendi,

1927 3121 2164 3191 Quaeque
2188 3121 2332 3174 valet
2356 3120 2550 3174 Christi
2574 3121 2805 3176 furtivus
2835 3122 3000 3177 ovilia
3035 3128 3228 3187 tentat,

1929 3211 2104 3266 Corda
2137 3226 2334 3281 parans
2362 3210 2546 3284 gregis
2568 3211 2788 3266 insidiis
2821 3213 3100 3267 incessere
3133 3213 3345 3278 blandi,

1930 3305 2013 3360 Nil
2035 3319 2328 3360 commune
2360 3302 2564 3364 ferens,
2597 3305 2870 3359 contraria
2901 3314 3097 3362 cuncta
3129 3323 3459 3378 prepagans,

1932 3394 2302 3461 Caesaremque
2336 3397 2393 3444 ut
2419 3405 2549 3444 oves
2572 3391 2731 3446 Petro
2773 3402 2986 3461 pastore
3019 3402 3272 3468 gregatas

1935 3481 2433 3553 Comperit,hostili
2454 3497 2650 3538 cursus
2675 3483 2781 3536 huc
2813 3483 3004 3538 fraude
3044 3487 3299 3544 tetendit.

1937 3575 1998 3629 Et
2019 3589 2378 3647 quoscunque
2407 3575 2571 3639 valet,
2607 3573 2760 3628 ferali
2793 3575 2958 3629 dente
2992 3585 3264 3631 cruentat.

1935 3669 2105 3733 Quem
2137 3673 2324 3721 contra
2356 3663 2531 3718 rabidi
2558 3666 2788 3719 crudum
2829 3665 3130 3720 moliminis
3165 3669 3375 3722 hostem

1933 3763 2170 3819 Bellator
2188 3761 2404 3815 validus
2435 3759 2624 3815 divino
2657 3776 2889 3814 munere
2921 3759 3132 3830 Cephas

1933 3854 2324 3929 Progrediens,
2358 3853 2633 3925 armisque
2663 3852 2856 3924 vigens
2885 3852 3031 3921 capit
3052 3868 3147 3907 ore
3179 3852 3462 3920 duellum;

1935 3949 2162 4005 Pellitur
2184 3948 2401 4014 umbra,
2436 3947 2527 4018 pio
2556 3946 2808 4001 clarescit
2842 3945 3048 4000 lumine
3081 3945 3278 4020 fulgor.

1941 4045 2200 4115 Discipuli
2242 4043 2471 4108 fraudis,
2516 4057 2747 4113 quorum
2781 4057 2938 4096 mens
2967 4058 3198 4096 cernere
3225 4058 3414 4096 verum

1942 4135 2275 4204 Promptior,
2309 4131 2529 4187 obscuri
2559 4138 2851 4201 penetrant
2883 4131 3011 4185 dum
3040 4131 3180 4186 furta
3221 4133 3485 4204 magistri,

1944 4226 2248 4279 Exhorrent
2280 4222 2526 4285 facinus;
2560 4220 2779 4273 dextras
2803 4220 2958 4287 juvat
2980 4217 3183 4272 addere
3211 4233 3362 4282 vero,

1943 4319 2258 4391 Iunguntur
2282 4314 2487 4369 sanctis
2517 4313 2703 4367 lumen
2737 4319 2957 4382 captare
2989 4311 3184 4382 parati.

1862 4446 1910 4512 Ο
1944 4415 2204 4468 Desertus
2233 4406 2402 4461 sociis
2433 4405 2552 4459 dira
2581 4406 2717 4459 latro
2740 4403 2986 4473 carpitur
3015 4403 3115 4462 ira.

1942 4508 2201 4578 Clamque
2236 4504 2418 4577 fugam
2451 4500 2804 4575 aggrediens,
2863 4499 3057 4552 urbem
3093 4499 3231 4569 petit
3261 4498 3560 4553 Antioche-

3324 4594 3485 4663 [nam.

1853 3076 1901 3142 B

1948 4673 2206 4729 Audierat
2225 4669 2495 4741 siquidem
2526 4666 2654 4722 ﬁdei
2684 4666 2922 4721 crevisse
2954 4680 3196 4736 vigorem

1950 4763 2044 4817 Hic
2073 4761 2210 4814 adeo
2242 4768 2301 4813 ut
2334 4757 2527 4811 Christi
2559 4760 2820 4826 caperent
2851 4753 2919 4805 de
2954 4751 3175 4806 nomine
3209 4767 3429 4805 nomen.

1948 4852 2100 4919 Quod
2124 4851 2293 4915 ferus,
2323 4847 2544 4902 invidia!
2585 4846 2800 4900 facibus
2817 4843 3096 4897 ferventer
3125 4841 3376 4900 adustus,

1951 4940 2169 4996 lnsidiis
2195 4937 2465 5008 caecisque
2498 4935 2640 4990 dolis
2671 4933 2972 5003 cxplodere
3005 4929 3207 4989 nitens,

1951 5034 2182 5091 XEtheris
2212 5032 2475 5086 adversus
2503 5030 2792 5083 Dominum
2825 5037 3032 5080 certare
3062 5024 3290 5083 laborat,

1955 5131 2396 5193 Frustratrusque
2428 5121 2595 5174 miser
2632 5134 2775 5174 szevo
2806 5117 3114 5172 corroditur
3145 5117 3272 5188 igne
3304 5134 3319 5176 ;

1954 5218 2148 5273 Pulsus
2176 5223 2231 5268 et
2254 5230 2285 5266 a
2317 5211 2455 5265 Petri
2483 5208 2672 5274 sociis,
2705 5207 2988 5277 cautisque
3033 5204 3318 5259 ministris.

1955 5309 2212 5366 Prtesidio
2248 5306 2382 5378 petit
2411 5303 2493 5358 ire
2525 5302 2686 5376 fugae,
2718 5315 3066 5378 cernensque
3085 5287 3280 5378 ασὲθῑῖξ

1957 5401 2157 5457 Cuncta
2190 5397 2324 5451 Asiae
2343 5395 2448 5449 sibi
2486 5408 2672 5466 regna,
2697 5391 2823 5445 ἰρσῑ·
2851 5375 2997 5412 “ms
3017 5378 3238 5433 ωειυοτει
3271 5367 3398 5422 ferri
3437 5389 3450 5424 :

1961 5493 2222 5521 unum...“
2252 5486 2552 5521 Mmmr;,-.
2605 5455 2952 5516 raUﬂ’Clmque
2985 5467 3272 5521 capessere
3306 5460 3529 5518 Romam

1961 5493 2136 5547 FIIISEK
2155 5507 2222 5544 ue
2251 5504 2368 5543 com
2415 5493 2561 5544 0P3”,
2629 5493 2697 5510 ’Ἥ
2742 5493 2950 5516 ’”“”“¹“’“’
2986 5493 3270 5521 ωἾ-’νσουιυ
3308 5493 3554 5532 Humum,

1881 5521 1936 5588 D
2319 5505 2487 5582 vpum
2515 5533 2764 5591 Violatam
2792 5556 2979 5598 errore
3011 5548 3238 5606 deorum

1965 5588 2498 5708 EI_P9£90”5bsessam
2532 5623 2814 5684 dominatu
2847 5633 3262 5708 daemoniorum,

1797 5679 2097 5759 _,__,-~——ﬁsus
2129 5702 2231 5770 eis,
2267 5713 2321 5760 et
2347 5707 2514 5765 abhis
2545 5722 2720 5785 actus,
2752 5720 2858 5777 huc
2879 5726 3106 5801 perfuga
3122 5687 3301 5801 venii;
