3970 6200
158 350 253 402 601
804 350 884 403 DE
924 350 1180 405 CHRISTI
1220 351 1579 406 TRIUMPHIS
1618 352 1789 407 APUD
1831 351 2095 406 ITALIAM
2139 351 2312 407 LIBRI
2354 351 2483 406 XIV.
2529 382 2586 391 —
2635 350 2756 405 LIB.
2803 352 2842 405 Ι.
3383 351 3489 407 602

155 473 409 528 Providet
436 473 797 545 Omnipotens
811 476 1066 530 comitem
1082 476 1388 551 fortemque
1403 478 1766 549 probumque,
1795 484 1845 549 Α
1873 476 2220 547 Naufragium
2254 476 2457 531 mentis
2482 475 2718 548 fugiunt,
2750 484 3080 548 portumque
3110 476 3483 546 prehendunt.

157 565 284 634 Ejus
315 565 368 618 in
399 566 663 620 auxilium
694 567 944 622 tribuens
973 569 1236 623 accedere
1268 569 1514 641 Paulum,
1872 565 2138 620 lrradianl
2169 566 2340 620 sancti
2374 565 2566 636 Plebes
2595 583 2609 630 ;
2645 565 2856 621 fervore
2887 567 3130 620 calentes

155 657 254 721 Qui
296 657 421 713 licet
451 659 696 714 intentus
725 669 894 714 totum
923 660 1187 716 decorare
1218 663 1376 716 beata
1870 656 2130 710 Flaminis
2159 655 2380 711 almifici
2406 657 2623 711 valeant
2662 664 2720 711 ut
2758 657 3007 728 linquere
3034 663 3345 711 monstrant

159 747 407 802 Doctrina
434 749 721 813 mundum,
747 747 887 802 fines
913 750 1211 805 extendere
1233 751 1300 804 ad
1333 767 1507 823 usque
1869 753 2025 806 Vasta
2058 753 2427 816 tenebrarum,
2462 768 2760 824 verumque
2789 768 3090 826 agnoscere
3113 753 3322 817 lumen,

155 836 461 904 Terrarum,
493 846 780 909 postquam
804 856 834 892 a
862 839 1082 894 Solimis
1111 857 1283 912 usque
1317 843 1506 897 intima
1538 846 1677 900 ruris
1867 849 2038 918 Atque
2065 848 2262 902 animae
2287 848 2484 902 sordes
2525 848 2728 902 divinis
2770 863 2976 918 ponere
3019 849 3071 903 in
3106 849 3288 903 undis.

158 929 354 1000 Illyrici
385 930 554 994 vicos,
588 931 774 997 urbes,
808 932 1030 986 castella
1061 948 1377 1007 peragrans,
1867 941 2144 996 Exsultant
2177 943 2362 1014 pepuli
2398 943 2610 998 cmlesti
2654 941 2805 997 fonte
2840 943 3026 1016 rigari,

155 1018 345 1072 Omnia
372 1018 638 1074 sanctifiei
669 1021 906 1090 replerat
936 1021 1191 1095 dogmate
1231 1024 1409 1091 verbi,
1867 1034 2200 1107 Purgarique
2233 1042 2424 1104 petunt
2452 1035 2648 1088 animae
2679 1035 2930 1106 contagia
2960 1035 3102 1088 laesae
3135 1051 3147 1086 :

162 1109 355 1164 Visere
386 1110 731 1165 commodius
756 1111 1036 1166 dominam
1063 1113 1355 1168 deducitur
1382 1115 1568 1170 orbis:
1868 1127 2195 1181 Mundandis
2227 1126 2418 1180 latices
2457 1141 2604 1181 saevo
2637 1127 2866 1180 custode
2898 1133 3187 1198 negantur,

159 1202 364 1269 Nempe
395 1199 480 1253 ουί
505 1199 692 1252 mundi
727 1201 931 1270 ΡΟΡΠῙΟ
964 1201 1218 1275 ignorare
1247 1202 1436 1258 Ῐίεθτοῐ
1873 1214 2104 1270 Solliciti
2129 1230 2388 1285 proceres
2427 1214 2732 1268 animarum
2769 1231 3017 1269 crescere
3042 1217 3212 1278 lucra,

159 1295 356 1347 Rerum
384 1293 694 1363 suscipiens
726 1294 918 1348 rectrix
941 1295 1088 1365 quod
1114 1295 1281 1350 Roma
1313 1297 1641 1367 probasset?
1875 1308 2075 1378 Regem
2117 1308 2343 1373 adeunt,
2373 1309 2626 1380 coeloque
2651 1325 2844 1378 preces
2874 1309 3158 1380 appellere
3193 1317 3404 1363 curant.

158 1381 520 1451 Concaptivus
553 1383 894 1435 Aristarchus
923 1383 1213 1437 comitatur
1239 1393 1462 1439 euntem
1874 1399 1937 1452 Αι
1968 1399 2232 1454 Dominus
2266 1399 2503 1470 lympha)
2533 1399 2785 1473 legisque
2827 1401 3117 1471 utriusque
3153 1401 3388 1455 tributor

159 1476 233 1523 Ae
260 1471 506 1525 medicus
535 1472 734 1536 carnis,
768 1472 968 1526 mentis
991 1473 1163 1545 magis
1187 1474 1593 1529 Antiochensis.
1875 1490 2139 1555 Christus,
2171 1499 2226 1545 ut
2245 1492 2500 1546 ostendat
2523 1507 2581 1545 se
2615 1492 2776 1562 prisci
2797 1492 2938 1561 juris
2970 1480 3275 1556 alumnum,

159 1562 250 1616 His
278 1561 493 1616 vehitur
520 1563 704 1618 socius
735 1581 833 1634 per
861 1581 1072 1618 summa
1105 1566 1354 1636 pericula
1386 1565 1602 1630 Paulus,
1873 1579 1972 1642 Qui
2016 1587 2292 1651 pmcepla
2323 1581 2478 1635 dedit
2506 1561 2699 1651 Moysi,
2735 1589 3007 1652 pmcppla
3036 1582 3256 1636 dedisse

155 1651 452 1705 Custodum
479 1667 541 1706 ac
564 1660 770 1718 custos,
794 1653 1079 1707 ductorum
1121 1653 1316 1708 ductor
1338 1655 1587 1710 habetur.
1880 1667 2133 1722 Ecclesne
2167 1669 2440 1732 Patribus,
2463 1671 2555 1740 qui
2588 1651 2765 1740 nuper
2803 1671 2854 1723 in
2889 1671 3038 1725 arida
3071 1671 3217 1726 ruris

159 1747 469 1817 Ingreditur
490 1748 708 1802 tandem
735 1749 981 1820 praecelsi
1015 1749 1273 1804 culminis
1303 1752 1516 1818 urbem,
1796 1807 1839 1833 η
1872 1756 2283 1812 Libanditurbae
2312 1760 2580 1813 solamine
2607 1759 2773 1814 fontis
2797 1761 3001 1833 egenti,

225 1807 253 1817 υ
735 1807 748 1820 .
1505 1807 1516 1818 ,
1873 1807 2280 1812 --------------
2313 1807 2578 1813 ---η----ην
2608 1807 2772 1814 ηπ-.-
2800 1807 3001 1833 νοω--.τ

158 1841 472 1896 Vinclorum
505 1853 700 1916 purgat
731 1845 994 1909 maculas,
1023 1845 1170 1899 etab
1202 1862 1296 1900 ore
1329 1847 1502 1901 leonis
1796 1807 1844 1874 Β
1872 1849 1943 1902 De
1977 1856 2129 1918 petra
2159 1850 2414 1920 produxit
2445 1867 2614 1922 aquas
2644 1859 2998 1923 quaestusqne
3027 1851 3279 1916 removit,

161 1931 417 2000 Eripitur,
452 1930 763 2003 Christique
795 1933 990 1988 iterum
1022 1935 1110 2005 pia
1141 1934 1286 1990 dona
1319 1942 1598 2009 prOpagat.
1872 1938 2056 1992 Arenti
2089 1939 2176 1993 hic
2203 1940 2407 2010 pepulo
2430 1940 2663 2012 caelique
2695 1941 2899 1995 fluenta
2927 1942 3160 2011 petenti,

225 2024 286 2077 At
317 2023 475 2090 Nero,
495 2024 742 2080 doctrina
762 2033 1034 2082 saturatus
1062 2028 1417 2086 Samaritani.
1882 2032 2003 2087 Haec
2033 2049 2253 2106 quoque
2276 2051 2435 2104 posse
2463 2035 2632 2090 Deum
2654 2053 2762 2091 non
2792 2036 3176 2091 difﬁdentibus
3203 2036 3386 2102 almis,

155 2112 414 2180 Majorum
442 2113 643 2168 sensim
675 2115 945 2169 scelerum
979 2114 1319 2172 incrementa
1337 2117 1592 2172 subibat:
1883 2121 2082 2197 Largos
2109 2123 2338 2194 Tarpeia
2369 2123 2560 2179 latices
2594 2141 2622 2179 e
2658 2143 2795 2196 rupe
2838 2125 3139 2196 profundit,

156 2206 255 2270 Qui
289 2214 408 2275 post
441 2205 664 2260 infanda
692 2206 746 2260 in
779 2207 1033 2262 miseram
1051 2211 1339 2265 molimina
1369 2218 1618 2278 matrem,
1881 2215 2108 2287 lrrignis
2137 2215 2272 2269 dura
2303 2217 2569 2270 scatebris
2592 2217 2813 2272 incaute
2844 2219 3092 2288 repertis.

159 2299 543 2368 lncestumque
575 2297 660 2352 sui
691 2299 1030 2354 reticendum
1061 2317 1123 2356 ac
1162 2309 1346 2374 stupra
1378 2303 1606 2366 sororis,
1878 2303 2086 2359 Mirifici
2119 2307 2298 2378 gnatis
2327 2308 2514 2362 Patres
2548 2309 2637 2378 pia
2663 2309 2809 2363 dona
2841 2309 3176 2371 ministrant,

155 2390 280 2444 Post
311 2388 505 2444 Urbem
540 2389 844 2457 incensam,
876 2394 1192 2462 spectacula
1232 2393 1351 2448 laeta
1380 2394 1618 2464 tyranni,
1881 2400 2132 2470 Dumque
2166 2398 2529 2453 lavantundis
2562 2401 2748 2455 divino
2780 2417 3007 2454 munere
3031 2399 3153 2453 latis

154 2478 549 2550 Relliquiarum
580 2479 722 2551 ignis
754 2479 928 2534 diram
964 2480 1278 2553 fcedamquc
1311 2483 1578 2552 rapinam,
1876 2491 2135 2558 Corpora,
2163 2489 2447 2544 sanctiﬁco
2476 2499 2688 2545 mentes
2719 2493 3040 2563 purgamine
3062 2491 3356 2559 mundam,

155 2573 388 2643 Postque
410 2575 1024 2648 senatorumjugulum,
1050 2575 1229 2646 spolia
1248 2576 1430 2648 ampla
1450 2587 1698 2645 senatus,
1878 2581 2137 2635 Flaminis
2163 2597 2225 2635 ac
2253 2581 2361 2635 divi
2395 2582 2630 2637 fecundo
2662 2583 2892 2657 pignore
2911 2584 3086 2637 ditant

155 2664 364 2717 Fenora
385 2672 507 2733 post
537 2663 752 2734 direpta
776 2664 904 2731 fori,
934 2674 1058 2737 post
1089 2667 1254 2721 funus
1284 2669 1558 2739 equestris
1874 2669 2124 2724 Abluitur
2163 2678 2291 2725 tunc
2319 2671 2613 2726 Processus
2643 2688 2764 2725 cum
2797 2671 3140 2737 Martiniano,

156 2756 398 2823 Ordinis,
429 2755 610 2810 affinis
637 2758 861 2810 multam
889 2758 1138 2829 sociique
1161 2759 1372 2814 cruoris
1876 2765 1973 2828 Qui
1999 2775 2367 2836 praeceptores
2393 2766 2651 2820 animaelli
2683 2769 2791 2830 (sic;
2821 2767 3090 2837 principis
3123 2766 3289 2820 undis

159 2843 378 2908 Fratris,
409 2861 704 2918 germanae,
734 2845 920 2900 uxoris
948 2847 1274 2919 miseraeque
1307 2849 1570 2919 parentis,
1877 2854 2060 2910 Castra
2090 2863 2282 2925 petunt
2307 2857 2751 2927 contemplantes
2772 2857 3054 2922 miracula,
3088 2872 3322 2931 magnos

159 2935 307 2988 lianc
337 2935 603 2988 scelerum
636 2934 837 2988 molem
870 2935 1160 2990 cumulans
1190 2954 1390 3012 augere
1410 2939 1628 3014 sategit,
1878 2946 1971 3000 Hic
1997 2962 2119 3017 qum
2145 2963 2241 3017 per
2275 2963 2532 3018 proceres
2563 2948 2826 3003 Dominus
2859 2947 3152 3019 praestabat
3177 2947 3360 3010 Jesus,

158 3025 230 3077 Ac
263 3021 465 3090 majora
497 3031 712 3093 petens,
743 3023 1024 3079 caelestem
1062 3027 1464 3082 theomachiam
1878 3031 2129 3088 lntirmos
2158 3050 2378 3101 curans,
2406 3043 2458 3089 et
2489 3035 2758 3091 daemonis
2788 3053 2938 3091 arma
2972 3036 3338 3106 triumphans.

158 3113 484 3188 Aggreditur
514 3115 720 3184 primus
745 3115 926 3171 Romae
959 3133 1217 3173 exercere
1247 3121 1489 3174 cruentis
1808 3190 1844 3200 Α
1877 3127 1940 3179 At
1969 3126 2114 3180 ferus
2136 3127 2432 3182 obstructis
2455 3128 2548 3197 qui
2583 3128 2826 3183 fontibus
2849 3129 3032 3200 ampla
3058 3129 3291 3200 putabat

160 3204 370 3258 Primus
398 3203 687 3274 suppliciis
719 3205 857 3260 inibi
889 3207 1202 3280 patriasque
1231 3225 1326 3280 per
1346 3227 1541 3264 omnes
1799 3190 1847 3255 (ἶ
1879 3219 2071 3273 Clausa
2099 3221 2302 3274 ﬂuenta
2331 3222 2442 3282 Dei,
2476 3222 2673 3276 ﬂuvios
2706 3225 3002 3294 procedere
3037 3223 3218 3296 largos

159 3296 488 3350 Excrucians
519 3304 736 3352 sanctos
769 3299 964 3353 (Lhristi
996 3301 1200 3370 pietate
1234 3303 1490 3368 nitentes,
1881 3309 2256 3380 Comperiens,
2293 3320 2346 3366 et
2383 3328 2515 3366 oves
2544 3315 2768 3384 lympha
2796 3315 3039 3386 gaudere
3065 3315 3303 3380 salubri,

161 3386 592 3459 Cognomenque
627 3387 777 3457 pium
811 3389 1024 3444 Domini
1049 3390 1116 3444 de
1148 3393 1374 3447 nomine
1405 3400 1684 3464 sumptum
1883 3402 2092 3456 invidia
2121 3414 2330 3458 cunctae
2362 3403 2581 3458 fervens
2614 3406 2878 3461 bonitatis
2901 3416 2955 3460 et
2987 3405 3169 3460 omnis

159 3478 470 3549 Exstirpare
500 3497 696 3549 parans
729 3482 969 3552 penitus,
1005 3484 1354 3557 cognominis
1384 3485 1548 3554 hujus
1879 3491 2130 3559 Justitiae,
2165 3493 2310 3546 vitiis
2350 3508 2470 3564 quae
2503 3505 2719 3548 several
2755 3495 3004 3565 improba
3035 3493 3171 3548 diris

163 3569 477 3639 Praecipuos
508 3569 809 3624 Mamertini
840 3571 943 3624 sub
974 3587 1191 3626 carcere
1210 3579 1390 3643 patres
1883 3587 2037 3641 Nasci
2074 3594 2259 3641 sancta
2289 3587 2504 3648 videns.
2541 3587 2713 3657 proba,
2745 3603 2986 3659 surgere,
3023 3588 3196 3640 fausta
3226 3587 3437 3661 vigere,

158 3660 368 3726 Trudit,
400 3669 453 3715 ct
484 3661 538 3714 in
575 3669 744 3716 totum
772 3663 975 3717 crudus
1001 3671 1281 3736 grassatur
1312 3663 1478 3719 ovile.

1885 3682 2056 3751 Atque
2075 3680 2259 3734 calens
2289 3687 2404 3733 atro
2438 3678 2631 3734 faculis
2661 3681 2967 3733 Acheronte
3007 3679 3266 3748 perustis,

161 3754 390 3808 Lumina
420 3754 516 3808 sed
549 3755 671 3810 coeli
705 3755 1028 3810 licetabdita
1052 3773 1278 3828 corpore
1310 3757 1515 3824 sidant,
1889 3775 2140 3829 [nsomes
2173 3783 2409 3830 mactare
2436 3790 2635 3848 greges
2669 3781 2721 3829 ει
2750 3774 2958 3846 ubique
2977 3780 3228 3828 catervas

160 3847 277 3900 N0"
310 3846 739 3901 νδιθιῖθῑὴθτθυε
766 3851 1040 3918 compCSCi
1076 3866 1294 3904 carcere
1325 3849 1503 3920 nugo"
1534 3867 1545 3902 ⁵
1887 3867 2140 3922 Sternere
2161 3846 2478 3933 bacchatur,
2511 3846 2670 3923 caedit
2699 3865 2822 3920 sine
2838 3865 3070 3920 crimine
3091 3865 3292 3931 justos.

160 3939 302 4004 Quin
331 3940 532 4010 pharus
563 3940 854 4015 undivagis
886 3941 1038 3995 littus
1059 3943 1151 3996 dat
1183 3950 1241 3996 ut
1275 3943 1401 4016 igne
1427 3941 1684 3996 Liburnis
1885 3956 2036 4011 Tunc
2064 3968 2277 4028 septem
2313 3967 2512 4029 quater
2541 3965 2593 4012 οι
2625 3958 2799 4012 denos
2821 3963 3078 4027 expertus
3109 3953 3177 4007 ab
3208 3955 3369 4010 hoste

159 4030 529 4102 Splendificos
561 4032 784 4087 mittunt
833 4033 1037 4096 radios,
1073 4032 1408 4104 ductumque
1465 4033 1785 4088 ministrant
1887 4053 2116 4110 Abjmos
2146 4053 2442 4119 scelerum,
2475 4053 2735 4107 νίι-ιυωπη
2762 4052 3017 4122 ρι’·ίῃάυοθ
3049 4049 3232 4112 Ρριιιο,

163 4125 442 4179 Scandere
463 4140 559 4194 per
590 4125 806 4180 rabidas
837 4131 1053 4196 portum
1087 4125 1450 4181 tendentibus
1482 4127 1682 4194 undas,
1891 4144 1997 4198 Hos
2029 4142 2234 4212 pariter
2253 4143 2411 4210 jubet
2441 4141 2659 4195 excindi
2706 4159 2720 4206 ς
2754 4140 3033 4195 confessio
3062 4155 3191 4193 vera

165 4213 420 4284 Undique
451 4229 560 4284 qua
586 4222 819 4269 cernunt
850 4213 1124 4285 placidum
1150 4215 1370 4270 rutilare
1393 4231 1712 4284 coruscum,
1891 4233 2038 4298 Quos
2067 4232 2249 4301 junxit
2277 4231 2426 4297 ﬁdei,
2451 4232 2752 4298 junxerunt
2773 4232 2918 4285 dona
2948 4229 3171 4295 lavacri,

166 4302 574 4372 Appropcrant,
595 4304 891 4360 tenebrosa
930 4303 1029 4357 viri
1057 4303 1357 4375 penetralia
1389 4303 1646 4376 linquunt
1671 4323 1685 4370 ;
1891 4321 2132 4392 martyrii
2164 4319 2394 4376 sociavit
2424 4319 2602 4375 honos
2631 4326 2684 4373 ei
2714 4317 2891 4390 gloria
2924 4317 3142 4388 palma,

1678 4451 1884 4507 CAPUT
1925 4452 1990 4506 II.

1520 4555 1599 4615 De
1639 4564 1842 4614 sancto
1895 4555 2150 4631 Torpete.

163 4666 354 4740 Clarus
385 4665 439 4719 in
470 4664 657 4721 officio
689 4665 961 4721 renitebat
1003 4668 1212 4722 honore
1240 4667 1453 4739 tyranni
1897 4665 2267 4742 Quadraginta
2299 4663 2499 4736 premit
2529 4682 2545 4729 ;
2589 4662 2760 4733 patris
2789 4668 2912 4732 post
2945 4659 3092 4715 filius
3120 4663 3266 4717 ultor

160 4755 391 4824 Torpes,
428 4771 592 4826 quem
625 4755 816 4810 docuit
845 4755 1030 4810 divina
1061 4758 1331 4812 Antonius
1364 4759 1548 4823 heros,
1897 4760 2096 4815 Victori
2138 4759 2341 4831 insigni
2371 4765 2641 4811 tormenta
2673 4755 2906 4810 rotantia
2929 4754 3104 4825 ponit,

166 4849 336 4903 Fonte
366 4864 590 4903 sacrans
617 4849 762 4911 divo,
796 4849 888 4920 qui
922 4849 1180 4925 dogmate
1213 4851 1502 4922 presbyter
1527 4851 1638 4907 oris
1894 4850 2218 4921 Moliturque
2243 4863 2459 4913 necem,
2484 4845 2770 4917 belvisque
2797 4842 3076 4898 ferocibus
3104 4841 3266 4898 offert
3291 4861 3306 4896 :

167 4941 370 4995 Doctus
399 4940 709 5010 apostolici,
745 4940 1011 4996 Christum
1045 4944 1385 4998 memorabat
1416 4950 1622 5014 aperte.
1887 4947 2117 5001 Mitescit
2145 4945 2265 5000 sine
2297 4959 2450 5000 more
2480 4943 2648 5006 furor,
2677 4947 2923 4996 servatur
2951 4940 3158 4994 honore

164 5030 228 5083 At
261 5030 427 5094 Nero,
453 5029 770 5100 percipiens
798 5030 1086 5100 Torpetem
1119 5048 1272 5087 sacra
1302 5032 1542 5100 subisse,
1813 5068 1870 5136 Β
1893 5040 2105 5106 Divino,
2134 5039 2522 5109 trepidantque
2554 5036 2680 5090 ferae
2713 5035 3034 5106 contingere
3067 5033 3230 5088 dente

168 5119 390 5173 Addicit
430 5119 574 5174 lanio
603 5120 915 5194 cogendum
947 5122 1014 5175 ad
1046 5122 1173 5175 fana
1205 5122 1435 5192 profano
1469 5141 1482 5188 ;
1813 5119 1866 5136 ν
1896 5128 2347 5196 Quemlaeerarat
2375 5127 2538 5180 homo
2570 5124 2848 5179 crudelior
2877 5139 2972 5177 ore
2989 5121 3186 5178 ferino.

167 5210 420 5283 Cumque
450 5210 560 5265 fide
593 5210 734 5266 ﬁxus
768 5213 889 5287 cogi
931 5215 996 5268 ad
1031 5215 1300 5270 scelerata
1333 5216 1606 5288 nequiret,
1901 5218 2069 5287 Hujus
2095 5217 2350 5271 virtutem
2385 5214 2690 5284 inspiciens
2712 5212 3103 5267 Evelliusnnus

167 5301 422 5373 Praecipit
451 5303 617 5369 hunc,
649 5304 807 5374 alapa
824 5305 1126 5376 crepitante
1159 5306 1413 5360 satellitis
1445 5307 1635 5376 ictum,
1901 5309 2158 5366 Consiliis
2189 5308 2325 5362 dura
2350 5307 2620 5360 fautorum
2653 5305 2775 5377 lege
2806 5303 3057 5369 Neronis,

161 5389 336 5446 Morte
363 5391 551 5446 furens
591 5393 786 5448 vinciri
810 5395 930 5449 altae
965 5405 1241 5468 vastaeque
1273 5397 1567 5465 columnae,
1901 5399 2072 5455 Corde
2100 5396 2265 5452 fidem
2299 5394 2492 5450 Christi
2531 5393 2700 5464 capit,
2723 5409 2788 5449 ac
2812 5392 3146 5463 baptismate
3175 5392 3337 5458 lotus,

162 5479 542 5552 Verberisque
581 5481 750 5555 agitat
783 5483 990 5538 crebris
1021 5502 1034 5550 ;
1065 5485 1197 5539 dum
1226 5500 1457 5555 corpore
1485 5485 1654 5560 guttis
1900 5488 2058 5544 Lucis
2098 5489 2307 5543 honore
2331 5490 2626 5540 coronatur
2655 5497 2767 5537 non
2801 5489 3050 5551 tempore
3077 5480 3262 5554 longo.

161 5577 398 5633 Elicitur
422 5580 672 5653 sanguis,
707 5587 908 5642 terram
939 5581 1124 5652 pluvia
1155 5582 1376 5636 horrida
1409 5583 1569 5656 tingit
1601 5599 1616 5647 ;
1745 5651 1752 5658 _
1901 5582 2026 5636 Post
2054 5581 2237 5636 Romae
2268 5578 2466 5635 caalum
2499 5575 2678 5648 pretio
2700 5573 2928 5630 cervicis
2955 5572 3205 5642 adeptus.

164 5668 397 5740 Expavit
417 5669 644 5725 crudele
677 5671 852 5735 nefas,
882 5672 1176 5744 subitoque
1217 5673 1470 5726 columna
1667 5671 1676 5678 ’
1900 5673 1975 5726 Ad
1998 5680 2244 5727 sanctum
2271 5670 2483 5725 Domini
2507 5667 2796 5739 Torpetem
2811 5664 3012 5720 Silvius
3037 5664 3226 5718 urbem

166 5756 469 5815 Censorem
498 5774 675 5815 saevos
708 5759 911 5831 pariter
942 5761 1166 5832 delapsa
1193 5761 1409 5816 sodales
1896 5761 2049 5816 Extra
2080 5761 2329 5815 Pisanam
2361 5758 2507 5825 duci,
2542 5757 2714 5829 patris
2743 5754 2949 5828 impius
2975 5753 3170 5818 haeres,
