3970 6200
444 329 551 384 603
1212 330 1580 384 FLOJOARDI
1621 329 1924 385 CANONICI
1970 332 2300 387 BEMENSIS
2341 329 2680 387 OPUSCULA
2720 330 3039 386 METRICA.
3698 338 3795 393 601

448 456 692 530 Detegat,
717 456 948 527 diroque
973 457 1130 524 jubet
1156 471 1420 511 mucrone
1448 456 1597 511 feriri
1633 474 1645 509 :
2095 466 2142 531 Α
2171 459 2353 517 lncola
2379 474 2505 514 mox
2536 474 2776 530 superae,
2811 457 3087 514 Celeninae
3116 460 3370 532 praecipit
3392 468 3566 534 atque

448 548 687 602 Exsultat
716 556 920 619 martyr
943 549 1136 624 jugulo
1162 550 1468 620 sumpsisse
1496 565 1778 606 coronam.
2170 548 2416 620 Martyris
2446 547 2688 619 inquirat
2708 548 2799 618 pia
2826 547 3098 616 membra,
3123 548 3376 622 levetque
3405 552 3688 624 locetque.

443 624 700 691 Sanctum
724 636 883 690 lictor
907 644 1059 691 atrox
1085 652 1286 707 corpus
1315 638 1654 709 scelerisque
1685 638 1924 693 ministri
2167 640 2321 705 Quod
2351 640 2519 694 celeri
2541 639 2851 695 accelerare
2880 639 3066 695 studet
3096 640 3347 696 Celerina
3375 646 3634 715 sequela,

446 729 717 784 Naviculae
749 729 1025 798 injiciunt,
1067 732 1214 785 carie
1245 740 1412 802 atque
1437 732 1684 787 teredine
1714 731 1877 795 tritae,
2170 732 2464 805 Sarcofago
2495 732 2710 787 dedens
2742 747 2946 804 corpus
2974 734 3295 789 venerabile
3324 737 3557 798 mundo.

445 822 574 877 Cum
603 840 740 878 cane
774 823 1080 895 parricidali
1109 841 1348 896 cumque
1371 826 1499 880 alite
1522 826 1719 879 dantes
2168 820 2566 892 Basilicamque
2586 836 2757 891 super
2784 820 2933 876 cultu
2963 821 3246 891 componit
3271 838 3513 879 amt‘eno.

444 914 797 987 Mergendum
830 916 1004 986 rapidi
1038 916 1236 971 vitreas
1267 917 1370 971 sub
1400 916 1647 971 ﬂuminis
1677 917 1875 972 undas.
2166 909 2317 965 Felix
2349 908 2596 964 Nuceriae
2627 909 2791 964 simul
2822 925 2887 964 ac
2918 908 3235 964 Constantia
3262 912 3408 981 passi

450 1007 707 1064 Matrona;
728 1007 858 1064 ﬁdei
888 1010 1221 1064 veneranda;
1248 1009 1485 1065 mittitur
1514 1009 1654 1065 aula;
2164 1002 2338 1067 Tunc,
2367 1015 2471 1055 nec
2498 1015 2609 1055 non
2642 1000 2810 1055 variis
2839 1016 3003 1073 quam
3021 1000 3179 1056 multi
3200 1002 3450 1073 partibus
3481 1002 3659 1069 orbis,

1943 1129 2154 1186 CAPUT
2194 1127 2285 1182 ιιι.

1451 1233 1528 1291 De
1550 1235 1831 1310 passiam
1857 1233 2260 1310 apostolorum
2294 1228 2460 1287 Petri
2490 1234 2541 1286 et
2576 1223 2782 1285 Pauli.

446 1343 699 1400 Pluribus
717 1344 972 1399 admissis
1009 1346 1273 1401 crelorum
1298 1347 1366 1401 ad
1406 1347 1607 1421 gaudia
1635 1347 1862 1411 sanctis,
2158 1341 2380 1397 Ducitur
2408 1339 2476 1395 ad
2519 1355 2771 1413 regnum,
2814 1346 3104 1410 postquam
3171 1338 3551 1414 Phlegetontis
3592 1341 3649 1395 in
3684 1342 3789 1395 ima

442 1433 877 1506 Agminibusque
908 1435 1063 1505 sequi
1089 1435 1200 1503 jam
1241 1436 1564 1511 regiasigna
1593 1436 1817 1507 paratis,
2158 1435 2435 1489 Devictum
2464 1432 2680 1504 penitus
2713 1432 2871 1486 terris
2903 1429 3173 1503 furtisque
3207 1432 3511 1487 minantem

443 1525 644 1581 Castris
671 1527 973 1598 dispositis,
991 1535 1045 1583 et
1066 1529 1289 1584 vincere
1311 1529 1457 1584 bella
1478 1530 1655 1585 suetis
1683 1549 1699 1594 ;
2159 1527 2315 1591 Aera,
2351 1522 2618 1579 tentando
2649 1522 2869 1589 coelum,
2899 1522 3067 1577 corda
3091 1521 3436 1589 illicientem,

446 1616 634 1669 Praelia
664 1626 786 1687 post
819 1616 1000 1671 valido
1030 1618 1233 1687 passim
1263 1625 1469 1672 certata
1502 1618 1691 1673 labore
1717 1637 1733 1681 ;
2158 1615 2318 1671 Tritis
2346 1615 2564 1669 allisum
2589 1613 2854 1669 membris
2880 1614 3164 1683 deiecerat
3186 1614 3425 1675 hostem,

447 1705 568 1758 Post
600 1704 687 1775 pia
709 1704 947 1759 victricis
976 1706 1270 1778 dignaeque
1295 1706 1531 1779 insignia
1574 1706 1766 1777 palmae
1808 1727 1824 1771 ;
2159 1712 2286 1774 Quae
2309 1706 2565 1777 precibus
2596 1712 2852 1761 sternens
2878 1705 3228 1777 genibusque
3256 1705 3313 1759 in
3342 1721 3623 1761 marmore
3647 1704 3786 1769 ﬁxis,

446 1797 571 1852 Post
599 1798 849 1867 p0pulos,
879 1798 1062 1862 urbes,
1091 1808 1285 1871 gentes
1314 1806 1365 1853 et
1399 1816 1566 1873 regna
1596 1800 1843 1863 subacta,
2108 1796 2117 1811 '
2156 1796 2371 1851 r‘Ethere
2392 1795 2614 1865 dejecit,
2645 1793 3084 1865 lapidisignatur
3114 1792 3323 1848 adactae

448 1890 570 1943 Post
595 1889 727 1960 juga
768 1889 1036 1944 nobilium
1061 1890 1370 1945 cervicibus
1401 1891 1587 1945 addita
1610 1891 1773 1962 Regis
2154 1888 2307 1942 Nunc
2336 1887 2499 1941 etiam
2529 1886 2728 1957 patulae
2758 1886 2917 1940 Petro
2947 1884 3242 1940 incubante
3274 1900 3526 1939 cavernas

447 1978 704 2048 fEtberei,
749 1980 857 2033 Rex
889 1980 1007 2051 ipse
1039 1981 1210 2034 duces
1240 1982 1305 2035 ad
1329 1988 1545 2052 sceptra
1576 1981 1827 2047 vocabat,
2159 1976 2285 2041 Quae
2319 1975 2503 2045 pluvia
2528 1975 2764 2046 0ppletae
2798 1980 2981 2044 pestes
3005 1973 3374 2028 medicamine
3408 1974 3649 2043 pellunt,

449 2074 747 2145 Debitaque
769 2075 1033 2129 audacem
1062 2076 1351 2145 prcssabat
1384 2092 1543 2146 pcena
1575 2085 1889 2146 tyrannum.
2160 2067 2523 2138 Jucundoque
2555 2067 2716 2139 aegris
2743 2064 2876 2120 dant
2904 2080 3136 2119 munera
3170 2064 3384 2119 roboris
3422 2065 3643 2119 haustu.

449 2166 777 2219 Mandantur
804 2166 987 2220 Patres
1026 2167 1300 2239 ergastula
1330 2168 1581 2239 linquere
1614 2167 1839 2221 tandem
2232 2159 2503 2214 Christum
2538 2166 2711 2213 morte
2737 2166 3028 2211 secuturus
3054 2155 3183 2210 dum
3218 2154 3443 2210 ducitur
3475 2155 3664 2221 heros,

442 2254 719 2323 Jussuque
744 2253 1018 2309 immerito
1050 2254 1267 2309 funesta
1298 2255 1362 2308 ad
1396 2254 1598 2309 mcenia
1626 2254 1772 2319 duci,
2162 2255 2431 2310 Exsiliens
2461 2254 2644 2308 animo
2675 2252 2964 2326 indignum
2999 2259 3230 2306 testatur
3255 2249 3455 2305 eodem

443 2344 648 2399 Titanis
676 2344 866 2400 novies
884 2346 1012 2400 dum
1037 2346 1148 2415 jam
1185 2348 1497 2418 repleverat
1530 2345 1721 2400 orbem
2161 2344 2229 2397 Se
2256 2342 2540 2398 sublimari
2575 2341 2837 2396 Dominus
2868 2356 2977 2411 quo
3008 2355 3202 2411 passus
3232 2340 3464 2406 honore,

444 2436 653 2489 Limina
682 2434 909 2489 Paulino
941 2442 1231 2508 postquam
1265 2442 1518 2489 servante
1548 2435 1864 2490 manebant.
2160 2438 2261 2503 Qui
2291 2439 2430 2493 coelo
2451 2436 2753 2491 adveniens
2780 2444 2977 2489 cuncta
3003 2435 3070 2488 ad
3101 2434 3348 2489 coelestia
3381 2434 3575 2498 traxit,

446 2527 711 2582 Custodes
750 2526 931 2598 igitur.
961 2527 1091 2581 visis
1118 2527 1209 2598 qui
1244 2536 1467 2597 pectora
1489 2526 1644 2579 miris
2092 2555 2138 2619 Β
2161 2533 2339 2601 Seque
2378 2530 2499 2584 solo
2527 2528 2776 2604 genitum
2808 2535 3089 2581 terrenum
3115 2525 3275 2580 ﬁnxit
3302 2527 3628 2589 alumnum;

446 2621 657 2674 Sanctae
695 2619 1055 2673 subdiderant
1083 2618 1231 2681 ﬁdei,
1275 2618 1570 2688 cunctique
1596 2617 1815 2672 sodales
2095 2616 2105 2619 ⁷
2163 2622 2301 2676 Crux
2331 2638 2431 2676 sua
2461 2627 2798 2692 quapropter
2817 2627 2981 2689 caput
3000 2618 3066 2673 ad
3102 2616 3385 2672 terrestria
3405 2626 3616 2689 vergat,

447 2707 730 2780 Magniﬁco
748 2708 880 2761 vitet
909 2713 1228 2780 suggestant
1268 2705 1463 2760 funera
1501 2706 1680 2769 Petro,
2166 2712 2225 2767 Et
2253 2728 2311 2766 se
2344 2717 2660 2766 terrestrem
2690 2706 3242 2777 doceat,cwlumque
3276 2704 3581 2775 petendum

444 2799 625 2868 Seque
654 2798 767 2851 suis
786 2803 968 2850 servet
994 2802 1208 2857 cautus,
1232 2794 1483 2865 liberque
1515 2794 1749 2848 recedat.
2167 2799 2316 2853 Haud
2350 2798 2507 2852 aliter
2524 2797 2580 2851 ni
2626 2796 2876 2864 subjecta
2904 2794 3142 2860 cervice,
3178 2792 3413 2848 revelet.

444 2889 764 2962 Adjungunt
790 2887 1048 2957 precibus
1079 2886 1364 2956 lacrymas,
1400 2885 1621 2956 labique
1650 2893 1956 2957 queruntur

2167 2896 2276 2950 Nec
2305 2909 2453 2948 mora
2494 2902 2716 2966 gyratur
2745 2890 2922 2945 crucis
2952 2905 2983 2943 a
3012 2888 3207 2942 lictore
3246 2887 3580 2958 triumphus,

447 2980 614 3035 Morte
646 2979 817 3050 patris
844 2985 1061 3052 gnatos,
1094 2977 1173 3031 illi
1208 2984 1427 3047 pastore
1456 2984 1743 3048 perempto
2166 2984 2542 3056 Figunturque
2569 2982 2738 3052 pedes
2762 2995 2950 3050 supra,
2976 2979 3201 3033 caeleste
3232 2985 3488 3048 petentes

448 3071 804 3144 Dispergique
832 3085 1049 3141 greges,
1082 3075 1137 3123 et
1169 3067 1311 3123 ovile
1345 3067 1619 3124 facessere
1650 3069 1842 3125 fundo.
2167 3075 2322 3130 Lucis
2350 3075 2471 3141 iter,
2506 3073 2811 3143 palmaeque
2839 3069 3007 3122 imum
3041 3074 3315 3140 terraeque
3337 3066 3647 3138 prepinqua

450 3159 691 3213 Fletibus
709 3158 793 3212 his
815 3157 990 3211 victus
1022 3156 1268 3212 clemens
1307 3156 1608 3212 inﬂectitur
1637 3159 1797 3224 altor,
2164 3166 2468 3236 complexae
2491 3173 2709 3217 terrena
2740 3160 2929 3234 legunt
2969 3174 3139 3236 super
3168 3168 3313 3213 astra
3354 3157 3601 3213 ferenda.

448 3249 620 3315 Cedit,
654 3258 708 3304 el
739 3247 999 3323 effugium
1027 3254 1198 3303 ἱρηῑθῐ
1224 3249 1427 3319 Pictam
1455 3257 1714 3315 οοειοῐιιες
2166 3261 2474 3332 Alloquitur
2495 3260 2564 3313 de
2593 3256 2870 3328 supplicio
2903 3256 3108 3310 circum
3142 3254 3363 3328 agmina
3392 3253 3531 3317 fusa,

444 3341 675 3412 Jamque
716 3340 911 3411 pedem
944 3345 1112 3395 noctu
1138 3339 1351 3395 foribus
1371 3340 1657 3414 digressus
1686 3338 1890 3411 apertis
2170 3349 2450 3404 Flentibus
2476 3354 2529 3401 et
2551 3346 2764 3401 cunctis
2786 3343 2981 3421 hilaris
3008 3342 3219 3397 solatur
3245 3342 3499 3408 anhelos,

448 3432 742 3498 Extulerat,
774 3431 1161 3504 Christumque
1191 3440 1352 3487 tuens
1380 3448 1667 3488 occurrere
1699 3441 1891 3487 contra
2166 3440 2622 3513 Tranquillusque
2654 3445 2808 3492 vocat
2840 3436 3023 3490 divina
3056 3434 3122 3489 ad
3156 3433 3353 3507 gaudia
3383 3434 3585 3491 tristes.

450 3522 715 3587 lntremit,
745 3530 911 3593 atque
936 3523 1181 3576 animum
1223 3536 1488 3577 revocans
1512 3522 1585 3575 ita
1617 3520 1760 3575 fatur
1780 3521 2017 3575 adorans
2051 3539 2063 3574 :
2171 3530 2514 3600 Eximiasque
2546 3527 2709 3581 refert
2749 3524 2960 3579 Christo
2990 3538 3085 3595 pro
3116 3537 3346 3577 munere
3373 3520 3550 3593 plebis
3598 3514 3609 3521 ’

452 3634 473 3663 ι
507 3612 642 3679 Quo,
671 3613 921 3679 Domine,
954 3613 1196 3668 intendis
1219 3612 1247 3666 ?
1275 3644 1345 3652 —
1376 3611 1648 3687 Cruciﬁgi,
1700 3611 1899 3683 inquit,
1927 3620 2060 3682 peto
2163 3620 2373 3686 Grates,
2405 3614 2863 3673 cuicommendat
2882 3628 3013 3668 oves
3042 3612 3147 3666 sibi
3168 3618 3293 3666 vota
3314 3610 3554 3665 ferentes
3584 3627 3601 3673 ;

1718 3701 1984 3772 [Romam
2167 3709 2406 3765 Exorans
2434 3705 2570 3778 ipsis
2609 3719 2776 3775 super
2795 3703 2999 3763 aethera
3027 3717 3231 3773 pascua
3259 3701 3449 3766 donet,

446 3790 773 3864 —Rursus,
832 3791 927 3858 ait,
983 3790 1192 3862 patiere
1237 3789 1416 3845 crucis
1467 3796 1758 3856 tormenta,
1817 3789 2014 3844 Hedem

1909 3790 2059 3844 κατ’
2163 3805 2313 3860 Tunc
2344 3805 2487 3859 inter
2506 3802 2749 3857 monitus
2775 3800 3031 3872 interque
3055 3796 3311 3853 aﬂ'amina
3334 3796 3477 3861 vitae,

1822 3878 1988 3950 [βων-
2085 3923 2133 3988 C
2168 3897 2315 3949 Inter
2343 3901 2468 3947 vota
2497 3904 2820 3961 precesque,
2856 3888 3111 3959 interque
3140 3884 3391 3956 piissima
3415 3883 3598 3940 verba,

448 4003 515 4012 -
542 3972 767 4038 Rursus:
797 3991 826 4021 ’³
855 3970 1039 4040 “ille:
1070 3970 1182 4043 P0li
1213 3977 1471 4041 repetens
1499 3985 1667 4040 super
1707 3970 1917 4025 mulera
1970 3987 2061 4026 30"
2086 3970 2133 3988 υ
2169 3992 2437 4045 lntentam
2470 3985 2626 4042 ccelis
2650 3985 2891 4041 animam
2924 3984 2991 4039 ad
3022 3982 3265 4039 cmlestia
3290 3980 3471 4034 mittit.

1827 4057 1991 4128 [δαῖθ’
2168 4080 2429 4153 Discipuli
2461 4079 2722 4150 civesque
2751 4078 2847 4149 pii,
2880 4076 3165 4147 sanctique
3204 4071 3463 4137 ministri,

444 4150 739 4244 Sicpcplis
767 4149 958 4205 senior
980 4148 1171 4244 “9‘”
1200 4148 1254 4203 in
1288 4148 1523 4244 caligine
1551 4147 1675 4204 δχίδ
2166 4147 2448 4244 Praecipue
2475 4147 2786 4234 Marcellus,
2819 4169 2871 4224 ei
2902 4169 2994 4241 qui
3025 4167 3168 4223 ﬁdus
3194 4164 3478 4230 alumnus,

445 4242 896 4336 Pellegitaereas
924 4240 1126 4296 animis
1146 4240 1490 4336 sectantibus
1521 4257 1705 4336 auras,
1807 4335 1810 4336 ν
1917 4328 1927 4336 _
2165 4269 2241 4323 De
2271 4240 2433 4322 cnice
2464 4263 2719 4336 deposito
2750 4240 2968 4334 pietatis
2996 4257 3186 4314 munia
3208 4255 3378 4321 sufﬁt,

446 4334 618 4404 Αίίιυθ
648 4332 828 4387 alacer
869 4346 1058 4385 Versus
1110 4348 1123 4384 ³
1185 4351 1205 4378 ¹
1260 4329 1489 4401 sequam
1548 4328 1748 4426 inqu“:
1799 4335 1873 4395 tet
1916 4328 2061 4384 bone
2164 4356 2387 4412 Ordinat
2407 4328 2719 4426 exsequias,
2740 4328 2793 4406 et
2824 4352 3058 4406 honorat
3095 4356 3339 4403 aromate
3373 4344 3565 4400 multo.

1729 4419 1935 4491 [Ρθδίοτ
1965 4445 1990 4467 ’³
2166 4447 2352 4518 Regna
2381 4419 2791 4514 Trium-phantis
2821 4439 3014 4495 mundi
3047 4436 3208 4492 simul
3240 4433 3427 4491 omnia
3458 4435 3634 4489 Patris

448 4518 797 4592 Ret-{reditura
830 4524 1012 4572 nam“
1033 4515 1282 4591 gaudens
1312 4530 1378 4569 ex
1407 4514 1602 4570 ordine
1632 4525 1830 4570 θαηοιδ
1867 4531 1879 4568 ³
2164 4514 2410 4590 Membra
2439 4531 2829 4602 triumphalem
2856 4531 3011 4598 juxta
3033 4524 3377 4581 sanctissima
3408 4522 3605 4578 callem

446 4611 661 4666 Solatur
688 4609 905 4673 socios;
938 4607 1151 4664 cunctis
1178 4605 1587 4679 plangentibus,
1613 4620 1757 4659 unus
2166 4631 2223 4684 ιη
2254 4628 2514 4683 Vaticano
2546 4624 2754 4681 celebri
2783 4623 3117 4680 tumulant“,
3149 4620 3382 4675 ιιοηοιιθ,

448 4702 713 4768 Exsultat,
743 4700 973 4756 comites
999 4715 1258 4755 recreans
1277 4697 1553 4753 solamine
1573 4695 1749 4761 verbi,
2235 4720 2298 4773 Αι
2330 4715 2658 4786 gem-amnes
2687 4714 2899 4778 doctor,
2938 4711 3046 4765 dux
3077 4718 3241 4780 atque
3269 4706 3554 4781 magister,

449 4796 620 4867 Inque
659 4792 768 4850 ﬁde
808 4793 1005 4848 (Ἇπίδίί
1035 4791 1213 4846 valido
1238 4789 1541 4844 munimine
1575 4786 1771 4843 δτῖηλί·
2167 4808 2459 4877 Postquam
2486 4817 2798 4859 sermonem
2824 4800 2955 4854 ﬁdei
2987 4804 3333 4868 resperserat
3363 4795 3478 4850 oris

449 4890 698 4959 Βυηιψιθ
728 4887 837 4958 Piis
866 4887 991 4957 Pius
1014 4893 1069 4941 εἴ
1096 4891 1284 4975 Ρδδῑοῗ
1308 4884 1397 4955 Pia
1416 4882 1628 4954 Pab‘J'a
1659 4880 1885 4953 Pmbc'v
2171 4910 2371 4975 Largus
2400 4898 2453 4951 in
2484 4894 2758 4962 Occiduis,
2790 4892 3041 4948 doctrina
3069 4890 3290 4945 Oriente
3333 4886 3573 4958 repleto,

449 4977 514 5033 El-
533 4976 720 5032 ηιθάίο
751 4975 961 5047 "ipim"
989 4973 1248 5031 comitum
1266 4972 1490 5047 Ιυεεηιθ
1519 4979 1757 5037 caterva,
2167 4972 2352 5044 Puniri
2379 4985 2608 5041 infando
2621 5000 2764 5039 caesa
2801 4981 3015 5037 cervice
3031 4978 3260 5048 jubetur

452 5073 511 5127 Et
532 5071 705 5127 nimio
743 5071 948 5145 gemitu
967 5069 1149 5125 cordis
1175 5074 1407 5124 testante
1445 5067 1716 5132 dolorem,
2163 5079 2204 5132 Α
2234 5077 2380 5132 lanio
2411 5093 2424 5141 ς
2459 5074 2823 5147 praebeasquc
2851 5076 3014 5142 caput
3040 5083 3139 5141 pro
3169 5066 3399 5121 numine
3431 5066 3601 5137 regis,

447 5159 653 5236 Viginti
683 5177 805 5216 cum
824 5159 1069 5231 quinque
1091 5156 1207 5233 regi
1238 5157 1330 5229 qui
1363 5156 1609 5230 regmine
1638 5155 1773 5211 tanti

2165 5169 2481 5241 Militimque
2520 5166 2652 5221 viris
2682 5179 2871 5220 secum
2904 5160 3079 5217 tribus
3108 5158 3303 5213 ultima
3330 5157 3532 5228 passis,

452 5250 632 5305 GaViSi
651 5250 868 5307 fuerant
896 5249 1068 5305 PalPiS
1097 5247 1332 5303 feliCilel‘
1363 5246 1544 5313 annis.
2086 5306 2134 5327 η
2165 5259 2322 5315 Orbis
2344 5259 2398 5313 in
2425 5273 2549 5314 arce
2578 5256 2667 5327 pio
2700 5269 2800 5327 pro
2835 5252 3039 5308 lumine
3062 5248 3292 5305 caeditur
3316 5246 3497 5313 orbis,

449 5338 693 5411 Cogitur,
718 5338 1001 5411 arguitur;
1026 5343 1209 5393 manet
1249 5335 1643 5408 insuperabilis
1673 5335 1784 5400 ille,
2081 5306 2137 5373 D
2166 5351 2354 5406 ρει-ιω
2375 5350 2425 5405 ei
2454 5306 2649 5424 jugurlo
2681 5306 2765 5401 ιξθ
2792 5357 3079 5400 emanasse
3118 5339 3320 5404 reciso,

450 5427 510 5483 Et
540 5425 717 5481 crucis
746 5425 956 5482 extollit
987 5435 1250 5496 praestans
1290 5425 1550 5479 immotus
1582 5423 1844 5478 honorem
2163 5440 2429 5495 Nimirum
2462 5423 2591 5492 ﬁdei
2620 5436 2716 5509 qui
2738 5436 2877 5489 tacte
2904 5431 3203 5487 nutriverat
3232 5442 3431 5503 agnos.

447 5516 716 5574 θπιηίδυδ
745 5518 1018 5589 i"1Puisus
1048 5517 1235 5571 ﬂabris
1257 5526 1319 5572 ιιι
1345 5523 1553 5586 P‘Brslat
1577 5515 1860 5586 ΟῙΥπΨηδν
2165 5529 2386 5586 Emeriti
2415 5541 2631 5583 summo
2660 5538 2921 5598 proceres
2946 5522 3016 5576 de
3035 5518 3279 5575 culmine
3309 5515 3504 5571 mundi

449 5603 791 5673 Supplicium
819 5604 997 5660 crucis
1024 5604 1261 5658 invictus
1294 5603 1527 5658 tolerare
1550 5602 1778 5671 jubetur
2163 5624 2406 5679 Siderea,
2439 5619 2646 5692 ρει-ηει-
2677 5616 2944 5673 ιοιιυηιω-
2970 5612 3027 5667 in
3048 5611 3221 5666 ardua
3241 5609 3414 5677 sedis,

453 5695 739 5766 Princeps:
770 5703 1054 5766 ulmoPere
1073 5696 1234 5765 cuius
1256 5694 1608 5751 commendat
1626 5695 1891 5750 honorem
2168 5719 2228 5773 Et
2257 5718 2458 5792 Regem
2475 5713 2654 5786 spolia
2680 5720 2808 5768 ante
2836 5724 2996 5765 suum
3013 5705 3257 5779 pretiosa
3275 5709 3580 5775 reportant.
