3970 6200
126 321 242 374 605
781 319 862 371 DE
901 318 1156 373 CHRISTI
1198 319 1560 374 TRIUMPHIS
1598 320 1770 374 APUD
1812 321 2078 376 ITALIAM
2120 322 2293 376 LIBRI
2335 323 2464 378 XVI.
2505 353 2574 362 —
2615 323 2718 376 LIB
2784 325 2822 376 ι.
3362 328 3469 381 606

131 452 170 500 Α
209 461 321 517 quo
351 443 606 515 perpetui
639 442 807 497 fastus
831 443 1071 517 insignia
1093 453 1331 515 captant.
1679 501 1684 504 _
1787 453 1832 515 Α
1861 445 2157 500 Torrentur
2188 447 2420 501 tonitrus
2446 447 2630 501 subito
2662 447 2734 513 vi,
2765 447 2996 522 fulguris
3027 450 3187 524 igne!

128 539 390 593 Traditur
425 539 534 592 an
575 537 839 607 quosdam
873 538 1098 611 regione
1128 537 1328 606 petisse
1861 538 2223 612 Sparguntur,
2250 540 2379 592 tanti
2405 540 2663 610 linquunt
2686 542 2975 596 conamina
3002 542 3184 613 coepti.

132 630 433 684 Ausoniam
465 627 718 692 comites,
749 627 1072 680 charissima
1112 627 1358 681 membra
1389 628 1614 695 referre,
1863 629 2109 684 Romulei
2141 631 2308 694 cives,
2338 631 2429 702 qui
2471 631 2623 700 digni
2660 631 2793 685 forte
2826 632 3060 702 probati,

135 727 200 779 Et
230 740 416 778 curam
449 722 690 793 pr0priis
719 721 986 775 adhibere
1019 721 1313 775 tribulibus
1341 730 1542 791 aptam.
1859 721 2062 775 Sectari
2095 729 2300 776 tantum
2335 723 2428 792 qui
2472 738 2828 792 promeruere
2859 724 3141 787 decorem,

132 818 362 871 Munera
394 823 676 885 captantes
701 814 814 867 fere
847 829 945 884 per
970 813 1078 867 duo
1106 813 1276 867 millia
1305 820 1540 883 raptant,
1859 811 2140 875 Attollunt,
2182 812 2643 881 complectuntur,
2685 813 2788 865 sibi
2824 823 2976 882 rapta
3006 819 3286 884 receptant

131 908 377 971 Quorum
406 919 572 959 ausus
611 901 1059 956 Catacumbarum
1082 902 1183 956 sub
1213 902 1350 956 calle
1384 902 1647 968 relidens,
1859 901 2091 975 Pignora
2156 919 2265 972 prae
2287 903 2499 957 cunctis
2526 903 2725 972 opibus
2758 903 3030 957 ditissima
3059 904 3272 957 mundi.

135 998 328 1072 Arguit
367 995 625 1050 immensi
667 994 926 1064 praecelsa
954 994 1196 1064 potentia
1229 993 1447 1059 Christi,
1861 993 1997 1048 Hinc
2026 993 2145 1048 loca
2179 993 2304 1064 quis
2334 1000 2686 1048 servarentur
2717 1011 2814 1065 pro
2845 995 2984 1048 velle
3015 1004 3330 1065 capessunt,

133 1094 416 1147 Summam
451 1089 744 1160 praycipuis
773 1088 964 1142 urbem
998 1088 1262 1142 decorare
1301 1087 1546 1157 patronis
1861 1086 1915 1139 In
1949 1087 2148 1156 quibus
2179 1093 2232 1140 et
2269 1093 2382 1142 toto
2409 1098 2737 1141 veneranter
2768 1088 2834 1141 ab
2865 1089 2998 1142 orbe
3032 1096 3326 1158 petuntur;

137 1181 456 1245 lnstituens,
489 1179 692 1233 ferrent
721 1186 920 1232 cuncto
953 1178 1079 1231 hinc
1099 1177 1349 1231 solamen
1385 1183 1443 1230 ut
1468 1176 1613 1242 orbi,
1861 1174 1960 1239 Qui
1979 1175 2155 1242 juncti
2185 1175 2414 1230 Domino
2443 1176 2566 1230 coeli
2585 1191 2752 1246 super
2772 1186 2914 1230 astra
2940 1178 3195 1231 sedentes

134 1272 299 1325 Orbis
319 1279 372 1326 et
399 1271 452 1325 in
484 1269 663 1341 capite
693 1275 804 1323 toto
834 1273 1155 1338 peterentur
1185 1265 1254 1319 ab
1285 1265 1436 1321 orbe.
1862 1264 2067 1334 Inclyta
2096 1265 2405 1332 subjectum
2438 1265 2740 1335 disponunt
2760 1266 2885 1334 jura
2916 1283 3011 1336 per
3049 1267 3260 1321 orbem.

1632 1419 1850 1475 CAPUT
1896 1421 1978 1476 IV.

961 1556 1035 1613 De
1061 1557 1284 1614 sanctis
1327 1551 1596 1612 Procesw
1635 1561 1686 1611 et
1719 1553 2094 1611 Martiniano
2127 1561 2305 1628 atque
2339 1554 2620 1612 Luctana.

136 1699 422 1755 Submotis
453 1699 724 1764 Patribus,
761 1703 872 1752 toto
905 1696 1081 1751 vibrat
1107 1712 1255 1750 arma
1286 1705 1550 1765 tyrannus
1862 1695 2036 1764 Atque
2065 1693 2154 1762 pio
2182 1709 2452 1747 venerans
2493 1695 2661 1759 cultu,
2697 1695 2898 1748 Lucina
2921 1695 3144 1764 recepit.

136 1795 196 1846 lu
229 1807 398 1866 grege
433 1800 743 1864 gnatorum,
785 1789 1065 1859 fundoque
1091 1787 1305 1842 auferre
1338 1787 1548 1841 laborat
1861 1781 2042 1836 Gloria
2065 1798 2187 1852 quae
2220 1791 2438 1836 maneat
2470 1790 2737 1836 testantur
2766 1783 2904 1836 mira
2935 1782 3190 1852 sepultis:

136 1887 250 1939 lloc
281 1901 474 1956 genus,
504 1901 534 1938 a
561 1884 709 1938 celsa
737 1883 860 1937 creli
895 1882 1040 1953 quod
1082 1881 1298 1954 origine
1333 1881 1578 1942 ductum,
1861 1872 2018 1926 Poste
2053 1872 2214 1927 levnti
2242 1873 2394 1946 “cegri,
2419 1873 2645 1943 perjuri,
2678 1873 2927 1928 diemone
2960 1873 3118 1943 rapti,

131 1976 314 2044 Seque
337 1989 577 2044 suosque
601 1972 751 2026 videt
775 1971 948 2026 fasces
977 1971 1297 2041 pervadere.
1330 1970 1579 2040 Longum
1789 2014 1830 2044 υ
1863 1966 2025 2019 lloste
2053 1963 2169 2019 fero
2202 1965 2388 2031 vincti,
2420 1973 2731 2020 sanctorum
2767 1967 2887 2019 luce
2919 1965 3081 2019 soluti
3107 1982 3121 2029 ;

131 2014 314 2044 υυιιιω
337 2014 577 2044 “usque
775 2014 948 2026 .......w
977 2014 1062 2041 γυ.
1088 2014 1297 2024 "Nam.
1332 2014 1579 2040 μην...
1863 2014 2021 2019 --πη
2053 2014 2163 2019 --η
2421 2014 2731 2020 -,-----,-,---
2767 2014 2885 2019 ην,
2921 2014 3081 2019 πη--

131 2066 389 2118 Truserat
412 2063 468 2117 in
499 2062 694 2117 vinclis
723 2063 1046 2117 Processum
1077 2068 1131 2115 et
1162 2060 1542 2114 Martinianum
1669 2085 1674 2090 -
1789 2014 1834 2079 Β
1861 2060 2167 2113 Praesentes
2197 2060 2359 2113 rebus
2399 2076 2520 2114 sese
2547 2059 2925 2131 quaerentibus
2955 2059 3087 2130 ipsis

131 2156 416 2221 Paulinus,
441 2172 582 2210 vana
608 2156 674 2209 de
707 2155 992 2209 nobilitate
1022 2152 1328 2224 superbus;
1861 2151 2133 2216 Pandunt,
2164 2168 2328 2206 carne
2356 2151 2475 2206 sitis
2505 2169 2612 2207 non
2637 2169 2916 2223 nunquam
2948 2152 3158 2205 visibus
3185 2150 3402 2204 adsunt.

128 2246 459 2317 Auditisque
489 2246 582 2300 Dei
605 2261 805 2300 nomen
841 2260 966 2299 cum
992 2244 1184 2298 robore
1209 2241 1330 2307 fari,
1859 2243 2010 2298 Dicta
2039 2243 2232 2313 probat
2271 2252 2519 2298 matrona
2552 2245 2669 2315 pias
2701 2245 2940 2299 invisere
2984 2244 3197 2297 tumbas

130 2334 448 2390 Consumtis
481 2333 631 2399 ﬁdei.
665 2334 811 2388 SRXiS
843 2332 1172 2388 οοηιυηάίϐΐ
1200 2348 1295 2386 ora
1862 2340 2060 2404 Sueta;
2095 2340 2391 2412 peregrino
2424 2341 2723 2395 monachos
2753 2341 3006 2394 assistere
3038 2339 3184 2393 cultu

128 2427 407 2491 Jusserat;
437 2429 522 2477 ast
561 2422 638 2476 illi
670 2420 862 2475 laudes
891 2437 1060 2492 super
1091 2422 1296 2473 aethera
1331 2419 1544 2474 tollunt.
1862 2431 1990 2494 Qua;
2023 2447 2275 2495 cernens,
2304 2432 2432 2485 dum
2468 2432 2609 2486 ferre
2643 2441 2815 2502 parat,
2859 2432 3007 2502 capit
3043 2432 3160 2502 ipsa
3198 2429 3475 2490 levamen;

134 2514 374 2568 Affertur
397 2509 671 2582 ιτίροάθηι
702 2525 868 2579 supra
898 2508 1046 2562 δονίδ
1077 2524 1314 2573 aureus;
1348 2507 1430 2561 illi
1548 2596 1555 2597 ί
1861 2523 2135 2577 Promisso
2166 2533 2315 2578 certa
2339 2525 2564 2590 auxilio,
2608 2525 2668 2579 fit
2693 2525 2912 2597 dignior
2941 2533 3086 2587 actu,

135 2603 408 2658 Exscretis
436 2606 705 2673 spargunt
723 2662 726 2664 I
744 2599 1129 2669 tripodemque
1157 2598 1460 2668 Iovemque
1485 2596 1687 2651 salivis.

1863 2614 2014 2668 Scire
2055 2615 2241 2670 datum
2274 2616 2358 2669 cui
2386 2623 2666 2670 venturam
2702 2634 2863 2688 quam
2888 2616 3114 2671 credere
3147 2615 3334 2678 vitam,

140 2693 406 2763 Suspensi
439 2692 732 2762 nervisque
761 2691 974 2745 attracti
1006 2690 1242 2744 fustibus
1275 2689 1445 2743 auctis

1866 2705 2053 2759 Hausit
2079 2706 2406 2776 apostolicas
2427 2707 2706 2762 sitibundo
2733 2709 2851 2762 haec
2883 2707 3084 2761 femina
3101 2706 3268 2761 corde

142 2782 457 2843 Caeduntur,
492 2779 643 2833 lateri
669 2779 906 2833 flamma:
924 2779 1300 2834 accenduntur
1331 2778 1546 2831 edaces.
1866 2795 2172 2856 Doctrinas,
2200 2796 2462 2850 instructa
2500 2796 2702 2867 pioque
2729 2805 2935 2852 sacrata
2959 2797 3196 2861 lavacro,

146 2873 414 2928 Praeclara
446 2872 536 2927 hic
566 2872 750 2926 aderat
783 2871 981 2925 mulier
1011 2871 1214 2924 Lucina
1237 2870 1468 2942 piosque

1864 2885 2139 2939 Justorum
2174 2884 2288 2939 fieri
2313 2901 2541 2940 consors
2571 2887 2800 2940 ardebat
2839 2887 2892 2940 in
2927 2903 3056 2940 usus

141 2964 384 3018 Athletas
412 2962 558 3017 bello
581 2960 794 3015 validos
825 2961 1022 3014 durare
1056 2959 1336 3013 monebat.
1867 2978 2112 3047 Ipsorum
2137 2977 2414 3052 indignos,
2451 2979 2704 3048 praebens
2732 2979 2973 3033 fomenta
3002 2977 3196 3032 labori.

140 3063 285 3122 Quos
316 3056 547 3127 posthac
579 3055 772 3110 iterum
806 3069 1081 3124 appensos
1111 3052 1344 3119 divellit,
1377 3053 1550 3109 acutis

1867 3067 2073 3122 Vinclis
2103 3069 2528 3141 carceribusque
2559 3070 2700 3124 datis
2734 3077 3002 3124 tormenta
3028 3069 3268 3132 levabat;

141 3150 365 3203 Viscera
396 3146 715 3218 PerrOdiens
737 3156 979 3201 “malus
1008 3145 1226 3215 δεοΓΡίο
1261 3145 1401 3200 ιοῘίε-
1865 3158 2010 3213 More
2041 3159 2352 3230 sepulturas
2376 3161 2584 3215 celebri
2612 3162 2809 3216 devota
2839 3161 3096 3232 gerebat:

139 3244 368 3297 Carcere
402 3240 680 3296 contrusis
700 3240 897 3294 iterum
926 3239 1128 3293 Lucina
1157 3238 1450 3292 ministrat.
1869 3250 2017 3305 unde
2049 3253 2301 3306 coronari
2336 3253 2543 3306 meritis
2572 3254 2777 3308 sociata
2801 3254 3015 3324 piorum

140 3336 268 3390 Post
300 3333 541 3388 triduum
570 3332 832 3387 Paulinus
853 3331 1027 3386 hebes
1049 3339 1103 3387 et
1125 3333 1379 3387 daemone
1413 3341 1620 3403 raptus,
1792 3379 1838 3412 ρ
1869 3341 2190 3408 promeruit,
2213 3350 2432 3396 sanctos
2463 3344 2704 3412 pretiosa
2727 3354 2900 3398 mone
2921 3350 3127 3406 secum,

133 3431 355 3493 Tortus,
386 3437 441 3484 et
468 3428 773 3484 exstinctus
803 3428 1023 3483 Letheis
1063 3429 1333 3502 mergitur
1359 3428 1540 3482 undis.
1793 3428 1840 3446 υ
1869 3431 2154 3486 Introitum
2183 3431 2338 3504 regni
2371 3431 2457 3485 cui
2491 3433 2584 3484 dat
2613 3431 2892 3488 confessio
2928 3432 3120 3487 Christi

139 3523 289 3579 Hosti
325 3523 582 3577 virtutum
613 3521 899 3592 praefectus
930 3520 982 3575 id
1017 3521 1224 3574 indicat
1251 3520 1434 3586 urbis;
1868 3528 2042 3596 Atque
2069 3541 2208 3596 Opus
2234 3526 2514 3600 egregium
2543 3525 2670 3580 ﬁdei
2703 3529 2850 3598 quod
2875 3527 3059 3595 junxit
3090 3527 3269 3582 herili.

133 3613 234 3666 Ille
255 3611 420 3680 jubet
449 3609 580 3664 cleri
611 3615 832 3664 sanctos
863 3609 1105 3683 pugione
1137 3608 1287 3664 feriri
1316 3626 1330 3673 ;
1869 3614 2067 3685 Crypta
2089 3614 2375 3669 beatorum
2410 3614 2672 3668 membris
2706 3615 3305 3681 constructalocandis,

133 3703 384 3774 Suscipit
409 3703 508 3757 hos
530 3702 617 3757 via
643 3717 934 3772 percussos
962 3701 1182 3756 Aurelia
1215 3699 1380 3756 ferro.
1869 3705 2075 3760 Devoto
2107 3719 2206 3775 per
2235 3720 2355 3758 eam
2376 3703 2582 3770 studio,
2617 3703 2782 3758 funus
2811 3705 2956 3774 capit
2976 3704 3096 3772 ejus

133 3799 542 3870 Cunctipotens
573 3799 784 3854 animas
810 3799 933 3855 οωιί
956 3799 1253 3870 splendere
1281 3805 1558 3865 venustat,
1871 3793 2082 3848 Ornans
2105 3791 2542 3866 pignoribusque
2565 3790 2768 3864 jugans
2789 3808 2940 3847 sacra
2965 3792 3196 3865 pignora
3226 3793 3413 3848 sacris.

133 3890 383 3960 Corpora
415 3905 541 3944 rure
571 3904 671 3944 suo
697 3905 918 3958 curans,
945 3897 1000 3946 et
1023 3897 1266 3945 aromata
1297 3890 1556 3956 miscens,

1666 4026 1876 4082 CAPUT
1915 4027 1975 4081 V.

1335 4160 1414 4218 De
1453 4161 1678 4232 sanctis
1719 4159 1989 4218 Nazario
2033 4166 2084 4216 et
2127 4160 2307 4216 Celso.

129 4293 402 4350 Traditur
431 4293 546 4348 haec
567 4292 747 4346 rabies
769 4300 986 4347 sanctos
1022 4307 1242 4363 quoque
1265 4291 1622 4358 Mediolanos,
1871 4290 1960 4345 Sic
1986 4289 2208 4343 latuisse
2241 4289 2418 4359 placet
2445 4289 2622 4342 donec
2641 4286 2988 4340 volventibus
3019 4284 3200 4348 annis,

134 4385 452 4449 Nazarium,
487 4383 900 4450 Christo,claris
929 4383 1274 4458 genitoribus
1313 4390 1516 4447 ortum,
1866 4378 2096 4433 Arcadio
2127 4384 2414 4452 regnante,
2450 4377 2574 4446 pius
2605 4377 2694 4446 pia
2727 4391 2953 4429 munera
2986 4373 3180 4442 praesul

131 4483 211 4531 Ac
244 4489 479 4544 puerum
515 4473 751 4540 Celsum,
785 4474 949 4547 digne
977 4489 1138 4543 quem
1173 4473 1363 4528 nutriit
1393 4473 1535 4544 ipse,
1865 4466 2207 4534 Ambrosius,
2231 4466 2460 4521 Domino
2485 4466 2599 4519 hzec
2615 4465 2836 4519 sibimet
2868 4463 3156 4534 prodente,
3179 4461 3395 4515 levavit.

133 4567 212 4620 De
238 4563 457 4617 feritate
491 4561 642 4616 necis
671 4562 934 4616 caelorum
965 4562 1034 4616 ad
1063 4578 1232 4636 regna
1265 4563 1473 4618 tulisse.
1870 4558 2020 4611 Tunc
2051 4572 2275 4636 quoque
2300 4556 2510 4610 Nazarii
2542 4562 2664 4625 post
2695 4553 2859 4626 longa
2890 4551 3170 4607 volumina
3199 4550 3354 4614 solis,

130 4652 354 4709 Nazarii
384 4659 612 4706 matrem
646 4651 1014 4706 Petrus'almo
1047 4633 1265 4727 gurgite
1293 4653 1452 4708 tinxit
1787 4688 1845 4754 D
1874 4650 1936 4705 l't
1966 4651 2185 4704 tandem
2216 4633 2364 4720 patet
2397 4657 2585 4722 egesta
2615 4647 2806 4701 tellure
2837 4644 3174 4715 sepulcrum,

131 4748 498 4815 Perpetuam,
532 4753 721 4798 sancto
755 4744 1004 4798 Clemens
1037 4743 1182 4797 hunc
1215 4744 1363 4799 fonte
1396 4744 1564 4815 piavit
1787 4734 1843 4754 ”
1871 4743 1962 4796 Sic
1987 4750 2146 4798 tener
2171 4750 2335 4814 atque
2360 4758 2551 4796 recens
2574 4740 2800 4796 recubat
2826 4755 2946 4793 cum
2973 4752 3203 4807 corpore
3233 4734 3482 4809 sanguis,

134 4839 316 4902 Quem
348 4843 615 4905 torquens
645 4835 909 4889 Anolinus
941 4842 1115 4902 atrox,
1148 4843 1201 4889 et
1229 4836 1463 4890 carceris
1485 4836 1584 4890 atri
1873 4833 1978 4886 llac
1999 4833 2253 4906 jugulum
2280 4839 2560 4886 reserante
2590 4830 2677 4883 die
2709 4827 2937 4883 diffusus
2967 4836 3026 4880 ut
3056 4841 3223 4889 ense;

132 4933 272 4984 (lum
308 4933 500 4981 sancto
533 4925 779 4980 afficiens
813 4927 978 5001 longo
1013 4928 1266 4998 squalore
1297 4927 1523 4994 cliente,
1867 4923 2155 4978 Vermibus
2183 4924 2410 4978 illaesum
2444 4930 2606 4994 caput
2633 4923 3011 4990 intactumque
3043 4924 3315 4989 repertum
3343 4933 3357 4981 ;

132 5023 365 5080 Crudeli
406 5021 631 5076 tandem
661 5023 948 5077 emeritum
973 5038 1234 5077 mucrone
1258 5023 1512 5078 trucidat.
1866 5015 2006 5070 Pexa
2038 5016 2230 5069 levatis
2262 5015 2431 5068 barba
2462 5015 2699 5085 lotisque
2730 5013 2968 5082 capillis,

131 5117 381 5172 Membra
413 5114 594 5168 dicata
627 5113 700 5182 pii
742 5113 884 5170 furto
918 5131 1150 5185 rapuere
1173 5113 1344 5181 fideli,
1864 5113 2129 5182 Tempore
2161 5110 2527 5180 compositum
2553 5109 2719 5164 veluti
2752 5109 3014 5163 reniteret
3041 5107 3258 5171 eodem,

129 5205 577 5274 Romuleamque
609 5209 762 5257 extra
793 5211 1002 5274 portam
1029 5205 1096 5259 de
1129 5204 1352 5260 nomine
1384 5204 1582 5260 dictam
1865 5203 2148 5259 Nectarius
2179 5201 2455 5277 fragrabat
2484 5203 2662 5256 honos
2695 5208 2754 5256 ut
2784 5201 3266 5256 vinceretomnem

135 5302 196 5354 In
233 5295 479 5369 propriis
505 5295 797 5360 tumulant,
827 5296 960 5365 ipsis
985 5298 1356 5365 hortantibus,
1381 5298 1590 5354 hortis:
1876 5297 2064 5353 Messis
2082 5295 2391 5352 aromaticae
2418 5293 2746 5349 cumulatam
2771 5293 3020 5366 germine
3040 5307 3302 5346 massam:

131 5387 450 5440 “lustratur
479 5381 628 5437 θηίῐη
670 5383 800 5437 νίδίε
831 5385 1112 5440 Αοθιᾶΐὶιιδ
1142 5386 1267 5440 allis
1874 5394 2120 5448 Pandent
2146 5394 2293 5447 hunc
2319 5390 2512 5446 Christi
2541 5389 2845 5461 spiramina
2873 5389 3040 5461 digna
3082 5388 3286 5443 tulisse.

128 5475 346 5550 Dignus
380 5471 450 5524 ad
484 5470 538 5524 id
568 5470 740 5537 visus,
773 5473 860 5527 cui
891 5473 1439 5546 Fortunatajugalis:

1871 5488 2164 5542 Inveniunt
2187 5495 2350 5542 etiam
2383 5484 2638 5541 comitem
2669 5482 3177 5554 pueriliavmembra

133 5567 272 5622 lluic
294 5579 425 5620 mox
456 5561 744 5616 insinuant
773 5565 898 5618 caesi
933 5581 1031 5619 sua
1062 5581 1293 5636 corpora
1323 5573 1512 5630 testes,
1867 5576 2191 5648 Lecticaque
2221 5575 2426 5642 rerum,
2456 5581 2668 5644 ponunt,
2698 5581 3013 5628 reverenter
3038 5572 3093 5626 in
3123 5571 3240 5626 aede

129 5660 596 5733 Prwcipiuntque
625 5657 768 5714 levet
803 5661 973 5716 crudo
1003 5661 1328 5716 occultanda
1361 5662 1566 5729 furori;
1865 5664 2012 5719 Juris
2053 5665 2339 5735 apostolici
2371 5665 2510 5720 festo
2548 5662 2652 5719 sud
2684 5663 2894 5719 honore
2917 5661 3112 5715 dicata.
