3970 6200
416 3007 422 3011 ’
526 2985 706 3040 Exsilii
739 2983 976 3047 cladem,
1013 2980 1199 3052 patriae
1232 2979 1576 3034 convincitur
1606 2977 1815 3031 hostis:

475 319 580 377 607
1231 315 1598 371 FLODOARDI
1641 310 1942 368 CANONlCl
1987 307 2318 365 REMENSIS
2359 301 2695 361 OPUSCULA
2737 298 3042 355 METRICA.

1979 464 2196 520 CAPUT
2236 463 2324 516 Vl.

1536 573 1612 632 De
1641 571 1917 631 vindicta
1949 569 2308 629 Neroniana»
2333 563 2780 642 persecutionis.

2121 687 2172 753 Α
2201 683 2490 737 Servorum
2513 678 2710 735 Christi
2731 691 3023 748 procerum
3051 689 3186 730 nece
3220 674 3392 730 Roma
3423 689 3659 730 suorum
3686 691 3699 727 :

2204 772 2279 825 Et.
2302 785 2423 842 quae
2451 768 2713 840 primates
2739 765 2926 836 superi
2956 763 3258 819 saevissima
3283 763 3464 817 cultus

2206 859 2480 922 Punierat,
2515 873 2703 929 regum
2735 855 2963 926 punitur
2985 853 3137 910 caede
3171 869 3475 908 novorum:

2208 953 2447 1020 Quaeque
2484 949 2586 1004 sub
2607 949 2850 1003 adventu
2880 946 3024 1000 Petri
3055 944 3318 1000 divinitus
3347 961 3500 998 arma

2207 1041 2546 1110 Torpuerant
2580 1037 2742 1092 civile
2773 1034 2929 1090 nefas
2956 1034 3266 1088 minitantia
3299 1049 3513 1105 pressa,

2211 1130 2422 1185 Sanctis
2449 1127 2723 1200 supplicio
2755 1125 2997 1191 afflictis,
3032 1124 3392 1195 patribusque
3421 1124 3661 1188 necatis,

2219 1222 2504 1277 Permissis
2535 1220 2719 1291 patulo
2753 1219 2926 1273 frenis
2956 1216 3310 1287 lymphantur
3341 1216 3394 1270 in
3420 1215 3578 1281 orbe,

2220 1313 2455 1369 Diversis
2489 1319 2544 1366 ut
2575 1319 2724 1366 mota
2745 1310 2923 1384 plagis
2961 1308 3137 1363 flabra
3158 1324 3284 1362 aera
3314 1307 3556 1378 pulsant.

2222 1405 2474 1459 Ediderat
2496 1402 2772 1473 siquidem
2801 1398 3090 1454 confestim
3122 1397 3381 1468 Hispania
3410 1396 3634 1450 Galbam
3659 1415 3676 1458 ;

2221 1500 2335 1564 Quo
2365 1514 2558 1569 presso
2589 1494 3044 1567 consurgitOtho,
3079 1493 3416 1562 Romamque
3447 1499 3743 1553 cruentat;

2223 1590 2521 1642 Germanos
2552 1587 2696 1640 inter
2725 1583 3015 1653 Gallosque
3055 1581 3304 1635 Vitellius
3336 1580 3444 1634 exit
3471 1600 3484 1632 ι

2223 1678 2590 1747 Vespasianus
2610 1675 2755 1746 apud
2789 1673 2999 1743 Syriam
3033 1687 3155 1726 mox
3191 1680 3406 1738 sceptra
3439 1670 3708 1741 capessit,

2226 1772 2286 1825 Hi
2317 1769 2481 1824 simul
2514 1767 2760 1838 imperiis
2791 1782 2986 1820 omnes
3019 1765 3356 1818 bacchantur
3385 1770 3441 1816 et
3469 1762 3662 1816 armis,

2228 1865 2472 1917 Romano
2503 1861 2672 1914 luitur
2700 1866 3015 1912 sanctorum
3050 1856 3324 1929 sanguine
3356 1855 3609 1927 sanguis,

2237 1956 2296 2010 Et
2325 1969 2488 2009 cruor
2517 1951 2793 2007 almifluus
2823 1956 3106 2025 grassante
3136 1963 3331 2003 cruore
3364 1947 3566 2017 piatur,

2155 2005 2202 2072 Β
2238 2043 2553 2099 Monstravit
2579 2005 2857 2112 quondan'i
2891 2040 3120 2113 [Egypto
3144 2005 3411 2108 pereunte
3435 2035 3711 2107 profusus.

2240 2135 2296 2189 ld
2327 2133 2553 2206 sanguis
2579 2131 2822 2192 laticum,
2857 2129 3048 2182 teritur
3075 2128 3205 2180 dum
3236 2126 3469 2180 verbere
3492 2125 3675 2195 primo

2239 2233 2294 2285 In
2330 2231 2592 2301 populum
2635 2226 2930 2282 furibunda
2965 2225 3058 2279 Dei
3093 2225 3450 2295 praesumptio
3483 2223 3680 2293 prima.

2238 2323 2495 2379 Providet
2524 2330 2578 2376 at
2609 2320 2870 2376 Dominus
2894 2317 3113 2373 famulis
3145 2327 3272 2371 tunc
3295 2315 3518 2370 turbine
3550 2316 3707 2369 tactis

2240 2413 2448 2467 Excidit
2468 2418 2545 2467 tot
2575 2411 2720 2465 bella
2743 2425 3002 2481 promens
3031 2406 3300 2462 solamina
3333 2406 3505 2469 tanti;

2238 2506 2375 2560 Hzec
2396 2521 2581 2577 neque
2609 2519 2707 2574 per
2727 2510 2919 2565 terras,
2941 2516 3037 2571 per
3061 2515 3233 2571 aquas
3255 2497 3515 2551 diuturna
3540 2512 3736 2570 vagare

2239 2598 2490 2663 Dimittit,
2525 2595 2667 2651 facili
2701 2592 2995 2648 moderans
3027 2591 3160 2662 quin
3195 2605 3330 2660 pace
3357 2587 3602 2642 retundi.

2310 2685 2526 2740 Tertius
2558 2681 2774 2752 imperii
2817 2681 2981 2733 finem
3016 2680 3109 2732 dat
3141 2677 3345 2731 mensis
3365 2675 3598 2730 Othoni:

2243 2775 2376 2828 Dum
2399 2771 2543 2828 vinci
2572 2785 2864 2840 spernens,
2896 2768 3179 2839 preprium
3210 2765 3314 2820 sibi
3346 2762 3621 2837 transfigit
3651 2776 3846 2818 ensem,

2243 2868 2461 2926 Restitit
2491 2865 2582 2920 hic
2613 2864 2808 2927 victor,
2835 2860 3120 2931 subiitque
3146 2857 3395 2913 Vitellius
3426 2856 3665 2919 Urbem;

2243 2966 2365 3031 Qui,
2381 2964 2512 3018 dum
2526 2960 2690 3015 vitam
2723 2956 3007 3012 hominum
3028 2951 3268 3025 ingluvie
3292 2949 3644 3021 prOpriisque
3660 2947 3772 3013 (sic)
3789 2943 3854 2998 fa-

2242 3051 2520 3123 Comperit
2553 3056 2610 3103 ut
2640 3047 2815 3101 fasces
2843 3041 3095 3097 attollere
3122 3039 3544 3110 Vespasianum,
3694 3036 3850 3108 [tigat,

2246 3147 2455 3201 Ponere
2485 3136 2805 3212 praesumpti
2847 3131 3242 3189 moderaminis
3271 3135 3424 3200 Optat
3455 3128 3723 3183 habenas.

2251 3235 2384 3289 Hinc
2409 3231 2682 3287 animatus
2710 3226 2778 3280 ad
2810 3225 2915 3279 hoc
2953 3222 3080 3285 urit,
3116 3218 3450 3292 perimitque
3481 3215 3743 3270 Sabinum

2203 3375 2226 3396 η
2251 3327 2489 3380 Fratrem
2520 3334 2642 3374 cum
2683 3315 2848 3372 sociis
2888 3313 2941 3367 in
2970 3311 3243 3384 sanguine
3269 3307 3618 3379 Vespasiani,

2251 3419 2395 3482 Quos
2427 3410 2730 3485 Capitolino
2759 3408 2906 3482 cogit
2934 3405 3169 3476 flagrare
3201 3402 3440 3458 camino.

2253 3508 2378 3562 Post
2408 3502 2574 3559 modo
2594 3499 2793 3554 militia
2818 3499 3076 3552 desortus
3105 3508 3316 3564 speque
3338 3489 3585 3552 relictus,

2255 3602 2514 3658 Claustris
2541 3596 2799 3653 eximitur
2818 3591 2991 3655 cellae,
3019 3587 3361 3658 trahiturque
3389 3584 3644 3644 moleste,

2256 3697 2427 3767 Inque
2457 3691 2635 3747 forum
2668 3687 2852 3741 nudus
2880 3700 3002 3738 cum
3035 3679 3294 3736 stercoris
3325 3678 3533 3746 impete
3564 3680 3766 3744 raptus,

2255 3788 2454 3843 Octavo
2486 3797 2716 3855 regnum
2743 3778 2891 3834 vitiis
2920 3793 3043 3832 cum
3076 3789 3268 3828 mense
3299 3777 3572 3844 gravaret,

2260 3882 2462 3937 Ictibus
2493 3875 2701 3932 interiit
2732 3871 2942 3928 crebrls
2959 3865 3398 3928 excarniﬁcatus,

2258 3973 2432 4041 Atque
2462 3981 2606 4021 unco
2637 3970 2840 4019 tractus
2867 3957 3138 4015 Tiberinis
3163 3952 3435 4029 mergitur
3465 3948 3648 4005 undis.

485 718 689 785 lnjuste
720 715 960 768 innocuo
989 716 1301 766 sanctorum
1333 708 1602 783 sanguine
1634 706 1774 773 fuso,

483 807 700 862 Judicio
730 805 917 859 divina
951 818 1073 858 reos
1100 801 1226 856 ferit
1255 801 1390 855 ultio
1431 800 1634 872 digno;

485 898 596 950 Nec
625 895 791 949 dilata
827 893 982 948 sedet
1010 892 1234 945 tardans
1269 890 1323 943 in
1346 896 1592 958 tempora
1621 887 1806 960 longa,

487 994 560 1047 Ne
588 992 750 1062 lupus
781 991 872 1043 ille
894 989 1041 1043 ferus
1073 995 1295 1041 teneros
1317 985 1598 1040 exulceret
1631 999 1826 1057 agnos,

488 1085 548 1138 Et
578 1088 814 1136 vastator
852 1087 1004 1134 atrox
1029 1077 1261 1132 necdum
1294 1075 1576 1130 molimine
1611 1073 1769 1129 firmo

490 1175 750 1229 Radicum
782 1173 1015 1227 solidata
1045 1172 1179 1226 satis
1218 1169 1484 1241 plantaria
1513 1169 1697 1222 vellat.

490 1263 702 1317 Sanctis
725 1263 843 1315 luce
873 1260 1148 1315 coronatis
1179 1259 1510 1313 damnantur
1544 1256 1740 1327 iniqui.

496 1352 748 1422 Undique
778 1351 972 1405 oborta
1007 1350 1145 1411 lues,
1183 1346 1381 1401 Urbem
1409 1345 1650 1400 vindicta
1691 1343 1903 1416 fatigat,

497 1445 654 1496 Arma
693 1457 933 1512 superna
965 1440 1170 1504 ferens,
1203 1437 1448 1508 liquidus
1478 1435 1848 1504 corrumpitur
1869 1448 1981 1495 aer,

500 1531 747 1586 Exoritur
775 1530 946 1601 pestis
980 1527 1146 1582 nullis
1173 1526 1443 1597 :rquanda
1474 1523 1769 1593 chelydris,

499 1627 736 1694 Corpora
768 1621 1071 1677 conficiens
1102 1623 1250 1675 lento
1294 1618 1588 1690 liquefacta
1617 1631 1831 1671 veneno
1858 1633 1872 1679 ;

503 1711 764 1767 Pestifera
796 1728 928 1765 aura
960 1711 1088 1776 ruit,
1121 1709 1413 1780 campique
1456 1717 1514 1762 ct
1541 1707 1686 1761 celsa
1719 1705 2015 1776 Cyc10pum

499 1807 659 1860 Tecta
687 1804 996 1874 superiecto
1027 1801 1351 1856 nebularum
1375 1808 1613 1854 uruntur
1644 1797 1871 1852 amictu.

506 1896 782 1950 Labuntur
811 1895 1091 1948 sceleratae
1121 1893 1339 1957 animae,
1373 1907 1520 1946 mors
1549 1889 1719 1944 millia
1749 1888 1920 1942 vincit

508 1986 846 2058 Fungentum
883 1990 965 2037 ter
993 1985 1165 2048 dena;
1198 1982 1301 2035 sibi
1335 1981 1572 2035 Libitina
1604 1979 1807 2034 dicavit

508 2077 747 2148 Oppida:
775 2077 1049 2130 Romanas
1078 2074 1348 2129 nonnulla
1379 2073 1616 2128 colentia
1649 2073 1800 2145 leges

511 2169 768 2223 Cladibus
794 2185 857 2222 ac
889 2167 1060 2222 nimio
1087 2167 1252 2222 caedis
1279 2167 1505 2221 horrore
1530 2161 1841 2220 terunttur!

512 2261 732 2331 Magnas
759 2259 1026 2313 Armeniae
1055 2259 1258 2330 patrias
1291 2256 1602 2326 respublica
1633 2254 1844 2326 perdit;

512 2352 761 2406 Parthica
797 2352 1051 2406 Romana!
1084 2351 1331 2425 legiones
1354 2349 1456 2403 sub
1479 2349 1611 2420 juga
1650 2347 1852 2409 missae,

515 2442 688 2496 Urbes
714 2441 976 2512 quasdam
1012 2441 1147 2494 Asia).
1179 2440 1373 2493 sternit
1396 2437 1687 2492 concussio
1721 2445 1918 2499 terrae;

516 2537 623 2591 Nec
656 2535 882 2588 nimium
908 2534 1103 2588 claudo
1126 2530 1592 2603 insequiturpede
1621 2545 1782 2600 pcena
1809 2536 2130 2599 tyrannum:

520 2626 653 2679 llinc
682 2624 934 2694 Hispanis
967 2624 1188 2676 Galbam
1219 2621 1312 2693 qui
1345 2619 1614 2689 comperit
1651 2619 1764 2673 oris

518 2715 718 2768 Militiae
749 2712 1050 2784 sumpsisse
1080 2711 1212 2765 viris
1242 2710 1547 2763 diademata
1579 2708 1754 2782 regni,

521 2807 753 2876 Sprevit,
782 2813 1009 2874 atroque
1032 2802 1216 2856 animo
1250 2809 1506 2870 totusque
1537 2798 1604 2854 ad
1629 2800 1848 2854 Tartara
1869 2798 2062 2867 vergit,

524 2897 772 2967 Dumque
805 2892 1183 2948 incredibilem
1219 2891 1381 2944 rebus
1410 2889 1765 2960 patribusque
1793 2887 2019 2942 revolvit

523 3074 785 3128 Praedicat
817 3071 870 3124 id
903 3068 1117 3142 vulgus,
1148 3069 1352 3141 gaudet
1381 3066 1627 3120 sanxisse
1658 3071 1927 3119 senatum.

524 3163 763 3217 Territus
794 3161 884 3214 ille
907 3167 1076 3220 metu,
1112 3159 1408 3229 lapsusque
1439 3174 1502 3212 ex
1543 3157 1681 3211 urbe
1713 3157 1996 3227 probrose,

531 3255 772 3324 Cumque
804 3249 1105 3326 ignominia
1137 3250 1354 3322 fugiens
1371 3248 1694 3303 deformiter
1723 3249 1850 3309 alta,

534 3347 667 3399 Dum
700 3346 852 3399 timet
885 3343 1076 3398 arctari
1109 3341 1446 3412 meritasque
1479 3339 1792 3410 expendere
1825 3354 2036 3408 pomas,

534 3437 688 3500 Quod
721 3435 1256 3506 superestscelerum
1285 3446 1693 3495 consummans,
1719 3426 2007 3482 transfodit
2031 3427 2147 3496 ipse

535 3528 602 3580 Se
636 3525 856 3596 proprio
881 3525 1048 3579 lectas
1080 3538 1382 3594 properans
1407 3536 1670 3574 mucrone
1701 3519 1802 3572 sub
1836 3518 2078 3584 umbras,

537 3618 902 3688 Caesaremque
934 3614 1152 3669 labente
1185 3613 1330 3666 labat
1361 3626 1469 3681 quo
1500 3609 1680 3680 gentis
1707 3608 1884 3681 origo.

607 3707 727 3762 Mox
777 3706 942 3760 Galba
981 3703 1303 3764 adveniens,
1362 3706 1642 3768 comperta
1691 3704 1865 3752 morte
1907 3694 2150 3760 nefandi,

541 3801 707 3855 Laedit
736 3799 963 3855 avaritia
989 3814 1052 3852 ac
1083 3796 1225 3866 turpi
1259 3801 1478 3862 torpore
1509 3791 1750 3856 Quirites

542 3894 666 3949 Post
697 3894 916 3948 demum
949 3891 1161 3962 imperii
1195 3902 1358 3942 senos
1385 3885 1452 3938 ab
1480 3885 1691 3954 Othone
1725 3892 2047 3953 peremptus

540 3983 672 4038 Cum
712 3983 844 4037 Caro
875 3995 1094 4035 menses
1124 3976 1310 4048 periit,
1335 3972 1533 4028 Pisone
1567 3980 1786 4040 recepto

543 4077 602 4131 ιη
634 4075 787 4148 regni
827 4073 1091 4148 gnatique
1119 4072 1338 4125 throno.
1366 4069 1487 4123 Luit
1516 4067 1683 4138 impia
1705 4063 1884 4120 caedes

2025 4168 2234 4224 CAPUT
2280 4165 2392 4220 Vll.

1709 4266 1784 4324 De
1813 4262 2064 4341 imperio
2105 4257 2450 4340 Vespasiani
2479 4261 2531 4313 et
2565 4248 2706 4311 Titi.

542 4394 889 4465 Tempestate
921 4398 1274 4461 tyrannorum
1306 4399 1410 4440 ceu
1443 4381 1591 4436 nube
1619 4377 1876 4451 procellae

545 4486 821 4552 Discussa,
849 4483 969 4538 miti
999 4481 1102 4536 sub
1137 4477 1387 4552 principe
1419 4473 1756 4546 Vespasiano

545 4575 785 4631 Turbine
817 4580 1032 4646 pacato,
1053 4568 1245 4625 mundi
1275 4567 1491 4622 rediere
1520 4579 1736 4618 serena.

552 4670 784 4724 Sedatur
804 4682 1057 4739 regnum,
1087 4663 1287 4717 mulcta
1316 4659 1631 4730 plectuntur
1661 4663 1714 4709 et
1741 4651 1904 4720 hujus

555 4763 766 4817 Hostes.
811 4758 1120 4829 Dispulerat
1144 4752 1330 4825 superi
1363 4751 1458 4822 qui
1487 4746 1728 4802 numinis
1755 4746 1962 4808 hostes,

557 4851 770 4923 Quique
802 4847 897 4903 Dei
932 4845 1104 4901 Prolis
1135 4859 1232 4915 per
1252 4841 1462 4912 prolem
1493 4836 1637 4891 bella
1660 4833 1951 4923 ministrat,

557 4942 658 4996 Per
677 4921 894 4996 Domini
924 4937 1155 4991 Gnatum
1183 4946 1306 4987 cum
1333 4933 1502 5003 gnato
1540 4941 1712 4999 regna
1733 4921 2058 4993 triumphat;

562 5031 624 5084 Et
650 5030 778 5084 licet
793 5027 1007 5101 ignoret
1026 5039 1124 5095 per
1152 5036 1316 5094 quem
1339 5017 1445 5072 sibi
1465 5015 1594 5070 talia
1625 5014 1862 5076 dentur;

562 5119 672 5175 Sed
697 5097 848 5173 videt
865 5113 1008 5170 haud
1038 5113 1161 5168 sine
1180 5109 1231 5164 vi
1263 5123 1464 5180 supera
1479 5103 1588 5159 sibi
1617 5109 1770 5158 tanta
1801 5097 2023 5172 patrari.

563 5211 904 5284 Astipulante
935 5224 1036 5264 suo
1067 5222 1178 5263 non
1221 5205 1335 5258 haec
1365 5215 1464 5256 sua
1490 5196 1677 5270 praelia
1697 5195 1840 5262 Tito,

565 5281 694 5366 Quae
734 5317 832 5372 per
859 5315 984 5354 eum
1017 5298 1073 5352 in
1117 5293 1383 5368 reprobos
1413 5288 1604 5344 mundi
1635 5288 1917 5372 Regnator
1961 5281 2176 5372 agebat.

2261 4374 2438 4442 Atque
2471 4361 2872 4432 triumphantes
2903 4352 3106 4426 pariter
3133 4348 3451 4405 colerentur
3480 4343 3548 4397 ab
3581 4340 3714 4442 orbe

2265 4429 2496 4529 Insuper
2523 4429 2802 4508 adduntur
2831 4441 3073 4500 dominis
3101 4438 3382 4496 adduntur
3409 4435 3654 4490 honores
3676 4429 3862 4500 (169%;

2262 4525 2432 4609 Janus
2455 4546 2600 4603 enim
2629 4541 2886 4617 geminus
2915 4535 3077 4590 bellis
3101 4531 3396 4588 cohibetur
3413 4525 3645 4590 abactis,

2265 4642 2442 4712 Atque
2471 4639 2546 4692 ita
2573 4651 2676 4707 pax
2706 4638 2820 4687 toto
2859 4643 2984 4683 mox
3015 4618 3483 4712 promulgatur‘in
3522 4617 3680 4672 orbe.

2270 4733 2334 4786 Ut
2350 4705 2562 4783 Ghristo
2574 4705 2835 4778 servetur
2855 4719 3033 4773 honos
3056 4714 3226 4778 idem,
3257 4705 3512 4763 hostibus
3536 4705 3673 4767 ulto,

2270 4821 2370 4889 Qui
2402 4821 2618 4875 delatus
2643 4814 2691 4870 ei
2725 4813 2930 4868 dudum
2955 4810 3034 4864 de
3061 4805 3275 4880 virgine
3307 4808 3458 4866 nato,

2271 4917 2460 4972 Gliscit
2490 4914 2547 4969 in
2564 4913 2893 4967 immensum
2926 4903 3056 4959 belli
3087 4901 3209 4956 sine
3237 4897 3461 4952 turbine
3493 4907 3744 4965 regnum.

2279 5008 2412 5063 Cum
2443 5004 2600 5076 Syria
2622 4999 2849 5055 Rhodus
2884 5002 3048 5066 atque
3077 4992 3271 5045 Samos
3299 4992 3353 5041 et
3382 4983 3591 5039 Achaia
3621 4987 3732 5036 tota

2280 5098 2528 5162 Thracia,
2560 5094 2950 5166 Commagene,
2978 5082 3233 5156 Byzantia
3260 5095 3386 5134 rura
3415 5076 3644 5132 subacta

2283 5190 2557 5244 Romanos
2587 5182 2730 5238 ultro
2757 5177 3014 5234 dominos
3042 5174 3304 5247 legesque
3335 5171 3653 5237 capessunt.

2280 5278 2567 5344 Pacificus,
2604 5277 2728 5346 pius
2765 5279 2820 5326 et
2857 5267 3006 5324 mitis
3036 5273 3158 5337 post
3188 5258 3590 5331 Vespasianum

565 5353 1214 5462 Si'cquetriumphando
1253 5382 1497 5439 subeunt
1547 5353 1746 5432 decus-
1767 5353 2009 5443 auspice
2031 5368 2181 5424 nullo
2284 5373 2453 5431 Filius
2479 5367 2726 5439 ejusdem
2757 5363 2910 5418 Titus
2938 5360 3059 5415 sine
3092 5353 3368 5427 sanguine
3397 5355 3612 5424 regnat.

565 5461 732 5539 Retro
774 5479 1040 5537 celebrari
1077 5493 1175 5550 per
1218 5475 1421 5531 saecula
1469 5475 1668 5526 cuncta
1701 5463 1966 5536 triumphi
2011 5461 2176 5533 (169),

567 5572 633 5628 Ut
659 5581 816 5645 pater
844 5578 899 5627 et
936 5569 1157 5645 genitus
1193 5580 1356 5622 curru
1386 5561 1719 5620 veherentur
1747 5555 1965 5616 eodem,

2285 5470 2618 5535 Pacatusquc
2641 5461 2779 5515 nitet
2810 5453 3002 5512 Christi
3035 5447 3336 5506 virtutibus
3369 5443 3539 5500 orbis.

645 5719 786 5786 (169)
815 5720 944 5794 Post
981 5721 1347 5794 expugnatam
1368 5707 1813 5794 ﬂierosolymjam
1846 5704 2181 5794 triumphum
2283 5701 2479 5794 (Ιίξιξιίξιίἱ

578 5775 809 5860 egerunt
856 5775 1221 5853 Vespasiarius
1268 5790 1324 5837 et
1368 5780 1542 5842 Titus,
1597 5775 1746 5846 quod
1802 5781 1966 5828 antea
2015 5775 2177 5826 inau-

2356 5769 2532 5840 (tGQ‘)
2549 5766 2638 5822 Sic
2667 5763 2842 5820 codex
2868 5763 3120 5825 uterque.
