3970 6200
131 400 247 451 ιὶΟΩ
771 395 851 449 DE
891 392 1146 447 CHRISTI
1186 391 1546 447 TRIUMPHIS
1586 392 1756 447 APUD
1799 392 2061 448 ITALIAM
2105 394 2278 449 LIBRI
2318 392 2450 449 XIV.
2493 425 2562 435 —
2603 395 2726 449 LIB.
2773 397 2809 449 Ι.
3366 399 3473 453 610

1607 543 1818 598 CAPUT
1867 546 2003 600 VIII.

1514 650 1591 710 De
1635 654 1776 712 Lino
1821 663 1871 712 et
1918 654 2096 713 Cleto.

142 792 398 865 Magnum
434 799 555 862 post
575 790 793 844 Petrum
818 788 981 842 Linus
1013 787 1268 842 Ecclesiae
1299 788 1655 842 moderamen
1790 796 1834 861 Α
1865 791 2229 863 Martyrioquc
2267 803 2560 851 coronatus
2600 814 2767 869 super
2787 806 2930 855 astra
2963 803 3207 857 recessit.

143 886 397 956 Disponit
428 886 632 951 Romae,
665 901 828 956 quem
873 884 1064 937 Petrus
1094 883 1376 953 apostolus
1399 882 1516 953 ipse
1865 882 1925 935 At
1957 882 2047 952 pia
2080 884 2323 937 membra
2356 886 2431 954 pii
2460 888 2727 942 membris
2754 891 3080 958 suntjuncta
3102 892 3367 965 magistri.

145 976 463 1031 Pontificem
495 976 699 1047 pariter
716 991 838 1029 cum
871 974 1020 1029 Cleto
1052 975 1155 1028 hoc
1175 974 1298 1041 jure
1327 979 1584 1037 sacrarat,
1867 973 2048 1028 Cletus
2088 975 2154 1028 ab
2187 976 2313 1029 inde
2344 993 2587 1049 sequens
2618 979 2814 1035 Christi
2846 982 3252 1053 disponitovile

142 1069 458 1122 Tractarent
488 1066 708 1137 populis
738 1066 876 1120 sacri
918 1071 977 1119 ut
1016 1064 1277 1135 mysteria
1304 1064 1434 1119 doni
1467 1081 1480 1129 ;
1869 1065 2111 1119 Bissenis
2135 1074 2257 1137 post
2288 1068 2436 1123 hunc
2471 1071 2725 1125 residens
2754 1072 3097 1128 sollemniter
3121 1076 3302 1141 annis,

150 1162 273 1230 Ipse
296 1175 496 1214 vacans
529 1158 787 1229 precibus
817 1158 966 1211 licite
996 1158 1277 1227 verboque
1309 1156 1502 1211 salutis
1864 1154 1997 1207 Dum
2022 1170 2278 1208 crescens
2304 1157 2571 1211 scelerum
2602 1160 2888 1215 molimine
2921 1163 3289 1226 Domitianus,

146 1248 317 1301 Totus
348 1246 399 1299 in
431 1247 686 1321 augenda
716 1246 965 1320 vigilaret
993 1246 1152 1316 plebe
1194 1245 1430 1315 piorum.
1870 1243 1925 1296 In
1961 1243 2175 1297 Domini
2204 1252 2383 1298 movet
2414 1262 2565 1301 arma
2591 1264 2812 1321 gregem
2841 1266 3122 1319 parsszeva
3146 1251 3374 1305 Neronis
3399 1268 3413 1315 ;

152 1343 249 1396 Hic
279 1343 445 1396 Linus
487 1341 781 1396 Ecclesium
818 1341 1096 1394 illustrans
1124 1340 1375 1411 exempla
1404 1345 1624 1394 secutus
1870 1331 2122 1402 Martyrio
2154 1331 2374 1387 functus
2398 1334 2499 1388 sub
2530 1352 2638 1406 quo
2668 1340 2943 1393 concessit
2976 1340 3030 1392 in
3054 1342 3306 1394 aethram.

155 1434 373 1508 Egregii
403 1434 577 1489 Patris
606 1434 1074 1505 praeceptorisque
1112 1433 1281 1499 beati,
1872 1424 2004 1479 Ossa
2034 1422 2194 1479 beata
2234 1426 2375 1481 Petri
2411 1428 2622 1483 tumulo
2642 1429 2847 1484 sociata
2874 1431 3142 1485 locantur.

1654 1556 1863 1613 CAPUT
1916 1554 2011 1609 IX.

993 1666 1070 1725 De
1097 1665 1419 1741 discipulis
1446 1662 1853 1740 apostolorum
1890 1667 1942 1716 et
1971 1658 2040 1717 de
2068 1669 2274 1720 sancto
2306 1662 2675 1738 Apollinare.

1801 1796 1847 1863 Β
1871 1791 1979 1847 Nec
2021 1792 2164 1848 ferre
2188 1810 2374 1849 curam
2397 1795 2976 1852 diﬂ‘eruntdidascalo.

1880 1883 1983 1936 Sex
2011 1884 2282 1938 mensium
2316 1892 2436 1955 post
2468 1886 2691 1941 evoluto
2724 1887 2954 1941 cardine

1878 1975 1989 2028 Viri
2021 1976 2321 2030 eminentis
2345 1977 2546 2031 nobilis
2587 1978 2875 2044 Bonifacii,

1880 2065 2042 2135 Cujus
2072 2068 2317 2139 leporem
2349 2068 2519 2139 pestis
2547 2086 2689 2143 aegra
2711 2070 3045 2141 dempserat,
3078 2104 3089 2107 -

161 1804 369 1859 lsthinc
396 1803 546 1859 beati
578 1812 632 1859 et
661 1802 891 1877 gloriosi
912 1802 1194 1873 principes

161 1898 352 1951 Plures
377 1897 635 1969 leguntur
663 1894 949 1950 ordinasse
987 1892 1272 1964 praesules,

158 1986 237 2039 Ad
267 1984 618 2055 praedicanda
640 1984 784 2039 clara
814 1982 1009 2036 Christi
1039 1980 1276 2051 insignia

156 2079 377 2131 Diversa
416 2076 608 2131 mundi
634 2075 995 2129 destinandos
1013 2088 1111 2143 per
1143 2074 1275 2127 loca.

154 2168 395 2231 Quorum
439 2164 667 2236 profecti
701 2170 1021 2233 competunt
1048 2160 1320 2215 liiGallias
1355 2176 1367 2212 :

160 2258 514 2329 TrOphimus,
553 2256 904 2321 Sabinianus,
938 2255 1058 2321 ejus
1091 2261 1144 2308 et
1173 2267 1361 2307 comes

158 2350 539 2415 Potentianus,
564 2348 763 2402 Fronto
792 2363 916 2401 cum
951 2346 1205 2420 Georgio,

154 2446 491 2515 Paulusque,
522 2442 803 2507 Martialis,
830 2447 883 2496 et
912 2440 1184 2506 Valerius,

155 2538 449 2606 Sixtusque
473 2542 679 2600 noster,
715 2533 1021 2598 Memmius,
1056 2530 1317 2586 Sinicius.

161 2628 451 2698 Simulque
482 2626 797 2699 diriguntur
826 2624 891 2678 ad
930 2623 1215 2694 Hispanias

156 2723 464 2793 Torquatus
492 2728 544 2775 et
576 2720 871 2790 Tesxphon,
905 2719 1183 2773 secundus
1215 2717 1490 2783 Esichius,

166 2814 482 2880 lndalicius,
516 2812 875 2883 Catiliusque,
910 2810 1212 2866 Eufrasius.

166 2906 511 2977 Apollinaris,
548 2905 835 2961 Antiochia
864 2903 955 2975 qui
990 2903 1211 2958 Petrum

162 3004 324 3059 Venit
349 3011 590 3069 secutus,
632 3003 710 3057 sic
728 3003 1043 3056 Ravennam
1077 2997 1312 3052 mittitur
1342 3014 1356 3060 ;

165 3092 447 3148 Profectus
467 3110 531 3147 ex
550 3091 759 3147 Troade
789 3097 1032 3144 moratur
1059 3087 1263 3144 moenia

170 3181 382 3251 Hospes
412 3180 649 3236 foventis
684 3179 915 3249 Cyrenei
943 3177 1135 3232 militis
1167 3195 1180 3231 :

172 3269 337 3337 Cujus
357 3275 631 3323 carentem
661 3270 871 3323 honore
904 3268 1041 3322 lucis
1074 3266 1247 3320 tilium

167 3365 296 3419 Visu
335 3364 640 3419 reformans
670 3378 768 3434 per
807 3362 986 3417 crucis
1012 3361 1358 3433 signaculum

170 3453 302 3508 Divo
334 3460 590 3522 parentes
615 3450 766 3506 fonte
798 3458 976 3506 sacrat
1007 3451 1209 3505 elutos.

172 3545 417 3600 Matrona
438 3545 688 3616 qumdam
709 3551 830 3613 post
862 3543 1069 3599 tribuni
1102 3543 1360 3608 militum,

171 3636 264 3691 Cui
293 3637 496 3691 Thecla
528 3651 750 3701 nomen,
777 3634 889 3703 jam
918 3634 1019 3688 sub
1043 3633 1205 3688 annis
1233 3633 1489 3705 pluribus

170 3731 400 3786 Addicta
429 3729 622 3785 morbo
653 3729 937 3785 decubans
966 3727 1276 3803 tegerrime,

168 3824 301 3879 Jesu
332 3824 607 3879 medentis
637 3824 887 3879 invocato
916 3823 1160 3889 nomine,

172 3919 332 3973 Manu
358 3917 535 3971 levata
550 3913 797 3985 sospitati
828 3911 1075 3967 redditur
1104 3929 1120 3976 ;

171 4011 294 4066 Mox
325 4017 380 4065 et
402 4009 680 4070 tribunus,
714 4021 852 4061 uxor
879 4013 1046 4077 atque
1080 4004 1265 4067 liberi,

176 4101 492 4170 Domusque
531 4105 643 4153 tota
669 4097 820 4168 pacis
841 4095 989 4149 unda
1019 4094 1253 4169 tingitur
1282 4110 1295 4147 ε

176 4187 372 4241 Divina
402 4187 557 4257 cujus
587 4186 642 4239 in
674 4186 838 4240 domo
864 4182 1197 4255 baptismate

180 4279 273 4331 Bis
300 4294 395 4332 sex
418 4293 517 4348 per
545 4292 720 4331 annos
747 4293 871 4331 cum
903 4275 1013 4346 piis
1041 4274 1344 4339 sodalibus,

174 4368 489 4439 Apollinare
522 4367 685 4421 dante
708 4367 833 4421 lotis
854 4365 1107 4436 mystica,

176 4459 465 4513 Missarum
498 4465 552 4511 et
578 4456 721 4511 alma
750 4455 1105 4526 percoluntur
1127 4454 1333 4508 munia.

171 4552 326 4605 Tunc
356 4550 571 4604 nobiles
592 4548 684 4603 hic
708 4548 1034 4603 dedicantur
1070 4563 1364 4617 suppares,

174 4643 468 4697 Calocerus
494 4652 660 4712 atque
686 4639 961 4703 Aderitus,
983 4640 1125 4693 aucti
1159 4639 1253 4710 qui
1285 4640 1456 4694 sacris

172 4732 412 4803 Uterque
446 4731 585 4785 divae
616 4730 792 4784 factus
822 4728 958 4783 aulae
987 4727 1298 4799 presbyter.

173 4825 240 4876 At
268 4820 594 4875 Martianum
624 4834 787 4874 carne
830 4816 1255 4881 nobilissimum,

172 4910 623 4981 Leucadiumque
645 4907 954 4979 disciplinis
980 4906 1289 4979 praeditum,

174 5000 431 5056 Caelestis
460 5014 565 5053 arae
604 4997 841 5053 collocat
865 4997 1151 5062 diacones,

177 5094 439 5165 Aliosque
470 5092 635 5166 digne
664 5090 862 5161 praesul
892 5096 1043 5161 aptat
1081 5090 1338 5155 clericos,

179 5187 314 5242 Cum
346 5184 507 5258 queis
535 5184 732 5239 diebus
752 5183 1056 5239 concinens
1085 5190 1139 5237 et
1167 5180 1443 5247 noctibus,

178 5278 408 5350 Hymnis
436 5293 732 5348 supernam
749 5274 1087 5347 personabat
1112 5274 1370 5347 gloriam.

251 5369 375 5423 Haec
399 5366 649 5439 optimati
680 5365 823 5420 fama
852 5364 1057 5434 promit
1077 5362 1282 5429 invida,

177 5463 281 5528 Qui
312 5459 795 5531 comprehendens
824 5458 991 5522 hunc,
1020 5462 1238 5510 acervat
1267 5455 1541 5510 flamines.

180 5550 425 5620 Piusque
454 5546 614 5601 suavis
642 5544 1012 5599 immolandus
1039 5542 1273 5598 traditur
1313 5560 1328 5608 ;

180 5640 449 5694 Mactatus
474 5635 607 5689 atris
636 5633 934 5689 semivivus
962 5631 1247 5702 linquitur,

183 5730 355 5786 Cibus
384 5727 618 5783 marinis
642 5742 706 5780 ac
734 5726 866 5781 feris
891 5723 1188 5795 exponitur
1215 5741 1230 5787 ;

186 5821 406 5878 Scholm
429 5820 607 5873 beatae
628 5830 795 5886 quem
835 5816 1027 5887 legunt
1064 5811 1371 5875 domestici,

1886 2162 2018 2216 Dum
2048 2163 2364 2219 redditurus
2394 2164 2563 2220 verba
2602 2167 2867 2235 competit
2897 2166 3146 2233 domum,

1888 2254 2048 2310 Pulso
2078 2257 2279 2327 puellae
2310 2257 2645 2312 datsalutem
2680 2258 2952 2323 daemone,

1881 2346 2107 2417 Orisque
2134 2349 2358 2403 solvens
2386 2348 2522 2404 dura
2552 2356 2704 2404 muto
2731 2350 2973 2416 vincula,

1883 2438 2192 2512 Quingenta
2216 2456 2430 2496 summo
2456 2442 2623 2496 corda
2656 2442 2869 2496 Christo
2901 2450 3191 2513 praeparat.

1886 2529 2009 2583 Post
2042 2537 2261 2602 tempus
2290 2540 2497 2587 arctum
2534 2540 2715 2587 tentus
2742 2533 2867 2588 hinc
2895 2535 2963 2587 ab
2986 2534 3224 2588 ethnicis

1886 2620 1984 2673 Diu
2014 2623 2220 2677 severis
2246 2630 2552 2679 maceratur
2578 2624 2836 2691 fustibus,

1885 2710 2153 2781 Stetitque
2184 2713 2364 2767 nudus
2395 2715 2523 2787 igne
2548 2714 2752 2784 plantis
2778 2714 3000 2769 subdito
3029 2732 3043 2779 ;

1887 2804 1949 2857 At
1987 2804 2117 2859 dum
2147 2819 2250 2858 nec
2275 2803 2403 2876 igne
2436 2820 2538 2859 nec
2566 2804 2798 2877 ﬂagellis
2814 2805 3073 2871 vincitur,

1888 2892 2085 2949 Poenas
2112 2893 2459 2964 triumphans
2474 2894 2650 2949 victor
2680 2893 2817 2948 urbe
2852 2893 3096 2964 pellitur.

1890 2985 2126 3051 Hujusce
2148 3001 2252 3040 nec
2280 3001 2562 3040 murorum
2599 2985 2669 3040 ab
2709 2985 2919 3040 ambitu
2951 2986 3139 3057 procul

1891 3071 2086 3128 Christi
2123 3072 2401 3147 tugurium
2425 3074 2790 3145 possidebant
2818 3090 3123 3145 pauperes;

1890 3165 2081 3220 Divina
2106 3172 2299 3221 tractat
2337 3167 2428 3221 hic
2460 3183 2618 3222 sacer
2646 3167 2930 3237 mysteria,

1892 3256 2123 3309 Sacrans
2152 3255 2368 3310 lavacro
2398 3264 2549 3311 vasta
2562 3265 2753 3311 sancto
2780 3259 2982 3311 caerula

1892 3346 1986 3400 Pio
2017 3346 2232 3401 Domini
2265 3348 2469 3402 timore
2501 3347 2945 3411 formidantium,

1893 3434 2059 3490 lsthic
2081 3436 2325 3510 benigno
2354 3436 2597 3506 pascitur
2629 3435 2849 3489 solatio.

1893 3525 2184 3596 Postquam
2218 3533 2461 3579 moratur
2495 3523 2584 3576 hic
2608 3537 2706 3592 per
2728 3536 2903 3576 annos
2929 3524 3231 3593 quotlibet,

1896 3620 2211 3676 llluminare
2243 3619 2423 3691 pergit
2451 3615 2736 3679 Emeliam,
2768 3631 2973 3689 gerens

1894 3712 2103 3766 Virtute
2131 3709 2329 3765 Christi
2350 3709 2508 3781 signa
2539 3707 2700 3761 nixus
2731 3706 2989 3776 plurima.

1903 3803 2019 3859 Rufi
2052 3819 2303 3857 reversus
2331 3802 2460 3856 inde
2492 3814 2722 3870 compos
2760 3796 2928 3851 ﬁliam

1901 3900 1939 3952 A
1969 3904 2145 3953 morte
2173 3896 2344 3951 functi
2362 3893 2645 3951 suscitavit
2669 3889 2919 3961 corporis
2952 3906 2967 3953 ;

1897 3988 2108 4043 Prolem
2141 3986 2271 4041 dein
2301 3985 2507 4041 orbatis
2534 3981 2701 4038 refert
2731 3978 3071 4052 parentibus,

1899 4078 2207 4134 Perfectum
2239 4074 2523 4129 alumnum
2555 4070 2810 4125 Veritatis
2830 4084 2890 4123 se
2923 4068 3155 4133 docens,

1899 4173 1939 4226 A
1967 4179 2141 4226 morte
2174 4169 2359 4239 plures
2385 4164 2640 4221 excitavit
2681 4161 2929 4232 spiritus,

1901 4263 2107 4334 Deique
2139 4261 2267 4315 fecit
2304 4254 2684 4313 consecrando
2715 4252 2860 4306 filios
2894 4268 2907 4303 :

1902 4351 2033 4406 Nam
2064 4359 2197 4404 tunc
2225 4352 2502 4402 trecentos
2522 4352 2758 4413 quatuor
2780 4339 3084 4410 promiscui

1816 4477 1872 4545 D
1905 4444 2076 4498 Sexus
2096 4439 2311 4513 parenti
2341 4434 2647 4508 procreavit
2677 4432 2891 4488 cmlico.

1906 4538 1938 4545 ..
1996 4536 2015 4545 ρ
2243 4538 2252 4545 .
2291 4532 2301 4541 ο
2346 4531 2354 4540 ·
2442 4529 2473 4545 1·
2561 4528 2680 4545 ἰκΑᾼ
2722 4523 2889 4545 Λ---Δῖ

1906 4536 2125 4600 Rufum,
2168 4531 2391 4604 patricia
2423 4528 2689 4601 dignitate
2722 4523 3039 4597 praeditum,

1900 4624 2096 4681 Christi
2128 4620 2328 4677 dicavit
2355 4620 2521 4675 corde
2551 4631 2726 4688 prono
2758 4613 3060 4680 servulum,

1901 4716 2017 4779 Quo
2050 4713 2231 4784 Capua
2261 4710 2416 4765 dives
2448 4707 2621 4763 ditior
2652 4704 2709 4759 fit
2739 4711 2998 4774 martyre.

1894 4805 2116 4860 Matrem
2150 4802 2347 4874 puellae
2378 4800 2528 4856 fonte
2560 4811 2716 4852 sacro
2732 4794 2915 4857 diluit,

1901 4894 2190 4964 lpsamque
2213 4900 2423 4962 raptam
2448 4885 2705 4943 immanis
2727 4882 2848 4939 Orci
2877 4880 3130 4935 faucibus

1905 4979 2115 5037 Christo
2137 4981 2352 5033 beatam
2383 4975 2659 5031 dedicavit
2686 4972 2987 5045 virginem,

1903 5077 1976 5129 Ac
2006 5071 2282 5128 roboravit
2310 5083 2642 5141 permanere
2675 5059 3040 5120 immobilem.

1906 5164 2309 5221 Annuntiantur
2336 5168 2491 5236 gesta
2525 5157 2643 5213 Rufi
2676 5155 2871 5212 Caesari
2910 5173 2924 5221 ;

1905 5264 1967 5319 At
1994 5264 2112 5335 ipse
2133 5272 2507 5316 successorem
2540 5254 2589 5310 ei
2617 5269 2741 5309 mox
2773 5250 3079 5316 destinans,

1905 5357 2107 5413 Scribit
2122 5352 2371 5425 jubendo
2402 5347 2600 5405 litteris
2620 5344 2825 5402 vicario

1903 5449 2227 5505 Dissuadeat
2264 5451 2356 5500 aut
2385 5441 2776 5514 Apollinarem,
2815 5442 2910 5490 aut
2939 5433 3183 5489 exsulem

1904 5546 2088 5618 Longe
2116 5543 2324 5615 releget
2353 5556 2384 5594 a
2412 5539 2688 5594 Ravennae
2726 5531 2950 5587 finibus.

1910 5616 2081 5700 Quem
2112 5629 2483 5703 praestitutum
2514 5628 2819 5699 interrogat
2846 5616 3105 5679 vicarius,

1908 5722 2177 5793 Minisque
2204 5718 2463 5783 tundens,
2492 5731 2596 5771 nec
2618 5712 2831 5771 moveri
2865 5706 3256 5779 comprobans,

1914 5816 2141 5871 Exutum
2174 5810 2377 5867 amictu
2408 5809 2563 5865 caede
2594 5808 2869 5882 virgarum
2900 5800 3075 5877 quatit
3103 5817 3119 5865 ;
