3970 6200
514 391 611 446 611
1193 384 1581 439 ~FLODOARDI
1624 382 1928 439 CANONICI
1969 376 2301 436 REMENSIS
2342 378 2679 436 OPUSCULA
2718 383 3026 440 METRICA.

517 518 862 583 Cemensque
894 510 1063 566 temni
1094 526 1235 564 saeva
1256 518 1440 564 mente
1466 509 1718 573 verbera,

520 601 802 657 Perfundit
830 604 975 656 unda
1011 602 1278 655 bulliente
1310 602 1555 655 vulnera.

521 691 651 745 llinc
681 698 898 761 torquet
928 706 1233 761 appensum
1265 706 1359 745 ora
1387 690 1623 745 tondens
1646 704 1941 752 marmore,

517 786 956 856 Cravissimoque
987 784 1114 839 ferri
1153 792 1414 839 onustum
1447 784 1713 855 pondere,

521 874 575 928 In
619 875 727 928 ima
756 874 965 928 claudit
993 874 1229 928 carceris
1252 872 1537 937 teterrimi,

517 965 799 1038 Lignoque
831 967 1044 1015 tensum
1078 962 1197 1034 lege
1228 963 1364 1016 dura
1394 960 1635 1017 conﬁcit.

520 1057 804 1112 Hominum
828 1056 1052 1110 relictus
1079 1054 1169 1107 hic
1198 1054 1422 1124 quidem
1447 1052 1667 1118 solatio,

513 1149 617 1203 Sed
649 1149 968 1222 angelorum
1004 1145 1248 1217 pascitur
1277 1144 1521 1208 cibario;

518 1239 577 1293 lit
609 1254 676 1292 ne
718 1245 936 1308 putetur
962 1237 1087 1290 vilis
1116 1244 1383 1291 astrorum
1418 1234 1653 1299 Arbitro,

430 1394 435 1399 δ
515 1326 675 1380 Pastu
704 1325 909 1395 potitur
936 1325 1258 1397 angelorum
1289 1325 1343 1378 in
1360 1324 1582 1394 publico
1614 1339 1626 1376 :

517 1416 817 1472 Productus
844 1423 960 1470 atro
985 1418 1100 1471 sole
1132 1424 1329 1487 quarto
1358 1430 1576 1471 carcere

512 1508 734 1563 Vinctus
763 1507 972 1563 catenis
1003 1510 1310 1562 exsulatum
1344 1508 1580 1562 mittitur
1615 1525 1629 1573 ;

511 1600 640 1655 Tres
661 1610 862 1673 sponte
895 1602 1016 1656 navi
1047 1618 1106 1655 se
1132 1602 1455 1656 invehentes
1484 1601 1668 1656 clerici

512 1693 679 1763 Opem
710 1693 934 1766 benigni
968 1692 1388 1747 subministrant
1418 1692 1628 1747 ferculi.

511 1785 821 1841 Turbantur
853 1787 1135 1861 indignata
1165 1789 1331 1843 rebus
1356 1803 1579 1859 tequora

515 1875 622 1929 Viri
653 1876 886 1930 moleste
919 1876 1173 1944 injuriam
1209 1876 1461 1943 ferentia,

514 1964 863 2036 lniquitatem
888 1965 1169 2020 vindicare
1201 1966 1448 2036 parantia
1484 1982 1497 2019 :

514 2056 679 2111 Ferus
718 2056 1050 2127 profundum
1081 2056 1263 2109 sidera
1295 2062 1491 2126 petens
1508 2053 1735 2110 vertice.

513 2145 734 2216 Imaque
764 2160 968 2217 gurges
992 2144 1252 2215 panditur
1284 2142 1547 2217 voragine
1580 2159 1595 2207 ;
1690 2134 1699 2143 ’

510 2236 661 2290 Nunc
696 2237 900 2307 puppis
931 2236 1040 2290 alta
1077 2235 1281 2291 scindit
1306 2234 1471 2289 undis
1501 2234 1714 2302 nubila,

512 2332 665 2386 Nunc
701 2331 854 2402 lapsa
884 2332 1064 2403 pulsat
1094 2332 1204 2387 ima
1243 2348 1490 2403 praeceps
1532 2346 1803 2385 marmora
1831 2347 1844 2383 :

510 2420 784 2495 Compage
808 2421 962 2475 navis
981 2421 1245 2476 dissoluta
1274 2421 1507 2490 suscipit

514 2514 732 2568 llostem
754 2530 1026 2578 severum,
1058 2514 1201 2567 salsa
1229 2513 1463 2569 sorbens
1492 2513 1690 2567 caerula
1714 2530 1729 2577 ;

514 2603 694 2656 ltimas
728 2618 825 2673 per
854 2619 1047 2657 omnes
1076 2618 1223 2657 mors
1256 2610 1510 2673 penetrat
1541 2601 1771 2665 fervida,

510 2693 695 2745 Saevos
723 2699 1079 2762 sequestrans
1108 2708 1138 2745 a
1170 2692 1384 2761 piorum
1414 2692 1587 2762 gloria
1620 2710 1635 2755 ;

510 2788 657 2848 Quos
685 2784 898 2838 ultione
929 2783 1145 2838 submit
1177 2783 1523 2856 dignissime,

513 2876 576 2930 Ut
604 2875 741 2929 dura
760 2875 982 2929 beatum
1013 2890 1199 2929 arcere
1231 2874 1448 2929 Patrem
1481 2876 1676 2945 patriae

508 2967 786 3033 Tendunt,
809 2966 912 3020 soli
945 2974 1238 3022 arceantur
1257 2967 1407 3022 omni
1434 2967 1627 3038 patria.

511 3058 830 3131 Merguntur
869 3057 947 3112 illi
977 3058 1223 3114 devorati
1250 3059 1511 3114 ﬂuctibus
1534 3078 1549 3126 ;

507 3150 804 3203 Servantur
826 3148 971 3203 arvis
1000 3156 1056 3203 at
1086 3148 1161 3219 pii
1181 3148 1553 3205 clementibus
1578 3166 1592 3215 ;

508 3242 618 3297 Scit
647 3242 877 3297 liberare
897 3243 1078 3312 justus
1105 3258 1294 3315 arquos
1321 3244 1544 3311 arbiter,

504 3334 769 3406 Justaque
799 3335 900 3390 scit
931 3351 1162 3390 censura
1196 3335 1418 3407 iniquos
1459 3335 1690 3406 perdere
1724 3353 1739 3398 ;

509 3424 572 3478 Ut
600 3423 796 3479 liberat
826 3426 1087 3480 vernulos
1106 3424 1359 3500 Egyptio

504 3516 788 3579 Quondam
814 3517 969 3586 jugo,
1003 3533 1102 3587 per
1129 3518 1240 3572 alta
1269 3518 1523 3588 praebens
1551 3532 1776 3588 aequora

506 3604 755 3676 Profugis
785 3605 1042 3669 salutem,
1074 3616 1473 3677 persequentes
1499 3607 1757 3661 obrueus.

507 3692 840 3762 Apollinaris
864 3709 989 3748 cum
1016 3692 1288 3748 ministris
1318 3695 1625 3750 commodis

514 3780 829 3836 Desiderata
859 3781 1043 3835 salvus
1069 3781 1235 3836 intrat
1258 3780 1441 3836 littora
1469 3799 1484 3846 ;

511 3876 653 3931 Duos
683 3875 847 3930 saluti
885 3876 1023 3930 dans
1052 3876 1215 3930 simul
1240 3875 1530 3941 satellites,

509 3968 656 4028 Quos
684 3964 838 4018 vellit
868 3963 1034 4018 undis
1065 3963 1230 4019 funus
1260 3964 1627 4020 inferentibus

504 4053 764 4125 Lavitque
793 4052 1030 4124 lymphis
1057 4069 1226 4128 regna
1255 4054 1378 4109 vita:
1416 4054 1691 4111 dantibus.

500 4146 823 4219 l’rOgressus
857 4144 987 4200 inde
1018 4161 1145 4200 rura
1182 4145 1377 4201 lustrat
1400 4147 1622 4203 Isthmia
1652 4166 1665 4202 :

498 4239 633 4293 Tum
665 4246 791 4309 post
817 4239 1134 4294 Corinthum
1152 4240 1431 4295 transiens
1462 4242 1518 4295 in
1543 4242 1807 4310 Moesiam,

501 4329 687 4383 Cutem
710 4328 911 4398 leprosi
952 4336 1109 4400 turpe
1143 4346 1327 4386 naevos
1356 4330 1618 4403 squallidi

501 4420 704 4475 llecore
733 4435 981 4486 comens,
1016 4422 1307 4477 sanitatem
1331 4423 1608 4490 reddidit;

409 4497 418 4506 ’
501 4511 755 4579 Majorem
776 4518 832 4566 et
852 4511 1064 4568 addens
1085 4513 1212 4569 huic
1230 4529 1416 4584 opem,
1446 4531 1612 4587 quem
1635 4530 1868 4586 corpore

499 4599 756 4664 Salvavit,
780 4600 945 4655 etiam
976 4609 1161 4657 mente
1187 4603 1360 4658 salvat
1390 4611 1549 4659 eruta

499 4688 577 4741 Ab
610 4688 954 4743 ethnicarum
986 4688 1232 4746 foeditate
1273 4691 1549 4757 sordium,

501 4775 759 4831 Animam
790 4775 1023 4832 lavando
1047 4778 1329 4834 ablutionc
1356 4780 1624 4851 corporis.

499 4864 803 4935 Ripamque
824 4864 892 4919 ad
924 4865 1048 4921 Istri
1079 4866 1396 4939 demigrans
1426 4867 1629 4924 multos
1649 4868 1755 4924 sibi

495 4956 786 5011 (lonnectit
811 4957 955 5013 alma
984 4958 1273 5015 roboratos
1296 4958 1354 5013 in
1372 4958 1480 5016 ﬁde
1505 4978 1520 5027 ;

494 5048 703 5103 Necare
733 5065 898 5121 quem
932 5050 1064 5106 dum
1090 5050 1651 5125 gestiuntincreduli,

494 5140 681 5194 Partes
718 5143 959 5213 capessit
978 5144 1330 5215 praedicando
1362 5146 1562 5203 hraciaa
1592 5165 1607 5201 :

492 5237 790 5291 'l‘errentur
814 5237 905 5293 hic
932 5255 998 5295 eo
1037 5247 1285 5297 morante
1310 5241 1613 5311 daemones,

490 5324 711 5394 Serapis
739 5326 859 5394 ejus
879 5327 1088 5385 obticet
1118 5332 1409 5400 praesentia

491 5415 777 5485 Responsa
816 5416 957 5474 ferre
983 5438 1086 5478 nec
1113 5423 1256 5477 valet
1284 5422 1608 5498 rogantibus
1640 5442 1655 5490 ;

483 5505 728 5562 Tandem
760 5516 983 5567 vocatus
1013 5514 1117 5569 hoc
1146 5516 1384 5587 remugit
1408 5516 1637 5586 spiritus
1673 5533 1685 5570 :

494 5620 511 5641 ‹‹
549 5600 781 5656 Advenit
813 5604 929 5659 haec
954 5605 1010 5661 in
1050 5624 1178 5662 arva
1207 5607 1515 5679 discipulus
1544 5610 1687 5665 Petri

492 5688 689 5770 Christi
715 5694 934 5759 catenis
959 5713 1046 5753 me
1077 5698 1259 5770 ligans
1286 5701 1522 5769 apostoli
1558 5721 1575 5768 ;

494 5768 649 5824 Hunc
677 5774 734 5826 ni
764 5779 954 5842 procul
980 5768 1213 5859 studetis
1235 5768 1365 5839 hinc
1379 5786 1683 5855 depellere.

2157 508 2201 573 Α
2232 503 2519 573 Responsa
2547 506 2705 562 vobis
2743 524 2853 564 non
2883 510 3130 566 valemus
3159 512 3416 567 reddere.
3464 534 3495 564 ι)

2231 594 2306 645 Ad
2340 593 2507 669 ﬂagra
2539 604 2760 652 sanctus
2791 599 3116 669 perferenda
3138 604 3447 674 quaeritur;

2235 681 2501 753 chertus
2529 685 2703 755 aspris
2729 688 3056 744 verberatur
3088 689 3347 747 fustibus.

2236 775 2296 829 Ut
2326 785 2514 832 censet
2541 786 2721 834 autem
2752 781 2999 838 Christus
3028 784 3151 839 urbi
3184 786 3423 841 reddere

2237 865 2388 919 Hunc
2426 866 2717 924 destinatae
2746 870 2816 924 ab
2847 871 3079 927 arbitrio
3112 874 3437 944 provinciae,

2234 954 2363 1009 Navi
2393 971 2561 1027 super
2594 960 2804 1028 petenti
2840 960 3047 1016 Italiam
3076 964 3321 1033 ponitur,

2230 1046 2405 1101 Sociis
2429 1050 2668 1123 gregatis
2697 1050 2923 1123 insuper
2949 1053 3055 1108 sibi
3087 1054 3372 1109 omnibus.

2232 1134 2422 1189 Divina
2453 1138 2656 1207 passim
2688 1140 2767 1195 sic
2799 1156 3112 1215 propagans
3139 1143 3356 1197 semina

2231 1224 2385 1280 Anno
2418 1226 2604 1282 revisit
2634 1234 2745 1282 tum
2778 1229 3089 1286 Ravennam
3124 1231 3308 1287 tertio.

2233 1317 2425 1373 Paucis
2450 1319 2649 1376 diebus
2683 1321 2773 1377 hic
2796 1325 3033 1379 tumultu
3057 1333 3252 1395 postea

2231 1413 2380 1481 Orto,
2423 1415 2670 1486 profanis
2698 1417 2907 1489 impetu
2934 1418 3227 1474 ruentibus

2232 1506 2435 1561 Vinclis
2456 1508 2679 1564 adactus
2710 1510 2767 1563 in
2794 1509 2971 1566 forum
3004 1512 3330 1581 perducitur

2232 1595 2325 1651 Hic
2364 1612 2540 1652 cazsus
2566 1604 2620 1653 et
2645 1610 2876 1655 cruenta
2905 1617 3103 1671 passus
3132 1602 3384 1667 vulnera,

2230 1686 2369 1741 Sinit
2394 1688 2621 1760 superbi
2653 1689 2903 1746 flamines
2926 1690 3177 1762 Capitolii

2232 1780 2417 1835 Sacris
2446 1797 2569 1836 cum
2603 1799 2713 1853 quo
2743 1792 3045 1857 suggerant
3074 1785 3344 1857 Apollinis
3376 1806 3392 1849 ς

2232 1824 2417 1835 πω...
2447 1824 2569 1836 νυ...
2604 1824 2712 1853 ,ίαν
2743 1824 3045 1857 “gae.-.”
3074 1824 3344 1857 apum"...

2154 1824 2205 1892 B
2233 1867 2347 1925 Huc
2384 1870 2582 1926 ductus
2610 1881 2857 1928 actutum
2884 1891 3080 1944 preces
3095 1882 3155 1930 ut
3185 1876 3369 1949 erigit,

2232 1956 2537 2013 Simulacra
2568 1960 2757 2015 Phoebi
2780 1962 3052 2018 dissoluta
3091 1964 3282 2032 diruit,

2232 2049 2550 2123 Vanumque
2569 2069 2773 2109 numen
2795 2056 3154 2112 comminutis
3190 2058 3452 2129 exprimit
3486 2078 3502 2124 ;

2234 2143 2294 2198 Et
2325 2159 2393 2197 ne
2425 2144 2632 2200 feratur
2657 2146 2714 2201 id
2745 2164 2961 2218 parum,
2994 2149 3104 2204 fani
3136 2151 3321 2206 omnia

2236 2238 2423 2294 Fundo
2452 2239 2714 2296 fatiscunt
2734 2243 3004 2316 dissipata
3033 2246 3259 2301 moenia.

2237 2330 2426 2386 lsthaec
2463 2339 2682 2389 tuentes
2709 2335 3037 2407 obstrepunt
3063 2338 3287 2395 fanatici

2234 2419 2433 2475 Senem
2467 2420 2770 2479 frementes
2799 2426 2996 2501 stragis
3035 2427 3475 2500 hujusimpium.

2234 2510 2404 2574 Quem
2432 2520 2605 2568 morte
2632 2530 2778 2571 saeva
2808 2517 3151 2587 puniendum
3175 2522 3483 2591 postulant,

2233 2603 2587 2677 Traduntque
2619 2606 2793 2664 Tauro
2825 2609 3049 2679 (nomen
3078 2612 3222 2667 istud
3246 2613 3479 2683 judici).

2237 2698 2373 2753 Huic
2394 2716 2570 2756 cazcus
2595 2701 2730 2757 olim
2761 2706 2953 2760 matris
2991 2705 3114 2762 alvo
3146 2706 3318 2775 ﬁlius,

2235 2786 2331 2842 Cui
2360 2787 2553 2844 Christi
2584 2791 2920 2862 Apollinaris
2956 2795 3065 2852 alto
3097 2797 3322 2852 nomine

2235 2878 2439 2934 Lumen
2474 2880 2717 2939 refundit
2748 2884 3021 2954 invocato,
3053 2888 3306 2959 plurimis

2232 2970 2466 3041 Stupore
2497 2973 2701 3028 mentis
2726 2990 2840 3029 rem
2873 2991 3069 3032 novam
3095 2978 3452 3035 volventibus
3484 3000 3501 3047 ς

2230 3061 2304 3115 Ac
2329 3061 2541 3118 veritati
2572 3064 2739 3120 corda
2765 3066 3223 3125 submittentibus
3254 3086 3269 3136 ;

2231 3152 2533 3227 Mansitque
2561 3157 2718 3212 Tauri
2751 3159 3002 3230 praesidis
3022 3162 3104 3216 vir
3120 3164 3332 3234 praedio

2237 3246 2437 3302 Beatus
2458 3249 2617 3305 annis
2646 3267 2800 3307 sacra
2830 3253 3054 3309 tradens
3082 3262 3359 3326 quattuor.

2237 3343 2396 3399 Sexto
2443 3352 2684 3402 remotus
2724 3348 2868 3404 Urbe
2893 3350 3171 3406 milliario.

2237 3434 2371 3492 Hinc
2400 3435 2695 3494 Christiani
2726 3448 3102 3497 commeantes
3134 3444 3333 3514 pocula

2232 3527 2365 3582 Vitae
2393 3544 2590 3584 serena
2621 3530 2951 3587 hauriebant
2972 3534 3229 3608 d0gmata
3257 3554 3274 3599 ;

2225 3620 2517 3692 Virtusque
2550 3624 2715 3679 tantis
2748 3624 2874 3680 trita
2895 3627 3268 3696 passionibus,

2224 3709 2539 3765 Aromatum
2567 3711 2637 3765 de
2667 3728 2821 3768 more
2850 3713 2936 3768 vel
2967 3714 3424 3784 medicaminum,

2225 3800 2475 3859 Excrevit
2499 3805 2663 3873 hujus
2680 3804 2826 3862 facta
2843 3807 2925 3863 sic
2952 3808 3249 3874 ditissima,

2231 3893 2551 3951 inﬁrmitate
2582 3913 2692 3969 quo
2716 3899 3004 3956 subactum
3035 3901 3284 3973 qualibet

2230 3983 2456 4039 Ductum
2485 3986 2590 4041 sibi
2624 4004 2751 4044 mox
2779 3989 2999 4045 sanitati
3027 3990 3311 4048 redderet.

2228 4070 2482 4129 Cucurrit
2512 4082 2695 4130 autem
2727 4076 3079 4133 fraudulenta
3110 4079 3305 4135 relatio

2227 4163 2375 4219 Orsis
2407 4164 2753 4222 inimicorum
2785 4169 2855 4223 ad
2887 4169 3064 4239 ipsum
3099 4169 3392 4239 Caesarem,

2228 4251 2424 4308 Contra
2455 4253 2675 4309 beatum
2703 4254 2839 4311 falsa
2870 4266 3098 4327 portans
3130 4260 3456 4329 praesulem,

2225 4343 2401 4399 Edicit
2428 4343 2519 4400 ille
2547 4346 2634 4401 vel
2664 4346 2784 4402 deis
2810 4348 3109 4405 temerario

2221 4436 2350 4501 Quis
2388 4453 2481 4494 ore
2496 4446 2675 4511 portat
2702 4442 3087 4513 exprobrando
3116 4444 3399 4512 injuriam.

2134 4559 2191 4628 D
2218 4527 2402 4628 Faciat
2432 4529 2587 4596 satis,
2629 4530 2715 4585 vel
2737 4531 2873 4587 urbe
2906 4533 3143 4603 pellatur
3160 4534 3308 4590 data.

2223 4619 2501 4677 Perfertur
2527 4624 2643 4679 haec
2663 4625 3019 4682 Demostheni
3048 4629 3376 4700 praeceptio,

2223 4707 2439 4764 Honore
2470 4710 2651 4766 dictus
2669 4722 2755 4767 est
2782 4713 2941 4769 Pater
2970 4715 3065 4787 qui
3090 4715 3294 4771 civium

2219 4794 2549 4853 Crudelitate
2584 4809 2905 4870 persecutor
2930 4803 3147 4859 mitium
3186 4822 3200 4859 :

2218 4884 2585 4955 Apollinarem
2615 4888 2703 4945 hic
2728 4891 2980 4947 exhiberi
3023 4893 3291 4965 praecipit,

2218 4976 2521 5049 Validoque
2546 4979 2711 5036 ﬁxum
2740 4998 2927 5040 amore
2969 4982 3184 5042 Christo
3216 4987 3490 5054 sentiens,

2218 5071 2352 5125 Dum
2376 5072 2581 5146 cogitat
2609 5089 2718 5145 quo
2748 5076 2941 5146 perdat
2969 5086 3152 5133 actum
3182 5080 3447 5148 tormine,

2214 5162 2324 5217 Viri
2352 5162 2533 5220 ﬁdelis
2563 5167 2844 5238 mancipat
2872 5170 3145 5226 custodia)
3173 5189 3188 5237 ;

2210 5253 2321 5308 Nec
2342 5253 2710 5313 Christianum
2741 5259 3056 5331 suspicatus
3088 5263 3237 5318 hunc
3264 5263 3407 5328 fore,

2210 5347 2380 5411 Quem
2413 5349 2590 5404 noctis
2620 5350 2966 5422 intempesta;
2982 5354 3027 5409 is
3055 5355 3111 5409 in
3135 5355 3360 5412 silentio

2212 5437 2290 5491 Ad
2319 5437 2665 5495 edocendum
2687 5448 2843 5515 gesta
2863 5441 3064 5499 Christi
3094 5444 3359 5520 insignia,

2214 5526 2506 5592 Permittit,
2541 5531 2652 5587 imo
2680 5535 2852 5607 cogit,
2884 5533 2963 5590 ire
2997 5535 3253 5592 liberum.

2213 5622 2275 5674 At
2298 5619 2428 5674 dum
2457 5629 2756 5680 retractans
2782 5625 2929 5682 bella
2956 5627 3116 5683 miles
3136 5636 3335 5685 cetera

2217 5708 2493 5780 Requirat,
2511 5727 2582 5766 an
2614 5721 2839 5785 trapaea,
2856 5716 2969 5787 jam
2999 5732 3147 5773 nunc
3164 5719 3404 5790 expleat,

2213 5798 2504 5856 Cunctatur
2542 5803 2704 5861 horas
2735 5806 3072 5877 implicando
3130 5815 3481 5887 transagens,

3548 4614 3591 4652 β

3789 396 3872 448 ﬁli
