3970 6200
132 381 240 434 613

139 504 365 576 Fugisse
407 501 570 556 deses
603 516 670 554 ne
705 508 929 570 putetur
959 500 1167 570 praelia,

67 628 70 629 ν
135 593 342 646 Tenent
373 599 679 644 morantem
711 599 1120 660 consequentes
1151 590 1381 653 ethnici,

141 683 518 751 Prensumque
557 679 776 732 caedunt
817 688 1160 734 macerantes
1193 681 1442 734 verbere.

141 771 274 824 Dum
307 776 494 822 rentur
526 767 671 821 inter
699 767 870 838 flagra
897 768 1035 822 dura
1071 776 1367 834 mortuum,

143 863 438 932 Linquuut,
465 860 698 914 latenter
724 876 887 930 quem
921 861 1158 914 ministri
1186 861 1474 934 colligunt,

139 955 465 1024 Tolluntque
497 953 738 1024 quodam
770 953 1144 1008 subvehentes
1175 955 1412 1024 praedio;

143 1050 481 1120 Septemque
513 1049 606 1118 qui
639 1057 929 1118 superstes
958 1049 1163 1102 advivit
1184 1048 1324 1114 dies,

141 1140 356 1213 Jugiter
386 1139 578 1193 fideles
607 1155 676 1192 ne
711 1138 817 1192 fide
849 1139 1203 1194 discederent

143 1231 392 1295 Monens,
423 1230 650 1302 profatis
683 1230 905 1284 instruit
936 1230 1256 1285 caelestibus
1286 1249 1301 1296 ;

142 1320 231 1376 Sic
252 1321 529 1394 gloriosus
561 1319 724 1376 laude
756 1321 951 1376 Christi
985 1322 1269 1391 praeditus,

765 376 844 430 DE
885 375 1146 429 CHRISTI
1187 374 1546 429 TRIUMPHIS
1588 375 1760 430 APUD
1803 374 2067 429 ITALIAM
2110 375 2284 430 LIBRI
2328 376 2456 433 XIV.
2501 407 2557 416 -—
2608 377 2732 432 LIB.
2775 377 2841 435 ll.

3362 381 3468 434 6M

1779 507 1833 574 Α
1864 502 2102 557 Ventura
2132 503 2274 557 bella
2301 503 2386 557 vel
2418 503 2726 574 triumphos
2751 520 3118 574 praemonens,

1861 590 2191 660 Apollinaris
2225 592 2334 646 fine
2366 593 2512 647 claro
2555 593 2819 666 fungitur.

1862 685 2112 755 Capessit
2139 685 2340 739 almum
2375 695 2518 740 terra
2549 703 2769 756 corpus,
2801 704 2960 742 saxea

1863 775 2110 830 Clausum
2139 776 2240 830 sub
2277 793 2425 843 arca,
2458 786 2608 831 extra
2642 778 2911 833 Ravennae
2944 781 3168 846 muenia,

1862 867 2030 931 Quam
2058 875 2194 922 rex1t
2216 866 2408 921 urbem
2442 869 2643 922 missus
2675 869 2781 923 huc
2809 886 2838 923 a
2871 871 3122 942 principe

1863 962 2245 1030 Apostolorum
2275 961 2343 1015 ab
2370 962 2504 1015 urbe
2539 963 2705 1016 Roma
2739 964 3004 1032 pontifex.

1871 1051 1960 1104 Bis
1989 1059 2224 1122 quatuor
2263 1053 2454 1105 decem
2490 1070 2588 1122 per
2611 1069 2784 1107 annos
2819 1055 3123 1124 praesidens

1795 1210 1800 1214 _
1868 1140 2204 1209 Vespasiano
2234 1155 2361 1212 rege
2391 1156 2604 1210 passus,
2636 1141 2824 1194 ultima

1869 1231 1970 1287 Pro
1999 1232 2246 1286 veritatis
2277 1232 2438 1286 laude
2468 1232 2683 1286 scandit
2707 1233 2910 1286 aethera

1193 1442 1526 1498 INCIPIUNT
1571 1443 1889 1498 CAPITULA
1923 1443 2098 1498 LIBRI
2131 1443 2434 1499 SECUNDI.

145 1538 271 1592 CAP.
309 1539 347 1591 l.
382 1567 450 1576 -—
477 1540 552 1592 De
567 1542 751 1593 sancto
779 1538 1056 1591 Clemente.

312 1609 376 1662 ll.
411 1639 480 1647 —
505 1611 577 1662 De
603 1615 786 1664 sancto
821 1612 1022 1663 Joanne
1039 1610 1280 1678 apostolo

312 1681 402 1733 Ill.
436 1710 504 1720 -—
536 1684 610 1735 De
647 1683 974 1748 confessione
995 1683 1430 1750 propinquorum
1463 1681 1667 1735 Christi
1696 1697 1873 1736 coram
1908 1683 2232 1736 Domitiano.

311 1750 394 1804 lV.
429 1781 498 1789 —
525 1755 601 1806 De
629 1753 830 1806 ultione
859 1752 1103 1805 secundae
1124 1755 1533 1820 persecutionis.

313 1821 367 1874 V.
406 1853 470 1860 —
501 1825 573 1877 De
601 1824 781 1877 reditu
807 1826 983 1877 sancti
1009 1825 1238 1876 Joannis
1264 1826 1628 1890 evangelista.

315 1892 399 1946 Vl.
433 1924 501 1932 —
530 1897 602 1948 De
630 1895 821 1948 exsilio
850 1899 1160 1948 sanctorum
1202 1897 1365 1950 Nerei
1397 1900 1445 1948 et
1477 1895 1725 1948 Achillei.

315 1963 422 2016 Vll.
449 1995 517 2003 —
537 1966 746 2020 Relatio
768 1967 944 2020 sancti
970 1966 1214 2019 Marcelli
1235 1967 1301 2020 de
1329 1967 1616 2020 miraculis
1646 1968 1826 2020 sancti
1849 1967 1994 2019 Petri

317 2034 451 2088 VIII.
487 2067 555 2074 —
586 2040 659 2090 De
688 2042 878 2090 sancta
905 2037 1222 2090 Petronilla.

323 2105 384 2158 IX
438 2137 506 2145 —
536 2110 611 2160 De
636 2112 827 2162 sancta
853 2108 1108 2161 Felicula.

326 2176 385 2230 X.
422 2208 485 2217 —
519 2181 591 2232 De
629 2184 813 2232 sancto
843 2179 1142 2235 Nicomede.

315 2247 400 2302 XI.
440 2279 505 2287 —
533 2252 606 2303 De
628 2253 894 2318 martyrio
913 2256 1230 2304 sanctorum
1256 2251 1416 2304 Nerei
1424 2255 1489 2303 'et
1511 2249 1766 2304 Achillei.

316 2318 427 2374 XII.
459 2350 529 2358 —
555 2323 630 2374 De
659 2325 859 2375 sanctis
889 2324 1097 2387 Eutice,
1136 2322 1414 2376 Victurnio
1450 2325 1499 2375 et
1530 2322 1800 2375 Seuerino.

315 2389 448 2463 .‘llll.
481 2395 640 2446 —De
676 2398 867 2447 sancta
885 2393 1177 2457 Domitilla,
1217 2393 1469 2448 Marcello
1500 2408 1728 2461 quoque,
1769 2396 1816 2444 et
1857 2392 2380 2463 Apuleio,';Sulpitio
2411 2399 2459 2447 et
2490 2395 2811 2448 Servilia-no.

311 2461 438 2514 XIV.
473 2494 534 2500 —
567 2467 641 2518 De
671 2464 940 2530 doctrina,
972 2464 1254 2518 miraculis
1281 2470 1328 2517 et
1357 2467 1616 2532 passione
1654 2466 1830 2516 sancti
1863 2461 2160 2517 Clementis.

1037 2604 1482 2693 INCIPIT
1551 2605 1901 2689 LIBER
1968 2604 2024 2690 S
2042 2605 2330 2692 ECUN
2346 2605 2602 2692 DUS.

1565 2755 1771 2810 CAPUT
1817 2754 2098 2810 PRIMUM.

1487 2859 1564 2918 De
1604 2866 1810 2917 sancto
1843 2857 2159 2916 Clemente.

154 2989 376 3044 Ianitor
404 2988 697 3052 aethereus,
723 2987 849 3042 divo
872 2988 1250 3043 moderamine
1283 2987 1477 3052 fretus,

159 3077 339 3132 Firma
370 3077 556 3132 locans
575 3076 714 3130 aulae
743 3083 934 3130 cautus
966 3075 1286 3131 fundamina
1312 3077 1473 3132 celsae
1511 3076 1676 3147 (170),

161 3170 221 3224 Ut
247 3169 358 3223 sibi
393 3169 659 3238 persentit
686 3171 1030 3222 contermina
1057 3175 1307 3240 tempora
1337 3178 1498 3222 metae

160 3262 514 3331 Sidereaeque
544 3260 750 3314 instare
779 3261 901 3326 viae,
936 3261 1250 3332 coelumun
1290 3267 1499 3331 patere,

164 3351 219 3404 In
249 3349 440 3404 medio
481 3349 616 3404 situs
646 3349 920 3418 Ecclesiae,
954 3350 1194 3420 stipante
1225 3357 1463 3412 caterva,

162 3442 579 3512 Clementisque
605 3457 769 3496 manu
804 3457 1004 3512 prensa
1032 3441 1113 3495 sic
1141 3441 1360 3495 inchoat
1383 3456 1507 3494 orsa
1531 3459 1546 3493 :

168 3558 192 3580 ‹‹
237 3532 500 3591 Conservi
529 3532 836 3602 fratresque
877 3531 1006 3598 mei,
1038 3547 1160 3585 mea
1190 3531 1390 3585 sumite
1413 3530 1606 3585 verba:

164 3624 525 3680 Praemonitus
555 3623 816 3695 quoniam
851 3623 1088 3693 propriae
1122 3624 1236 3692 jam
1275 3629 1495 3693 tempus
1523 3623 1715 3677 adesse

162 3716 430 3772 Mercedis
451 3715 636 3779 video,
671 3715 882 3770 Christo
917 3723 1256 3770 monstrante
1286 3716 1571 3789 magistro,

164 3807 489 3865 Pontificcm
529 3807 690 3863 vobis
723 3807 1058 3862 Clementem
1087 3807 1237 3863 hunc
1266 3808 1464 3863 ordine
1488 3824 1784 3874 summum,

163 3898 294 3952 Huic
325 3913 510 3952 coram
544 3896 754 3967 positus
783 3895 1052 3951 doctrinae
1081 3896 1236 3950 trado
1268 3897 1608 3963 cathedram,

162 3989 260 4054 Qui
291 3988 430 4042 mihi
455 3987 725 4058 principio
753 4002 938 4042 comes
976 3986 1238 4042 omnibus
1276 3987 1483 4042 exstitit
1512 3987 1670 4054 actis,

163 4079 377 4150 Quique
404 4077 537 4132 boni
571 4075 767 4131 docilis
794 4092 917 4130 mea
949 4075 1206 4146 dogmata
1239 4075 1386 4145 cepit
1416 4075 1484 4130 ad
1507 4091 1785 4150 unguem;

168 4171 357 4224 Omnis
389 4169 711 4240 participem
743 4167 875 4222 mihi
907 4183 1072 4239 quem
1113 4168 1344 4224 tentatio
1376 4169 1573 4235 sensit,

169 4262 342 4326 Quem
399 4260 658 4316 stabilem
718 4260 926 4327 inveni,
992 4259 1295 4333 ﬁdumque,
1358 4263 1642 4333 Deumque
1694 4275 1791 4316 co-

1492 4354 1694 4408 lentem

1492 4354 1694 4408 lentem

171 4441 284 4496 Prae
325 4440 553 4512 reliquis
580 4439 776 4496 fratres
793 4439 976 4496 studio
1008 4441 1228 4512 pietatis
1256 4353 1556 4508 amante[m,
1703 4394 1717 4420 ’

172 4531 392 4586 Discere
421 4531 744 4594 ferventem,
770 4539 1114 4601 castumque,
1140 4530 1424 4602 piumque,
1455 4531 1788 4600 modestum,

165 4626 383 4680 Justitia
423 4633 629 4680 rectum
687 4625 958 4696 patienter
989 4624 1130 4680 ferre
1163 4626 1429 4681 scientem

167 4718 391 4772 Garrula
416 4719 706 4773 stultorum
730 4715 891 4772 fatuae
917 4716 1283 4772 blateramina
1312 4717 1536 4793 linguae,

165 4809 454 4880 Cordaque
471 4809 782 4864 discentum
807 4808 976 4882 digno
993 4823 1328 4880 componere
1342 4809 1467 4879 jure
1490 4828 1502 4863 :

169 4904 308 4958 Huic
331 4904 614 4960 committo
637 4911 984 4974 potestatem,
1012 4920 1176 4976 quam
1207 4907 1477 4977 prompsit
1496 4905 1565 4960 ab
1597 4905 1719 4976 ipso

169 4997 427 5053 Collatam
455 4995 686 5051 Domino
705 4997 954 5051 solvendi
981 4997 1098 5053 sive
1130 4996 1362 5071 ligandi.

167 5087 446 5143 Judicium
471 5085 668 5141 stabile
701 5086 876 5156 ipsius
895 5103 1063 5158 super
1082 5093 1230 5142 astra
1268 5086 1506 5152 residat;

121 5243 135 5253 ~
171 5181 468 5238 lnnodabit
504 5185 649 5238 enim
691 5185 840 5256 quod
881 5194 1132 5256 oporteat
1163 5203 1284 5242 esse
1324 5186 1577 5260 ligatum,

171 5273 233 5328 Et
263 5275 425 5329 simul
459 5275 710 5332 absolvet
738 5277 884 5348 quod
911 5286 1178 5352 congruct
1202 5294 1320 5334 esse
1349 5278 1611 5342 solutum,

168 5361 427 5418 Ecclesiae
450 5365 619 5420 veluti
661 5365 873 5436 liquido
895 5366 982 5420 cui
1016 5369 1204 5439 regula
1226 5375 1374 5423 nota.

166 5451 367 5506 Audite
397 5468 527 5525 ergo
561 5453 742 5523 ipsum
779 5452 988 5508 Christo
1015 5471 1244 5524 peccare
1276 5457 1572 5521 timentes;

166 5545 389 5600 Doctori
419 5561 546 5601 vero
589 5546 750 5601 fuerit
779 5547 1096 5620 quicunque
1127 5550 1414 5614 molestus,

167 5637 305 5691 Inde
328 5644 476 5692 caret
492 5638 603 5692 vita
628 5638 842 5693 Patrem
875 5637 1003 5708 quia
1036 5639 1186 5707 pacis
1221 5637 1467 5694 acerbat.

167 5728 232 5782 At
260 5734 657 5799 praeceptorem
689 5727 891 5782 medici
922 5727 1040 5780 vice
1070 5727 1274 5801 degere
1301 5732 1542 5798 praestat,

1809 2991 1858 3058 Β
1887 2988 2003 3042 Non
2029 2989 2083 3041 in
2110 2988 2392 3056 subjectos
2424 2989 2596 3044 belva;
2629 2989 2843 3044 feritate
2875 2989 3103 3044 moveri.
3146 3010 3170 3039 ››

1886 3081 2014 3135 Tam
2048 3081 2308 3152 praecelsa
2333 3097 2539 3151 pavens
2567 3081 2686 3149 ejus
2711 3082 2942 3156 vestigia
2975 3080 3226 3136 Clemens

1886 3170 2128 3241 Appetit,
2153 3186 2424 3225 excusans
2447 3171 2580 3224 tanti
2614 3188 2672 3226 se
2702 3173 2948 3242 pondere
2978 3172 3223 3226 honoris.

1889 3260 1982 3314 Cui
2013 3260 2223 3316 senior:
2273 3282 2292 3310 ιι
2339 3261 2414 3314 Ne
2446 3277 2535 3314 me
2565 3277 2732 3330 super
2760 3261 2846 3314 his
2869 3261 3133 3326 oraveris,
3165 3261 3362 3332 inquit,

1888 3350 2015 3414 Quae
2047 3350 2270 3404 decreta
2300 3349 2373 3403 ita
2405 3357 2553 3414 sunt,
2588 3350 2884 3420 potiusque
2914 3351 3173 3404 videbere
3205 3350 3404 3422 dignus

1888 3439 2004 3503 Quo
2030 3438 2200 3492 vitare
2229 3437 2421 3506 cupis;
2452 3453 2553 3491 nec
2580 3437 2726 3490 enim
2751 3438 2852 3492 ista
2881 3439 3140 3493 cathedra
3171 3439 3401 3510 requirit

1890 3527 2060 3593 Ultro,
2079 3526 2218 3597 petit
2237 3525 2395 3596 sequi
2423 3525 2741 3591 abdentem,
2766 3527 2899 3596 quin
2918 3528 3169 3582 moribus
3195 3545 3433 3600 aequum.

1888 3619 2041 3686 Quod
2073 3618 2118 3672 si
2149 3624 2345 3688 praesto
2367 3617 2500 3670 mihi
2531 3616 2728 3671 melior
2749 3624 2800 3671 te
2833 3618 3088 3688 praeforet
3111 3621 3268 3686 alter,

1888 3713 1942 3766 Si
1975 3711 2098 3783 quis
2130 3717 2182 3764 et
2209 3709 2430 3780 adjutor
2455 3717 2561 3762 tam
2594 3709 2822 3762 sedulus
2852 3717 3018 3779 atque
3047 3712 3329 3778 minister;

1888 3807 1941 3862 Si
1966 3807 2092 3877 quis
2123 3813 2229 3860 tam
2263 3804 2396 3860 celsi
2432 3803 2696 3858 subiisset
2727 3803 3003 3876 dogmatis
3030 3821 3234 3872 arcem,

1891 3902 2150 3957 Ecclesiae
2179 3900 2461 3972 specimen
2490 3899 2631 3953 serie
2664 3899 2958 3969 disponere
2992 3915 3230 3954 noscens

1888 3990 2016 4044 Tam
2048 3999 2210 4046 recta.
2246 3999 2299 4043 te
2333 4004 2440 4043 non
2473 4005 2692 4063 agerem
2725 3988 2830 4042 hoc
2858 3988 3164 4056 sumpsisse
3189 3999 3412 4053 coacte;

1890 4083 2140 4148 Quaerere
2169 4099 2405 4155 namque
2434 4082 2600 4136 alium
2624 4097 2768 4136 curae
2807 4088 3092 4150 reputatur
3121 4081 3295 4147 inani,

1892 4173 2025 4228 Cum
2061 4183 2112 4229 te
2139 4173 2411 4244 primitias
2444 4173 2609 4240 hujus
2635 4179 2690 4226 et
2717 4171 2899 4245 gentis
2923 4178 2976 4224 et
3003 4170 3155 4224 urbis

1845 4316 1862 4336 η
1893 4265 2192 4320 Obtulerim
2223 4264 2492 4330 Domino;
2527 4263 2660 4334 quin
2685 4263 2958 4333 perspice,
2981 4261 3135 4316 frena
3167 4263 3349 4317 subire

1852 4358 1864 4378 ‘
1893 4355 1990 4419 Qui
2020 4354 2164 4430 fugis
2186 4353 2460 4419 Ecclesiae,
2482 4353 2634 4409 velut
2660 4354 2770 4407 alta
2800 4353 3043 4422 pericula
3077 4354 3298 4424 puppis,

1893 4442 2083 4498 Certus
2123 4441 2344 4510 majoris
2372 4441 2472 4495 tibi
2513 4450 2658 4495 stare
2690 4441 2935 4511 pericula
2966 4441 3121 4506 lethi,

1892 4533 1993 4598 Qui
2022 4532 2227 4604 populo
2260 4530 2477 4586 Domini
2511 4531 2692 4600 posito
2723 4529 2878 4600 quasi
2911 4529 3176 4584 fluctibus
3195 4528 3319 4582 altis

1892 4624 2021 4680 Cum
2054 4624 2233 4696 possis
2264 4622 2550 4693 prodesse,
2581 4621 2749 4696 fugis,
2783 4631 2873 4676 tua
2905 4621 3195 4675 commoda
3227 4626 3437 4674 tantum

1892 4713 2172 4769 Sollicitus
2203 4725 2476 4784 quaerens,
2506 4725 2749 4764 renuens
2788 4725 3082 4764 commune
3107 4709 3402 4777 juvameu;

1891 4805 1946 4859 Si
1977 4810 2159 4860 certus
2186 4801 2365 4874 plebis
2395 4800 2494 4854 tibi
2523 4816 2721 4872 magna
2749 4816 2974 4855 manere
3001 4799 3228 4870 pericla,

1892 4897 2003 4954 Nec
2023 4897 2244 4952 dubites
2267 4902 2467 4950 memet
2484 4909 2582 4965 pro
2607 4904 2660 4948 te
2683 4902 2892 4947 certare
2922 4890 3228 4963 precando;

1893 4987 2054 5043 Ocius
2081 5003 2144 5042 ac
2167 4993 2375 5058 quanto
2403 4984 2538 5038 mihi
2564 4983 2860 5039 connivere
2893 4980 3132 5052 parabis,

1893 5082 2064 5136 Tanta
2103 5095 2192 5134 me
2223 5078 2384 5134 citius
2414 5093 2545 5132 cura
2576 5091 2638 5130 ac
2667 5089 2873 5146 angore
2899 5071 3126 5127 levabis.

1894 5171 2027 5227 Novi
2060 5178 2112 5224 te
2152 5170 2354 5225 taedere
2377 5168 2602 5240 quidem
2632 5164 2874 5236 perferre
2907 5163 3147 5234 superba

1895 5263 2164 5334 Obloquia
2191 5263 2426 5316 indoctae
2457 5259 2659 5330 plebis,
2692 5256 2844 5311 rudis
2875 5271 2971 5311 ora
3000 5253 3231 5326 p0pelli,

1889 5360 2016 5423 Quae
2045 5364 2098 5411 te
2126 5356 2266 5411 ferre
2290 5364 2474 5411 tamen
2503 5360 2819 5410 constanter
2845 5357 2898 5406 et
2927 5349 3132 5420 Optime
3161 5347 3310 5413 novi,

1891 5450 2213 5504 Cernentem
2245 5448 2344 5502 tibi
2371 5464 2492 5518 quae
2523 5446 2786 5518 patientia
2812 5457 3040 5498 munera
3071 5445 3276 5504 servet,

1891 5545 1954 5596 At
1982 5541 2108 5596 volo
2131 5527 2188 5593 te.
2208 5540 2356 5607 justa
2383 5554 2603 5592 mecum
2631 5539 2843 5593 ratione
2883 5535 3081 5589 librare

1891 5635 2116 5702 Quando
2145 5633 2333 5688 labore
2366 5639 2456 5686 tuo
2485 5647 2642 5704 mage
2665 5632 2912 5686 Christus
2942 5641 3106 5702 egere
3124 5624 3367 5680 videtur.

1894 5727 2050 5781 Nunc
2072 5723 2194 5792 ejus
2222 5735 2484 5791 sponsam
2516 5719 2664 5774 bello
2697 5722 2827 5776 dum
2851 5723 3115 5792 provocat
3135 5713 3340 5780 hostis,

247 5853 394 5924 (170)
421 5853 622 5907 Versus
647 5859 947 5923 sequentes
979 5867 1154 5922 usque
1186 5853 1252 5906 ad
1283 5853 1423 5908 Novi
1445 5857 1492 5904 te
1517 5849 1728 5917 ledere,
1751 5857 1885 5922 etc.,
1917 5850 2122 5908 omittit
2141 5848 2313 5906 codex
2342 5846 2399 5902 S.
2429 5842 2739 5900 Genovefae.
