3970 6200
477 364 583 418 615
1242 358 1606 414 FLODOARDI
1639 357 1943 414 CANONICI
1986 355 2316 412 REMENSIS
2356 355 2692 410 OPUSCULA
2731 355 3037 410 METRICA.
3715 356 3808 410 616

479 497 579 548 Aut
609 494 702 548 ubi
729 493 1005 547 victricem
1028 491 1183 546 soliis
1206 491 1490 546 admiserit
1515 492 1664 557 altis,
2124 495 2172 561 Α
2203 489 2294 542 His
2325 489 2549 544 sordere
2580 487 2796 542 inhibet
2815 487 3006 542 divino
3036 485 3188 541 fonte
3218 485 3418 556 piatos,

482 588 707 652 Quando
740 586 1095 656 triumphanti
1125 586 1284 639 cedet
1306 585 1460 639 labor
1484 586 1664 640 omnis
1686 591 1738 639 et
1765 584 1955 645 hostis,
2202 579 2402 634 Omnes
2433 578 2655 632 assidue
2686 591 2982 648 properare
3003 576 3071 630 ad
3101 582 3292 630 sancta
3319 573 3612 638 monebat,

483 679 613 743 Quis
643 677 845 731 modici
877 677 1065 730 saltem
1100 693 1298 730 sensus
1329 677 1492 731 modo
1525 677 1736 730 nesciat
1767 691 1889 729 esse
2204 672 2471 725 Absentes
2498 670 2738 740 scriptis,
2771 678 3072 740 praesentes
3091 669 3294 723 famine
3321 668 3588 722 formans.

481 772 736 840 Tempus,
771 785 880 840 quo
922 769 1184 823 Dominus
1208 770 1510 823 certamina
1541 777 1728 823 sancta
1756 766 2032 840 requirit?
2205 765 2456 820 Doctrina
2486 777 2616 836 ergo
2647 763 2828 818 nitens
2856 761 2970 824 tali,
2997 761 3312 832 pOpuloque
3343 761 3571 832 Deoque

484 865 661 919 Mente
685 864 850 937 igitur
872 872 984 918 tota
1011 864 1292 936 surgentia
1323 864 1555 934 concipe
1577 865 1743 928 bella,
2205 857 2398 910 Gratus
2427 863 2574 920 erat;
2605 855 2701 909 36d
2734 869 2845 909 ηοη
2881 853 3116 907 humiles
3147 854 3355 907 hmret‘e
3386 853 3648 923 superbis

485 954 653 1022 Atque
683 967 850 1021 opera
879 967 1090 1005 summa
1133 953 1424 1022 praesentia
1455 953 1597 1006 seria
1625 959 1819 1018 tracta,
2207 948 2565 1021 Sacrilegisve
2593 947 2810 1017 placere
2833 946 2908 1016 pii
2935 945 3231 1000 dulcedine
3263 952 3509 1016 possunt.

485 1044 751 1098 Auxilium
785 1052 1041 1116 satagens
1081 1044 1417 1099 certantibus
1447 1045 1652 1099 addere
1684 1053 2020 1115 promptum,
2207 1039 2321 1092 Stal
2349 1039 2551 1091 mentis
2581 1044 2763 1091 tamen
2797 1036 3108 1106 intrepidus
3136 1036 3308 1105 vigor,
3342 1044 3506 1107 aulae
3538 1036 3684 1090 beati

484 1133 710 1186 Praemia
730 1149 928 1206 magna
960 1141 1284 1203 recepturus
1316 1144 1439 1204 post
1463 1136 1604 1188 bella
1635 1135 2007 1205 triumphans:
2206 1130 2464 1183 Ῥειτοί*οὸ
2493 1129 2726 1183 trucium
2757 1128 2875 1182 mili
2898 1128 3100 1198 pietate
3129 1126 3395 1182 refutans.

483 1221 731 1275 Officium
764 1237 894 1295 ergo
927 1221 1106 1275 libens
1138 1238 1285 1275 nunc
1320 1224 1540 1293 suscipe
1566 1222 1917 1293 pontificatus
2213 1221 2554 1292 Hincjmundi
2587 1219 2804 1274 culmen
2832 1219 3046 1273 Domini
3079 1218 3359 1289 postponit
3383 1216 3580 1272 honori

487 1310 593 1363 Pro
626 1327 733 1374 me,
770 1309 1046 1380 praecipue
1079 1310 1293 1372 doctus,
1325 1311 1494 1365 decus
1515 1312 1725 1365 ordinis
1756 1313 1940 1380 hujus,
2211 1313 2484 1379 Clemens,
2521 1313 2614 1383 qui
2637 1312 2786 1366 celso
2820 1310 3150 1365 Domitillam
3185 1309 3456 1384 sanguine
3486 1309 3691 1364 claram

491 1401 552 1455 Ut
580 1401 732 1455 nullo
759 1408 964 1456 terrore
996 1401 1141 1455 salus
1181 1402 1393 1472 plebeia
1422 1403 1656 1464 vacillet,
2209 1405 2448 1462 Sacravit
2488 1405 2727 1470 Christo,
2761 1418 2969 1474 sponso
2997 1403 3120 1457 tulit
3143 1403 3459 1457 Aureliano.

488 1497 587 1550 Per
613 1503 663 1550 te
700 1495 928 1550 firmatis
957 1513 1096 1567 quos
1127 1496 1500 1552 lucrifecimus
1529 1498 1686 1570 agnis
1753 1521 1779 1547 η
2211 1499 2445 1573 Virginis
2482 1497 2721 1552 eunuchi
2753 1497 3030 1567 siquidem
3062 1495 3267 1549 Nereus
3295 1501 3350 1550 et
3391 1493 3693 1558 Achilleus,

497 1585 851 1656 Prosequitur
879 1585 1076 1638 seriem
1106 1602 1212 1656 qua
1244 1587 1586 1656 dispensatio
1617 1594 1826 1642 cunctae
2214 1589 2478 1659 Discipuli
2513 1589 2654 1643 Petri
2685 1587 2995 1658 Christique
3027 1603 3129 1658 per
3155 1587 3341 1642 omnia
3367 1586 3531 1648 servi,

487 1674 693 1729 Clareat
728 1675 985 1729 Ecclesize
1011 1674 1231 1744 praesul,
1274 1693 1436 1746 quam
1471 1683 1626 1730 cauta
1658 1683 1950 1747 sequatur;
2215 1679 2551 1733 Clementem
2572 1694 2740 1748 super
2768 1677 2856 1731 his
2887 1677 3112 1742 adeunt,
3141 1677 3228 1732 cui
3255 1676 3382 1730 talia
3414 1675 3633 1739 fantur;

490 1766 672 1820 Rebus
711 1774 769 1820 ut
799 1765 1039 1820 externis
1071 1767 1290 1836 penitus
1323 1784 1379 1821 se
1414 1767 1716 1832 subtrahat,
1748 1769 1897 1822 omni
2143 1794 2192 1860 Β
2223 1792 2240 1819 ιι
2289 1770 2470 1824 Gloria
2501 1776 2612 1824 tota
2653 1777 2757 1823 tuie
2789 1768 3021 1823 Domino
3055 1767 3203 1840 quod
3235 1768 3464 1840 prsedita
3494 1768 3697 1821 mentis

487 1857 557 1912 Se
579 1858 789 1911 dedens
817 1858 997 1912 studio
1027 1858 1228 1912 mentis
1248 1859 1527 1930 verboque
1559 1860 1779 1914 salutis:
2144 1857 2161 1860 ⁷
2220 1862 2508 1926 Discimus,
2550 1877 2653 1916 nec
2675 1871 2727 1918 te
2757 1861 2827 1915 de
2850 1860 3141 1916 nobilitate
3172 1868 3481 1931 parentum,

490 1949 794 2019 Presbyteri
826 1949 957 2020 quid
989 1955 1178 2022 agant,
1205 1950 1433 2022 vigilent
1462 1959 1518 2004 ut
1552 1968 1738 2006 amore
1772 1959 2021 2021 paterno,
2218 1957 2356 2021 Quin
2386 1956 2455 2010 de
2485 1955 2723 2011 C(Blestis
2747 1954 2990 2027 gaudere
3021 1953 3326 2028 propagine
3359 1952 3553 2007 Patris.

491 2048 563 2098 Ac
595 2044 853 2098 studeant
887 2045 1090 2098 salvam
1131 2044 1287 2099 oculis
1330 2043 1590 2097 inducere
1622 2043 1872 2113 plebem;
2219 2045 2446 2099 Patruus
2468 2046 2585 2116 ipse
2610 2052 2734 2098 tuus
2755 2043 3025 2109 Clemens,
3061 2043 3187 2098 licet
3219 2042 3414 2098 ordine
3445 2041 3662 2104 consul,

489 2135 626 2198 Quid
660 2137 838 2190 clerus
869 2142 1050 2190 servet
1082 2135 1346 2206 reliquus,
1372 2136 1659 2205 sanctique
1690 2135 1952 2202 ministri,
2217 2137 2391 2206 Atque
2421 2135 2496 2189 tui
2530 2134 2692 2188 fuerit
2721 2149 3018 2207 germanus
3043 2134 3256 2208 origine
3287 2134 3478 2204 patris.

496 2223 677 2278 Cmtus
709 2224 859 2294 quod
893 2224 1086 2290 laicus,
1112 2225 1194 2278 vel
1227 2225 1372 2295 quod
1405 2225 1736 2297 generaliter
1755 2240 1967 2279 omnes.
2221 2227 2391 2295 Hujus
2420 2243 2520 2282 nos
2551 2234 2790 2282 mercata
2817 2241 2973 2282 soror
2997 2225 3374 2280 subeuntibus
3395 2225 3558 2279 annis

565 2314 654 2367 His
687 2313 758 2365 ita
790 2313 1100 2383 dispositis,
1131 2321 1282 2367 tanto
1301 2313 1679 2368 moderamine
1709 2314 1935 2387 dignum
2217 2316 2407 2370 [Elatis
2435 2332 2632 2387 parvos
2658 2323 2864 2370 tenerae
2905 2315 3158 2370 Plautilla
3184 2314 3407 2369 coemit.

500 2401 821 2457 Pontiticem
855 2401 1130 2472 impositis
1156 2401 1412 2455 manibus
1441 2403 1737 2473 statuitque
1765 2402 2041 2474 dicatque,
2219 2409 2558 2481 Quandoque
2592 2409 2905 2480 percipiens
2933 2409 3099 2462 vitam
3131 2408 3432 2463 tribuentia
3461 2407 3634 2463 verba

493 2490 758 2545 Omnibus
789 2497 954 2561 atque
984 2490 1158 2560 palam
1191 2490 1465 2544 cathedra:
1500 2491 1754 2544 rubidum
1779 2507 1872 2546 ora
1908 2492 2117 2562 pudore
2222 2501 2464 2556 Credidi;
2491 2516 2586 2556 ore
2621 2501 2785 2566 perri,
2817 2515 3086 2570 sacroque
3118 2505 3200 2552 est
3232 2499 3398 2552 tincta
3426 2497 3671 2556 lavacro;

495 2582 638 2636 Indit
660 2582 996 2651 apostolicae,
1026 2582 1283 2652 cogitque
1310 2581 1505 2635 sedere
1537 2592 1834 2650 sacratum,
2222 2590 2327 2645 Nos
2359 2591 2521 2646 simul
2551 2598 2715 2661 atque
2746 2590 2866 2658 ejus
2900 2587 3127 2643 soboles
3159 2586 3433 2641 Domitilla
3463 2602 3762 2640 sacramur:

494 2671 746 2725 Testibus
778 2671 905 2725 hinc
932 2671 1150 2741 populis
1181 2687 1336 2740 papae
1368 2672 1724 2741 mandatque,
1757 2678 2046 2746 rogatque,
2225 2680 2332 2734 Hoc
2361 2695 2507 2735 anno
2538 2689 2591 2734 et
2621 2678 2880 2734 dominus
2922 2677 3112 2732 Petrus
3141 2677 3288 2732 subit
3314 2677 3521 2731 aethera
3545 2685 3760 2746 martyr,

497 2761 617 2814 Haec
646 2759 850 2814 Jacobo
883 2759 1143 2814 Solimam
1186 2759 1410 2813 mittens
1440 2760 1718 2830 descripta
1749 2761 1978 2826 revelet,
2223 2770 2282 2824 Ει
2313 2769 2564 2824 Plautina
2591 2768 2681 2840 pio
2722 2775 2881 2839 pacto
2913 2776 3135 2822 terrena
3165 2767 3391 2838 reliquit

492 2856 683 2911 Debita
702 2872 764 2910 se
795 2863 1081 2926 postquam
1108 2853 1461 2922 vitaejactura
1493 2855 1754 2921 resolvet,
2217 2862 2280 2912 At
2309 2858 2606 2925 Domitilla,
2640 2857 2738 2911 viri
2775 2857 2906 2912 clari
2940 2872 3143 2927 sponsa
3183 2855 3488 2921 Aureliani,

493 2949 781 3002 lnsinuans
812 2947 1052 3000 breviter
1089 2946 1252 2999 vitam
1283 2956 1341 3000 ut
1369 2947 1678 3017 perceperit
1708 2947 1827 3015 ejus
2215 2952 2315 3006 Ore
2338 2957 2507 3006 satam
2531 2951 2727 3022 Cephea
2757 2956 2944 3004 nostro
2971 2949 3145 3003 audiit
3174 2964 3269 3004 ore
3297 2948 3556 3012 salutem,

491 3039 614 3105 Ore,
643 3052 829 3094 comes
852 3035 957 3089 sibi
983 3034 1077 3105 qui
1108 3033 1290 3101 fuerit,
1323 3051 1446 3106 quae
1469 3035 1726 3108 dogmata
1752 3035 1820 3089 ab
1849 3036 1970 3106 ipso
2215 3041 2376 3115 Virgo
2407 3042 2502 3096 Dei
2531 3040 2679 3113 quod
2702 3055 2888 3095 amore
2921 3055 3151 3093 manens
3190 3044 3467 3092 mereatur
3496 3036 3667 3108 apisci

495 3129 761 3195 Hauserit,
794 3133 848 3182 et
874 3126 967 3198 qui
993 3143 1053 3179 se
1085 3124 1214 3180 finis
1234 3126 1590 3198 deprenderit
1611 3128 1751 3194 illic;
2133 3165 2182 3233 Ο
2215 3132 2497 3187 Caelestem
2529 3146 2795 3202 sponsum
2824 3129 3201 3184 dominantem
3234 3129 3290 3182 in
3316 3127 3518 3182 saecula
3546 3126 3832 3208 Christum,

494 3221 784 3276 Afﬁrmans
817 3220 929 3274 fore
961 3218 1012 3272 ei
1043 3218 1312 3274 solamina
1342 3221 1577 3276 maxima
1597 3221 1798 3276 mentis
2137 3218 2182 3233 ν
2215 3223 2347 3280 Cum
2367 3241 2474 3298 quo
2503 3223 2720 3280 deliciis
2749 3225 2988 3295 divoque
3017 3223 3227 3276 fruatur
3250 3221 3484 3288 honore,

493 3316 715 3372 Noverit
744 3323 802 3370 ut
823 3315 1068 3380 doctum,
1098 3315 1270 3370 sancti
1299 3330 1401 3368 nec
1425 3315 1571 3383 juris
1602 3328 1862 3387 egenum,
2217 3316 2309 3370 His
2335 3317 2569 3388 aliisque
2601 3316 2841 3370 animata
2872 3312 2968 3367 Dei
2999 3312 3070 3366 de
3094 3327 3324 3366 munere
3356 3311 3539 3377 dictis,

494 3408 740 3464 Doctoris
765 3407 999 3462 subiisse
1037 3409 1214 3463 locum
1249 3406 1506 3478 Petrique
1535 3407 1871 3462 cathedram.
2218 3408 2322 3462 Per
2349 3414 2422 3472 te,
2450 3407 2628 3480 virgo,
2661 3406 2808 3476 cupit
2831 3402 3105 3459 velamina
3137 3417 3358 3456 sumere
3381 3401 3517 3454 voti.
3563 3422 3588 3444 ιι

494 3501 585 3554 Cui
622 3515 820 3571 parens
852 3499 1202 3572 implensqne
1232 3498 1365 3552 boni
1407 3507 1681 3568 praecepta
1702 3497 1971 3573 magistri,
2219 3499 2417 3553 Reddit
2446 3497 2514 3551 ad
2536 3498 2656 3552 haec
2685 3495 2972 3550 Clemens:
3017 3514 3046 3543 α
3088 3493 3163 3546 En
3191 3491 3377 3545 debita
3404 3497 3650 3559 tempora
3672 3502 3829 3541 cerno

492 3592 716 3665 Delegat
748 3591 1132 3647 Dominifratri
1165 3606 1286 3662 qua:
1309 3591 1460 3658 iussa
1489 3588 1735 3662 benigna
2221 3610 2246 3635 ιι
2290 3586 2522 3658 Martyrii
2553 3585 2792 3658 palmam
2825 3583 3088 3654 quoniam
3120 3579 3334 3635 vocatio
3363 3578 3587 3641 tendat;

493 3681 764 3756 Magniﬁci
787 3682 1024 3736 altisono
1060 3680 1202 3734 Petri
1237 3686 1557 3748 susceperat
1586 3695 1718 3744 ore;
2219 3707 2243 3728 ‹‹
2293 3683 2405 3737 Hac
2443 3695 2678 3752 pensare
2709 3679 2818 3745 via,
2859 3676 3154 3739 Domitilla,
3190 3677 3366 3729 nitere
3397 3688 3618 3728 corona.

490 3772 932 3842 Consectansque
974 3769 1144 3824 Patris
1176 3784 1422 3822 normam
1455 3767 1604 3822 docti
1646 3774 1817 3838 atque
1851 3765 2107 3829 modesti,
2222 3799 2247 3829 α
2285 3777 2390 3832 sed
2421 3776 2550 3848 quia
2582 3774 2838 3829 mandato
2867 3779 3224 3828 contemnere
3255 3768 3654 3825 mortiticantes

493 3859 593 3924 Qui
620 3858 726 3912 sibi
750 3867 1063 3914 consortem
1091 3856 1278 3911 scribit
1306 3855 1570 3927 cmlisque
1590 3860 1858 3920 notatum,

2217 3897 2241 3921 τι
2287 3870 2638 3941 Praecipimur
2667 3867 2909 3933 Domini,
2941 3873 3254 3920 temnamus
3284 3869 3461 3918 morte
3493 3862 3724 3922 ieroces,

492 3952 760 4007 omnibus
790 3951 973 4006 omnis
1004 3948 1086 4016 ﬁt,
1118 3947 1299 4003 salvos
1330 3957 1389 4002 ιη
1421 3948 1660 4019 Pmbeat
1689 3961 1906 4012 omnes:
2218 3987 2240 4010 «
2286 3961 2471 4017 Mortis
2495 3966 2548 4014 et
2569 3959 2626 4012 in
2658 3956 2826 4012 simili
2855 3962 3053 4011 nostra)
3082 3954 3293 4009 ditione
3327 3954 3597 4022 jacentes,

493 4044 733 4099 Gentiles
763 4042 1042 4114 siquidem
1074 4041 1282 4112 liquida
1313 4041 1523 4095 ratione
1554 4038 1810 4103 docebat,
2224 4075 2238 4100 .
2287 4050 2574 4120 perpetuas,
2603 4047 2726 4102 vitae
2768 4045 2902 4118 Regi
2936 4044 3142 4100 servire
3174 4043 3370 4114 parati.
3415 4063 3437 4091 ο

491 4133 557 4188 Ut
587 4133 776 4205 Popu“
807 4132 968 4186 fallax
1011 4131 1260 4186 divorum
1303 4128 1586 4200 ίιὙθΡδθΓίί
1617 4143 1791 4195 error:
2218 4141 2327 4195 Hoc
2350 4139 2514 4212 igitur
2535 4136 2786 4192 Clemens
2815 4134 3001 4189 animo
3031 4133 3291 4188 robustus
3318 4138 3372 4186 et
3400 4136 3522 4185 actu

490 4225 643 4281 unde
672 4225 1150 4300 genusthominum
1174 4238 1416 4294 quonam
1450 4219 1716 4276 defecerit
1735 4225 1875 4288 λείαν
2212 4227 2467 4284 Primatis
2489 4241 2748 4298 sponsam
2771 4223 2905 4299 Regi
2937 4222 3247 4293 despondet
3279 4219 3613 4279 habendam,

489 4315 732 4386 νίρθτείθ
765 4314 971 4369 ῖτᾶυάίε
1003 4328 1322 4384 Persuasum
1358 4312 1660 4366 umescere
1690 4310 1869 4377 Vanis;
2212 4322 2507 4378 Consecrat
2535 4325 2697 4390 atque
2729 4317 2818 4388 pio
2862 4323 3057 4371 tactam
3086 4321 3251 4385 caput
3277 4319 3434 4368 ornat
3463 4311 3684 4364 amictu.

489 4408 760 4462 Attestans
791 4407 941 4478 ipsos
969 4407 1132 4461 venia
1159 4413 1380 4476 V'ltaquc
1409 4403 1696 4471 levandOS,
2211 4412 2478 4482 Sponsus,
2512 4423 2700 4464 amore
2725 4407 2928 4480 gravis,
2959 4406 3258 4460 thalamum
3293 4403 3397 4458 sibi
3417 4401 3651 4474 virginis
3674 4406 3826 4454 orat:

490 4497 643 4552 ldola
662 4497 981 4568 linquentes
1013 4496 1224 4550 Christo
1251 4494 1298 4548 si
1328 4494 1495 4549 corda
1517 4491 1778 4563 pararim.
2124 4546 2182 4574 η
2211 4502 2453 4574 Despicit
2481 4502 2573 4557 illa
2604 4518 2818 4573 preces,
2845 4499 3030 4556 animo
3053 4497 3392 4572 rigidissima
3419 4496 3599 4560 durat,

490 4546 977 4568 --νη
1255 4546 1296 4548 η
1518 4546 1532 4563 .
1625 4546 1645 4547 η
2215 4546 2453 4574 mp-..
2481 4546 2573 4557 ...μ
2605 4546 2818 4573 rm“,
2845 4546 3026 4556 ω-.-
3425 4546 3548 4550 ηπ

488 4586 694 4642 Iudaeis
716 4585 1146 4656 patriarcharum
1172 4599 1269 4655 pro
1293 4583 1455 4638 laude
1479 4581 1751 4652 placebat.
2124 4546 2184 4615 Β
2210 4597 2406 4653 Tendit
2444 4597 2535 4652 hic
2564 4595 2782 4651 insidiis
2812 4601 3012 4650 castam
3045 4608 3243 4648 vexare
3277 4590 3548 4662 puellam;

489 4679 755 4734 Attollens
777 4678 952 4750 legem
974 4693 1182 4732 sacram
1207 4681 1502 4748 patresque
1529 4675 1740 4740 beatos,

2212 4692 2478 4746 Nobilitas
2506 4690 2614 4746 vim
2643 4689 2788 4745 ferre
2812 4695 2978 4754 vetat,
3011 4694 3124 4741 tum
3152 4682 3420 4756 principis
3440 4696 3605 4736 aures

489 4774 645 4845 lPsos
676 4780 990 4828 εθηαίοτυῐη
1008 4787 1206 4846 Genus,
1229 4787 1353 4826 arce
1383 4769 1582 4824 sedilia
1613 4767 1737 4822 003“
2214 4784 2548 4855 lnterpellat,
2584 4783 2638 4836 in
2671 4782 2778 4837 hoc
2805 4796 2876 4835 ne
2895 4779 3147 4850 principe
3177 4775 3549 4833 vinciturilla.

487 4866 670 4920 Prima
696 4866 902 4922 docens
929 4871 1270 4939 accepturos,
1299 4861 1464 4916 modo
1494 4876 1647 4952 sacra
1677 4859 1893 4930 piorum
2210 4877 2449 4952 Virginis
2477 4873 2731 4931 exsilium
2764 4871 3013 4928 decerni;
3041 4870 3407 4926 Domitianus,

488 4958 639 5013 Dicta
668 4958 1057 5029 prophetarum
1088 4955 1143 5010 in
1183 4953 1393 5009 Christo
1424 4951 1700 5022 completa
1730 4958 2006 5007 tenerent.
2212 4951 2442 5042 Spr’ctus
2465 4967 2534 5023 ab
2557 4967 2680 5035 hac,
2709 4976 2863 5022 sacra
2896 4962 3179 5036 ρνεεοίρηε
3213 4961 3363 5034 quod
3395 4966 3607 5015 temnat
3639 4957 3823 5012 3mm-

490 5051 732 5106 Dilectus
756 5065 914 5124 mage
942 5047 1297 5114 Christicolis,
1329 5052 1383 5101 et
1408 5044 1662 5100 amabilis
1700 5051 1823 5100 actu
3611 5053 3765 5120 [rens

487 5141 753 5200 Omnibus
780 5141 1080 5208 exstiterat,
1123 5137 1544 5210 conscriptaque
1587 5136 1811 5192 nomina
1850 5141 2106 5210 egentum
2210 5151 2409 5206 sanch
2429 5165 2461 5204 ει
2489 5147 2776 5220 proposito
2798 5144 3040 5201 revocari
3066 5143 3308 5200 creditur
3337 5140 3531 5204 exsul;

487 5231 768 5297 Servabat,
792 5231 915 5285 vitae
943 5231 1194 5286 tribuens
1224 5245 1322 5300 pro
1351 5245 1515 5301 posse
1549 5228 1822 5293 levamen,

1773 5243 1822 5293 ην
2213 5239 2412 5295 Exsilio
2434 5237 2593 5308 cujus
2622 5237 2746 5292 data
2778 5234 2970 5290 Pontia
3009 5232 3341 5288 nobilitatur

487 5323 785 5391 Quaesitum
808 5337 911 5377 nec
949 5323 1103 5378 abire
1132 5323 1324 5378 sinens
1354 5338 1452 5393 per
1482 5320 1702 5391 publica
1730 5319 1929 5374 victum

2214 5333 2462 5390 Eunuchi
2493 5332 2740 5408 insignes
2768 5329 3048 5386 dominam
3067 5327 3402 5384 comitantur
3430 5331 3672 5380 euntem.

487 5414 740 5484 Compita
767 5412 996 5470 Judaico
1027 5424 1122 5472 aut
1151 5414 1350 5491 gentili
1377 5428 1608 5469 munere
1640 5411 1806 5484 pasti.

2011 5511 2217 5568 CAPUT
2260 5511 2325 5566 ll.

1667 5619 1746 5676 De
1771 5623 1978 5676 sancto
2006 5615 2242 5676 Joanne
2271 5612 2665 5687 evangelista.

486 5723 681 5776 Plures
708 5722 843 5790 quin
871 5723 1036 5776 etiam
1067 5725 1284 5777 diversa
1307 5739 1407 5793 per
1432 5722 1618 5777 abdita
1644 5723 1804 5776 trusit
2211 5719 2483 5794 Turgidus
2522 5717 2610 5771 hic
2639 5715 2898 5786 princeps
2924 5709 3206 5764 discussos
3233 5707 3427 5776 judice
3458 5708 3624 5761 nullo.

489 5809 758 5877 Egregios
786 5808 1072 5878 clarosque
1099 5811 1267 5877 viros,
1297 5812 1597 5882 gladioque
1628 5812 1863 5881 peremit
2215 5812 2446 5880 Insuper
2477 5805 2798 5882 aggreditur
2827 5801 3082 5858 scelerati
3123 5802 3365 5872 incmpta
3396 5798 3627 5853 Neronis
