3970 6200
171 380 270 436 617
790 383 871 436 DE
912 383 1172 438 CHRISTI
1215 385 1582 439 TRIUMPHIS
1624 386 1795 440 APUD
1837 385 2104 440 lTALIAM
2147 384 2320 439 LIBRI
2361 384 2496 439 XIV.
2538 413 2606 424 —
2648 383 2776 437 LIB.
2822 383 2886 436 ll.
3401 384 3505 438 618

175 505 399 560 lnfanda
438 505 666 562 sceleris
706 523 993 564 successor
1017 510 1440 573 theomaehiam,
1811 515 1859 580 Α
1887 509 2316 580 Expositumque
2345 509 2459 563 salo
2491 508 2748 562 Pathmos
2765 505 2913 576 capit
2938 505 3119 559 insula
3156 503 3330 559 sablo.

175 595 319 649 Bella
358 596 470 667 poli
505 597 734 652 Domino
766 597 1039 665 indicens,
1057 606 1385 672 sanctosque
1411 603 1709 671 trucidans,
1887 599 2290 674 Hicprofugum
2313 599 2521 654 mundo
2554 597 2744 652 mundi
2787 613 2888 651 nec
2927 595 3134 650 deserit
3159 603 3370 660 auctor,

176 687 603 759 Disquirensque
636 689 740 759 pia:
770 699 1030 760 patronos
1061 691 1260 761 plebis,
1293 700 1352 748 ut
1382 695 1538 749 audit
1885 692 2079 747 Visitat
2103 699 2399 757 extorrem,
2433 690 2668 761 coelique
2697 704 2894 742 arcana
2926 687 3162 742 recludit
3189 705 3203 751 ;

178 776 301 831 Post
332 776 575 848 reliquos
614 779 861 848 regimen
893 779 1023 834 fidei
1065 782 1566 850 mansisseJoanni,
1889 783 2143 838 Oromale
2174 782 2371 838 illustri
2406 782 2624 852 pulsum
2656 780 2866 835 solatur
2883 779 3145 844 amicum,

179 865 330 919 Hunc
358 865 781 922 velutEcclesiaz
813 869 1069 924 columen
1101 872 1236 941 petit
1276 872 1559 943 improbus
1595 890 1785 941 unum,
1893 872 2148 927 Ecclesia:
2179 871 2404 945 signans
2434 877 2579 924 tecto
2619 868 2722 922 sub
2765 868 3041 939 enigmatc
3076 881 3313 938 pugnas,

179 954 449 1025 Principis
474 964 534 1010 ut
573 959 742 1013 multa
768 960 978 1015 socium
1011 962 1358 1032 disperderet
1389 981 1608 1039 agmen.
1890 963 2066 1033 Atque
2099 962 2504 1031 triumphorum
2527 968 2744 1013 Secreto
2774 960 3054 1012 schemate
3080 958 3304 1027 palmas.

182 1046 547 1120 Duciturergo
577 1045 791 1117 Epheso
812 1048 1059 1117 Romam,
1089 1059 1144 1107 et
1171 1062 1456 1124 spectante
1477 1057 1682 1111 Senatu
1894 1056 2041 1120 Post,
2073 1055 2140 1109 ad
2169 1056 2534 1126 apostolicum
2570 1053 3022 1107 lideiconstantis
3051 1053 3340 1116 honorem,

176 1136 426 1190 Induitur
454 1137 624 1206 pleno
650 1136 916 1193 ferventis
936 1140 1086 1195 dolio
1119 1142 1244 1196 olivi
1279 1161 1293 1208 ;
1898 1148 1992 1202 Hic
2022 1148 2116 1202 ubi
2159 1147 2450 1202 candentis
2475 1146 2605 1200 vicit
2629 1145 2987 1217 pinguedinis
3027 1145 3203 1218 ignes,

172 1226 392 1299 Integer
420 1233 474 1280 at
504 1227 677 1292 testis,
713 1229 914 1298 prodit,
947 1229 1060 1297 jam
1095 1231 1233 1285 liber
1264 1233 1330 1285 ab
1353 1233 1500 1306 igne.
1893 1236 2178 1290 Basilicam
2210 1243 2460 1290 struxere
2491 1235 2564 1304 pii
2595 1242 2808 1304 portam
2835 1242 2962 1287 ante
2983 1233 3250 1297 Latinam,

168 1313 340 1376 Quam
374 1315 538 1370 nituit
578 1317 775 1371 caelebs
805 1318 1095 1389 omnisque
1129 1319 1377 1375 libidinis
1406 1339 1621 1395 expers.
1893 1330 2060 1394 Quam
2095 1330 2302 1384 clarum
2327 1329 2606 1383 redimivit
2637 1344 2777 1398 opus
2806 1327 3094 1400 generatio
3128 1326 3311 1380 Sancti
3348 1343 3362 1388 ;

174 1407 310 1478 Igne
333 1407 692 1480 triumphato,
721 1411 883 1465 terris
908 1411 1237 1483 propellitur
1261 1416 1434 1480 exsul,

1894 1422 2031 1478 Hinc
2060 1440 2284 1496 quoque
2318 1423 2451 1478 festa
2483 1422 2602 1477 dies
2632 1422 2802 1496 digno
2833 1421 3174 1476 instauratur
3214 1419 3445 1482 honore,

1673 1540 1882 1597 CAPUT
1931 1543 2023 1598 lll.

880 1636 958 1695 De
992 1638 1401 1716 confessionne
1433 1644 1915 1720 propinquorum
1949 1645 2176 1705 Christi
2206 1662 2409 1705 coram
2438 1645 2802 1704 Domitiano.

184 1749 439 1804 Erectum
471 1749 615 1804 ultra
636 1749 916 1805 hominem
975 1754 1248 1809 meditans
1288 1755 1401 1810 fera
1430 1757 1614 1812 bellua
1639 1776 1796 1814 man-
1897 1761 2060 1816 Audit
2089 1778 2146 1815 re
2177 1768 2372 1815 tenues
2403 1777 2415 1814 :
2451 1760 2648 1814 Christi
2681 1759 2994 1831 quam'ditia
3011 1775 3179 1831 regna
3204 1759 3232 1811 ?

1615 1847 1725 1916 [dat
1823 1863 1870 1930 ις
1900 1851 2042 1921 Ipse,
2076 1849 2198 1921 quis
2222 1849 2472 1920 inquirit,
2495 1849 2580 1902 vel
2612 1849 2858 1920 quando,
2891 1848 2977 1903 vel
3009 1848 3157 1901 unde
3179 1847 3396 1902 futurus
3426 1847 3451 1898 ί(

181 1927 253 1981 Ut
280 1926 686 1997 Dominumque
727 1927 1012 2000 Deumque
1041 1931 1147 1986 coli
1171 1949 1230 1986 se
1264 1933 1626 2002 Domitianus,
1826 1926 1859 1930 ’⁷
1898 1938 1960 1992 lli
1993 1937 2236 1992 referunt
2267 1938 2431 2006 hujus
2458 1937 2669 1992 Christo
2699 1953 2807 1992 non
2839 1935 3278 2010 culmina“‘regni

174 2019 396 2074 Invidia
435 2018 567 2073 furit
597 2018 651 2072 in
686 2020 980 2087 Christum,
1003 2021 1323 2092 sanctisque
1355 2023 1639 2093 prophetis
1897 2032 2121 2088 Τριοπιθηὶ
2155 2032 2423 2102 rapienda
2451 2048 2572 2100 suo,
2605 2032 2853 2087 cmleslia
2873 2048 3090 2086 summo

175 2110 450 2167 Credulus
468 2119 547 2176 ut,
569 2112 880 2183 metuitque
911 2114 1214 2167 etiamnum
1232 2114 1404 2184 stirpe
1425 2116 1720 2170 creandum
1901 2126 2127 2195 Sceptra
2158 2141 2384 2179 manere
2408 2125 2516 2178 lleo
2549 2143 2564 2190 ;
2595 2125 2876 2199 angelicos
2899 2139 3092 2194 parere
3123 2122 3429 2190 ministros,

176 2203 448 2265 Πενίῑίοδι
474 2202 568 2273 (ἰαί
595 2211 810 2274 Sceptra
841 2215 1031 2277 regat;
1064 2206 1297 2278 vestigat
1319 2207 1517 2262 acerbe
1905 2212 1998 2267 Cui
2021 2220 2235 2268 constet
2267 2229 2610 2284 regnumque
2643 2229 2854 2283 parare,
2901 2213 2956 2265 in
2991 2210 3182 2264 limine
3213 2211 3383 2274 saecli,

176 2297 408 2351 Davidis
437 2313 633 2370 genus,
665 2304 719 2352 et
749 2306 1019 2353 tormenta
1048 2315 1146 2369 per
1176 2299 1346 2370 impia
1370 2302 1540 2372 quaeri
1905 2307 2039 2359 Dum
2070 2306 2254 2361 veniet
2277 2305 2448 2374 judex
2478 2304 2668 2359 divino
2699 2303 2867 2358 fultus
2898 2304 3132 2368 honore,

179 2389 546 2460 lntcrimique
570 2388 767 2457 jubet;
801 2389 861 2443 fit
890 2391 1119 2460 quaestio
1151 2391 1320 2445 cruda
1352 2393 1586 2463 tyranni.
1906 2397 2124 2453 Judicet
2155 2405 2213 2451 ut
2246 2396 2423 2463 vivos,
2447 2397 2638 2451 mortis
2663 2412 2885 2467 quoque
2909 2395 3030 2468 lege
3057 2393 3337 2459 subactos,

177 2481 564 2536 Restituerant
587 2481 810 2552 quidam
841 2481 994 2536 ludas
1027 2491 1155 2536 tunc
1171 2483 1309 2538 forte
1333 2493 1588 2554 nepotes,
1908 2487 2010 2541 Pro
2041 2485 2253 2540 meritis
2283 2493 2336 2540 et
2362 2486 2564 2556 cuique
2587 2485 2702 2540 suis
2734 2492 2792 2539 ut
2823 2485 2989 2558 digna
3018 2483 3307 2554 rependat.

178 2573 248 2626 Hi
279 2587 502 2643 quoque
533 2572 720 2637 delati,
748 2572 956 2629 Christo
986 2574 1140 2644 quasi
1174 2590 1337 2630 carne
1359 2576 1678 2647 prOpinqui,
1908 2577 2134 2648 Despuit
2156 2577 2378 2631 inflatus
2399 2593 2670 2648 personas
2699 2576 2944 2651 tegmine
2974 2577 3112 2631 viles
3147 2594 3161 2640 ;

177 2665 484 2720 Ducuntur
511 2663 628 2737 regi
663 2681 677 2728 ;
711 2664 910 2738 rogitat
940 2665 1050 2719 sint
1080 2667 1351 2740 sanguine
1379 2668 1513 2722 creti
1913 2671 2023 2724 Nec
2049 2669 2284 2743 dignans
2314 2670 2532 2739 punire,
2564 2684 2694 2724 suos
2719 2668 2954 2723 dimittit
2983 2668 3138 2722 abire
3165 2685 3178 2720 :

179 2747 483 2810 Davitico?
522 2753 826 2818 Promunt;
862 2762 1017 2829 rogat
1079 2757 1166 2810 his
1195 2773 1358 2828 quam
1408 2775 1608 2832 magna
1637 2758 1812 2815 facul-
1914 2759 2061 2813 Missi
2095 2758 2474 2832 magnanimes
2500 2759 2781 2830 praaconia
2810 2757 2958 2813 celsa
2977 2758 3237 2822 fatentur,

1557 2848 1658 2919 [tas
1683 2852 1710 2904 ?
1918 2848 2285 2919 Ecclesia-que
2312 2848 2482 2903 duces
2509 2848 2660 2918 pacis
2691 2855 2814 2918 post
2839 2857 3087 2918 tempore
3118 2847 3326 2902 vivunt.

1683 2979 1893 3035 CAPUT
1935 2980 2018 3034 1V.

1290 3081 1364 3140 De
1398 3078 1629 3141 ultione
1671 3081 1942 3140 secundae
1966 3081 2419 3157 persecutionis.

196 3184 549 3241 Domitianus
587 3183 680 3254 qui
713 3183 899 3254 plures
929 3190 1204 3238 exemerat
1229 3184 1374 3238 arvis
1841 3189 1890 3257 ρ
1921 3184 2131 3239 Elatum
2164 3183 2416 3255 proprias
2448 3183 2936 3254 perscrutabantur
2967 3183 3024 3238 in
3055 3183 3224 3250 aedes,

187 3275 554 3331 Christicolas
579 3274 838 3345 prepriis,
868 3274 920 3327 in
955 3272 1196 3328 fautores
1226 3273 1340 3328 fera
1371 3275 1533 3329 vertit
1921 3276 2192 3330 Pellentes
2217 3275 2416 3330 misera
2437 3275 2694 3330 vindictae
2725 3275 2848 3349 lege
2875 3283 3164 3346 protervos
3202 3293 3213 3328 :

182 3365 398 3421 Judicii
427 3364 650 3418 decreta
669 3364 837 3418 trucis
876 3382 891 3426 ;
928 3363 1210 3433 pelluntur
1237 3361 1304 3415 ab
1330 3362 1467 3432 ipsis
1921 3363 2183 3418 Omnibus
2210 3361 2459 3418 infensus
2485 3362 2600 3418 fera
2620 3363 2861 3434 pessima
2887 3363 3249 3422 Domitianus,

185 3456 482 3519 Militibus,
515 3454 641 3526 quis
670 3461 1004 3509 consuerant
1034 3453 1155 3508 cmli
1190 3453 1409 3528 agmina
1437 3453 1604 3523 pell':
1920 3455 1961 3508 A
1993 3454 2234 3525 pr0priis
2267 3453 2484 3508 famulis
2514 3454 2750 3525 ﬁdisque
2782 3464 3104 3527 peremptus
3132 3453 3370 3508 alumnis

189 3540 1818 3614 lrreptantpenetrantquedomos,dominosquelacessunt,
1922 3548 2115 3603 Omnia
2138 3549 2381 3604 crudelis
2411 3551 2712 3607 crudeliter
2735 3551 3113 3617 exanimamr;

188 3640 614 3712 Exturbantque
635 3641 751 3695 suis
779 3640 990 3694 similes
1020 3638 1398 3710 penetralibus
1433 3639 1563 3694 olim
1931 3637 2225 3709 Sandapila
2247 3646 2468 3693 evectus
2489 3655 2710 3713 quoque
2740 3641 3161 3712 vespillonibus,
3185 3645 3345 3694 antro

186 3733 417 3806 ZEgypti
447 3733 594 3789 ranis
620 3733 887 3805 p0pulum
927 3749 1050 3804 qua:
1071 3740 1254 3806 strage
1284 3732 1528 3787 secunda
1929 3731 2186 3804 Turpiter
2216 3732 2748 3808 ingestus,p0pulari
2781 3736 3051 3809 mergitur
3069 3751 3228 3791 urna.

1725 3866 1936 3922 CAPUT
1973 3869 2033 3924 V.

1330 3976 1407 4034 De
1439 3975 1641 4034 reditu
1667 3977 1865 4035 sancti
1891 3974 2149 4036 Joannis
2173 3977 2445 4054 apostoli.

199 4090 336 4144 Post
353 4101 516 4158 quem
540 4085 714 4141 Nerva
733 4101 902 4141 senex
932 4085 1226 4154 Trajanum
1259 4084 1434 4139 lectus
1474 4084 1719 4155 adoptat,
1933 4084 2096 4140 Liber
2123 4085 2191 4140 ab
2211 4086 2404 4141 exsilio
2437 4086 2583 4156 (171)
2608 4101 2841 4160 magnus
2860 4087 3066 4156 pietate
3092 4087 3336 4142 Joannes

197 4177 652 4248 Participemque
684 4174 812 4231 facit
841 4175 1010 4230 fastus
1041 4193 1056 4241 ;
1091 4180 1375 4230 cassantur
1413 4181 1469 4230 et
1496 4179 1648 4228 actus
1931 4175 2259 4249 Regreditur
2288 4174 2552 4231 doctrina:
2576 4173 2850 4245 Ephesum
2885 4175 3186 4245 repetendo
3209 4173 3548 4230 cathedram.

196 4269 658 4334 Praedecessoris,
692 4266 908 4341 profugi
942 4273 1286 4333 revocantur,
1312 4281 1490 4337 eaque

1708 4335 1919 4392 CAPUT
1958 4339 2044 4393 Vl.

1249 4442 1326 4500 De
1354 4441 1543 4501 exilio
1572 4458 1634 4501 sa
1648 4449 1921 4502 notorum
1951 4443 2130 4502 Nerei
2159 4449 2210 4500 et
2241 4440 2514 4499 Achillei.

201 4557 443 4612 Athletze
471 4554 691 4622 Christi,
722 4553 1014 4610 Domitillae
1040 4554 1107 4608 ad
1128 4553 1272 4608 bella
1303 4553 1569 4628 magistri,
1854 4552 2456 4629 DPraefectogenitum
2488 4550 2515 4605 ?
2549 4585 2558 4588 -
2590 4550 2721 4616 Quis
2765 4552 2913 4606 hunc
2945 4548 3034 4602 hic
3065 4547 3274 4602 nesciat
3308 4548 3320 4601 l
3358 4567 3383 4597 »
3420 4547 3499 4602 llli
3540 4567 3550 4602 :

197 4647 408 4704 Pontia
429 4647 522 4701 dat
551 4646 753 4718 quibus
783 4645 1107 4716 hospitium,
1148 4645 1278 4699 dum
1315 4661 1546 4701 noscere
1575 4651 1766 4699 curant
1939 4667 1968 4698 α
1999 4645 2308 4702 Attribuitis
2338 4644 2463 4699 eine
2495 4643 2658 4700 fidem
2692 4643 2835 4700 Petri
2855 4640 3162 4695 Simonisve

202 4737 403 4805 Qualis
442 4737 663 4804 humus,
686 4736 844 4804 cuius
865 4735 994 4790 ﬁdei
1028 4735 1288 4806 qualesve
1318 4735 1524 4800 coloni,
1941 4741 2120 4797 Laude
2149 4757 2318 4812 super
2349 4738 2377 4792 ἱ)
2397 4771 2458 4779 -
2484 4739 2721 4794 Nimium
2752 4736 2962 4811 rigidus
2984 4733 3322 4806 quicrcderc
3350 4741 3555 4785 lemnat

207 4835 370 4890 Bella
393 4833 526 4887 viris
555 4833 836 4888 tractanda
869 4831 974 4903 piis
1005 4838 1148 4886 terra
1179 4829 1400 4902 hospita
1432 4835 1633 4900 portat.
1942 4830 2215 4893 Personae,
2243 4828 2508 4896 referunt,
2537 4835 2720 4894 tantae,
2755 4835 2862 4882 tam
2895 4822 3164 4896 sanguine
3195 4821 3375 4881 claris,

203 4925 429 4994 Nempe
449 4923 653 4978 schola:
680 4923 922 4977 Simonis
943 4921 1166 4992 quidam
1202 4921 1562 4977 inveniuntur
1603 4916 1840 4974 alumni.
1944 4921 2195 4977 Etsancii
2218 4938 2230 4974 ε
2255 4947 2274 4965 ,ι
2308 4919 2534 4973 Tantum
2565 4918 2619 4972 id
2649 4917 2884 4989 propriae
2926 4920 3180 4986 praestate
3209 4910 3392 4973 saluti,

202 5020 442 5075 Artibus
468 5019 761 5092 indigenas
789 5017 902 5073 fere
924 5017 1264 5073 subvertisse
1293 5015 1559 5087 profanis,
1945 5011 1984 5064 A
2014 5007 2176 5063 nobis
2202 5007 2389 5078 apices
2419 5007 2597 5061 donec
2623 5007 2915 5076 sapiatque
2947 5003 3214 5072 feratque,

209 5115 376 5170 Falsa
406 5128 507 5184 per
532 5114 767 5167 atracias
798 5114 914 5180 (sic)
932 5118 1303 5167 monstrantes
1332 5109 1488 5182 signa
1511 5107 1736 5182 figuras.
1949 5101 2041 5156 llis
2071 5115 2237 5170 super
2266 5100 2494 5153 istorum
2526 5097 2778 5152 doctrina
2810 5094 3038 5184 avertite
3077 5099 3310 5184 mentes.

206 5180 607 5277 Pallentesque
638 5207 748 5260 Deo
769 5204 1015 5280 genitum
1038 5204 1287 5279 genitore
1321 5180 1664 5275 magistrum.
1947 5193 2121 5280 Atque
2145 5189 2296 5280 prius
2326 5185 2492 5280 nostri
2528 5185 2790 5239 recitctur
2822 5180 3254 5280 epistolanvobis,

202 5301 437 5368 proque
462 5272 556 5351 Déi
581 5297 751 5351 cnam
769 5272 1069 5351 “Simone”;
1088 5309 1314 5350 suasere
1346 5272 1663 5356 colendum,
1946 5279 2201 5348 Quolibet
2231 5279 2360 5333 hinc
2390 5277 2482 5331 illa
2511 5282 2748 5331 vestram
2782 5280 3035 5346 gestante
3067 5272 3288 5327 feratur.

198 5388 249 5442 Η
262 5403 326 5442 os
348 5365 482 5441 dum
514 5385 812 5456 praevalida
840 5384 1012 5440 sancti
1041 5385 1242 5440 virtute
1276 5381 1538 5447 refutant,
1949 5375 2126 5447 Ipsius
2155 5389 2218 5427 ac
2241 5377 2450 5426 vestras
2489 5366 2737 5423 consulta
2767 5367 3023 5440 legantur
3046 5365 3099 5418 in
3134 5379 3314 5418 aures.
3353 5385 3376 5404 »

198 5477 465 5534 C(Btibus
493 5453 729 5544 eﬁ'ultos,
764 5475 1031 5546 populum
1059 5475 1329 5530 scitantur
1363 5474 1418 5526 in
1461 5472 1601 5526 ista:
1948 5467 2214 5523 Omnibus
2245 5464 2298 5518 id
2332 5461 2630 5535 placitum;
2663 5459 2915 5515 scribunt
2945 5473 3067 5512 mox
3100 5457 3229 5510 talia
3267 5453 3464 5509 sancti.

167 5613 190 5620 ς
214 5597 249 5627 (ι
283 5573 600 5629 Marcellum
631 5573 810 5628 Marco
841 5570 1095 5642 nunquid
1123 5567 1457 5643 cognoscitis
1481 5566 1635 5622 Urbis
1954 5590 1974 5611 ε-
2011 5565 2118 5618 Nos
2139 5560 2280 5616 servi
2307 5558 2503 5614 Christi
2543 5558 2672 5612 Jesu
2701 5555 2907 5610 Nereus
2935 5561 2990 5609 et
3013 5553 3287 5608 Achilleus

304 5715 447 5781 (171)
480 5711 610 5767 Cod.
648 5711 824 5780 prima
846 5725 1011 5764 manu
1041 5708 1366 5777 gentilium;
1402 5719 1539 5758 corr.
1578 5706 1646 5758 ab
1684 5702 1900 5756 exsilio.

556 5839 836 5899 PATROL.
888 5833 1210 5898 CXXXV.
3166 5819 3244 5882 20
