3970 6200
495 346 600 400 till)

494 474 751 529 Marcello
780 473 1159 544 condiscipulo
1201 491 1298 544 per
1327 474 1488 530 szecla
1510 475 1760 531 salutem.

496 568 714 621 Pontica
746 565 1036 637 prepulsos
1063 583 1185 620 cum
1219 582 1320 621 nos
1342 570 1618 641 ergastula
1649 577 1920 639 pressent,

494 659 723 712 Nomine
753 674 849 729 pro
884 658 1095 712 homini
1123 659 1427 729 gaudemus
1467 662 1594 715 talia
1614 658 1780 731 passi.

490 754 753 825 Discipuli
780 754 1023 808 Simonis
1054 756 1151 810 sed
1173 756 1375 828 gaudia
1404 763 1588 812 nostra
1609 755 1859 830 fatigant.

494 842 681 897 Furius
702 853 755 897 et
780 843 997 898 Priscus
1025 844 1242 918 profugi
1275 861 1374 916 pro
1400 845 1591 899 fraude
1624 844 1867 919 magistri
1904 861 1918 909 ;

489 935 765 987 .hscrtant
793 934 999 988 ctenim
1019 936 1320 991 innocuum
1344 936 1546 991 vixisse
1580 936 1886 999 Simonem,

490 1027 755 1100 lluncque
795 1032 938 1085 odiis
967 1030 1266 1085 insectatus
1302 1030 1374 1085 sit
1415 1031 1610 1085 Petrus
1641 1030 1887 1101 iniquis;

1214 351 1577 405 FLODOARDI
1621 351 1920 406 CANONICI
1967 351 2295 409 REMENSIS
2336 358 2670 416 OPUSCULA
2711 361 3019 421 METRICA.

2139 486 2188 549 Α
2216 483 2457 556 Cumque
2488 503 2928 560 repugnaremus
2948 490 3031 546 eis
3063 508 3134 548 ne
3159 494 3414 552 crederet
3438 498 3618 568 ullus,

2206 575 2438 649 Dignum
2472 576 2599 631 hinc
2631 586 2683 631 te
2713 579 2880 633 certis
2899 581 3235 637 astruximus
3260 599 3385 640 esse
3405 587 3627 656 relatis,

2206 669 2503 724 informare
2532 669 2640 724 tuis
2678 672 2855 741 possis
2880 672 2974 743 qui
3008 672 3213 729 fatibus
3235 675 3380 743 illos,

2205 757 2330 825 Ejus
2361 774 2482 813 cum
2505 758 2672 813 vitam
2703 760 3011 817 discussius
3042 762 3161 833 ipse
3194 766 3471 837 probaris,

2206 846 2519 917 Discipulus
2551 848 2742 914 fueris,
2777 858 3006 906 cunctos
3035 854 3329 927 agnoveris
3348 865 3507 913 actus
3542 877 3558 924 ;

2204 939 2277 993 Nc
2318 939 2521 1013 pigeat,
2558 941 2817 1012 petimus,
2851 943 2937 997 his
2965 944 3233 1013 scribere,
3277 964 3536 1017 promere
3568 967 3768 1006 verum

2202 1029 2455 1084 lnsontes
2479 1030 2616 1086 solvi
2649 1037 2708 1086 ut
2735 1032 2956 1088 valeant
2985 1034 3274 1091 erroribus
3300 1038 3524 1093 horum.
3556 1062 3582 1083 ι·

1978 1143 2182 1199 CAPUT
2220 1144 2329 1200 Vll.

1436 1256 1665 1314 ltelatio
1698 1254 1968 1313 Marcelli
1994 1251 2064 1310 de
2090 1251 2411 1313 miraculis
2437 1256 2636 1314 sancti
2669 1250 2857 1314 Petri.

489 1359 607 1413 ηερε
639 1376 859 1431 quoquc
890 1362 1327 1419 rescribitsolers
1344 1360 1628 1416 Marcellus
1653 1360 1719 1415 ad
1756 1360 1887 1414 ista:

488 1472 508 1496 σε
543 1451 772 1504 Almitici
806 1451 1019 1506 Domini
1047 1451 1174 1505 Jesu
1194 1451 1282 1521 pia
1312 1450 1484 1521 gratia
1515 1457 1713 1503 tecum.

486 1537 770 1592 Marcellus
794 1554 966 1609 prono
990 1538 1185 1592 Christi
1202 1538 1486 1593 molimine
1508 1552 1704 1591 servus

486 1630 659 1684 Nereo
690 1639 744 1684 et
779 1630 1023 1685 Achilleo
1055 1630 1399 1701 praeconibus
1426 1628 1585 1683 almis

483 1718 887 1773 Grammatibus
909 1719 1105 1773 vestris
1135 1718 1224 1789 pia
1239 1718 1454 1791 gaudeo
1482 1718 1683 1792 gaudia
1714 1715 1894 1783 lectis,

487 1811 810 1865 Constantes
847 1810 1122 1882 siquidem
1154 1826 1250 1866 vos
1279 1826 1509 1881 corpore
1540 1810 1721 1865 sentio
1752 1815 1806 1862 et
1836 1822 1951 1873 ore,

486 1903 842 1975 Sollicitoque
875 1903 1047 1974 proba
1080 1919 1178 1973 pro
1205 1919 1335 1958 vero
1367 1903 1621 1957 insistere
1653 1917 1837 1975 pugna
1869 1918 1882 1954 :

485 1998 767 2067 Objectum
798 2000 895 2053 sed
926 1999 1074 2054 enim
1109 1998 1401 2053 innocuum
1435 1998 1564 2069 quia
1594 1997 1733 2052 forte
1750 1995 2028 2049 Simonem

488 2090 763 2157 Promitis,
800 2092 929 2145 hinc
958 2091 1144 2161 aliqua
1173 2091 1424 2161 quaedam
1458 2105 1556 2160 pro
1586 2096 1735 2159 parte
1770 2086 1998 2145 fatebor.

487 2182 523 2235 Ε
558 2182 747 2252 paucis
778 2199 1006 2253 pensare
1039 2182 1144 2237 cati
1175 2197 1286 2253 quo
1315 2181 1551 2252 plurima
1572 2180 1775 2235 norint.

490 2277 669 2348 ipsius
696 2279 961 2332 asseclam
989 2276 1103 2333 fore
1129 2292 1215 2332 me
1238 2294 1361 2332 nam
1386 2276 1618 2349 contigit
1643 2276 1798 2336 olim,

486 2371 656 2436 Quem
690 2372 819 2426 dum
850 2371 1096 2428 fictorem
1147 2381 1313 2443 atque
1364 2387 1607 2445 magum,
1666 2384 1874 2441 perque
1918 2365 2104 2423 omnia

1757 2458 2033 2529 [nequam,

490 2548 873 2623 lnfantumque
905 2561 1241 2619 necatorem,
1273 2550 1565 2621 dirumque
1592 2549 1934 2621 probassem,

485 2643 735 2709 Deserui,
769 2645 1037 2716 Petroque
1068 2644 1208 2700 viam
1242 2644 1566 2715 complexus
1597 2642 1825 2697 adhaesi.

488 2732 639 2787 llunc
667 2733 1042 2787 Zoroastreum
1074 2742 1343 2788 memorat
1367 2732 1496 2787 dum
1527 2732 1925 2795 Samaritanus,

488 2825 661 2894 Inque
699 2823 891 2878 odium
926 2824 1115 2895 pepuli
1155 2834 1369 2879 mentes
1399 2823 1726 2879 accenderet
1753 2824 1897 2892 ejus,

492 2911 626 2964 Ecce
656 2919 881 2981 repente
904 2912 998 2966 ubi
1026 2913 1303 2967 sincerum
1335 2912 1595 2983 carpebat
1619 2912 1859 2983 iniquus,

488 2999 669 3054 Turba
690 3000 871 3069 ampla
900 3001 1137 3071 stipante
1154 3001 1351 3068 virum,
1383 3000 1652 3056 transibat
1673 3000 1872 3055 amaris

490 3088 822 3142 Lamentans
844 3088 1100 3160 lacrymis
1129 3088 1320 3144 orbata
1345 3096 1406 3144 ut
1434 3088 1662 3156 femina,
1694 3089 1851 3160 cujus

490 3178 689 3233 Unicus
714 3179 991 3234 occiderat
1015 3188 1236 3255 gnatus,
1269 3196 1587 3252 nomenque
1619 3178 1864 3251 parentis

486 3270 796 3325 Abstulerat
824 3272 1021 3336 viduae,
1055 3273 1279 3347 gemino
1306 3289 1428 3345 qum
1461 3272 1736 3344 squallida
1775 3271 1954 3325 busto.

487 3362 581 3417 Hic
612 3361 822 3432 Ccphas
853 3363 1061 3419 Simoni
1093 3374 1347 3419 assuetos
1366 3363 1562 3419 affatur
1583 3363 1792 3418 amicos
1825 3379 1838 3415 :

487 3477 510 3506 α
546 3458 644 3522 lte,
673 3457 799 3524 viri,
827 3473 1068 3527 praesens
1089 3457 1290 3513 feretro
1318 3457 1521 3512 nudate
1543 3456 1798 3523 cadaver,

490 3574 512 3591 π·
549 3546 748 3618 Sicque
778 3547 1003 3617 probate
1034 3546 1199 3602 ﬁdem
1235 3565 1248 3601 :
1281 3547 1370 3603 cui
1402 3563 1570 3612 mors,
1599 3548 1787 3602 audire
1820 3554 2028 3618 parata,

490 3664 513 3685 «ι
543 3638 863 3694 Reddiderit
892 3641 1156 3712 praedam,
1187 3640 1482 3713 invitisque
1514 3641 1787 3696 remiserit
1816 3642 2009 3697 antris.
2049 3666 2072 3688 ι»

488 3735 602 3795 Quo
641 3732 789 3787 dicto
812 3733 1039 3808 Magnus
1060 3734 1312 3809 erigitur,
1346 3735 1694 3807 nimiumque
1715 3735 1956 3807 superbe
1986 3753 1999 3790 :

490 3851 509 3865 υ
550 3823 713 3876 [stum
745 3839 848 3895 ego
878 3824 923 3877 si
952 3824 1193 3879 functum
1225 3824 1423 3879 vinclis
1453 3823 1741 3878 absolvero
1769 3823 1927 3891 lethi,

488 3944 510 3963 ιι
552 3918 703 3972 Hunc
724 3918 938 3973 Petrum
964 3927 1283 3973 nostrumne
1306 3918 1571 3973 necabitis
1592 3918 1620 3973 Τ
1641 3917 1791 3973 ilicet
1811 3919 2024 3974 hostem

485 4037 510 4060 «ι
548 4014 737 4068 Vivum
772 4014 946 4082 (turba
972 4012 1177 4082 fremit)
1209 4012 1443 4068 ﬂammis
1484 4013 1815 4069 torrebimus
1845 4013 1983 4068 atris
2013 4014 2041 4067 ?
2071 4034 2094 4063 η

490 4106 708 4160 lnvocat
734 4105 926 4160 illusos
954 4105 1218 4161 callentes
1246 4104 1439 4160 fraude
1459 4105 1758 4172 ministros,

485 4199 810 4271 Atracioque
837 4197 1143 4254 ministerio
1172 4206 1353 4253 motus
1378 4206 1555 4269 quatit
1581 4204 1731 4252 artus
1762 4214 1777 4263 ;

485 4291 600 4355 Quo
622 4289 738 4344 viso
769 4288 961 4360 pepuli
991 4289 1208 4343 laudem
1224 4287 1433 4357 jactare
1464 4287 1725 4352 Simonis,

484 4380 790 4436 Perniciem
829 4378 970 4433 Petri
1004 4378 1205 4434 stolido
1235 4379 1428 4433 saevire
1467 4378 1725 4433 tumultu.

487 4476 550 4529 At
575 4474 764 4529 senior
791 4480 1081 4543 constans,
1100 4472 1257 4527 turba
1284 4487 1373 4525 Vix
1413 4467 1701 4541 paciﬁcate
1732 4485 1746 4522 :

486 4588 512 4610 α
547 4562 601 4618 Si
632 4561 820 4617 reduci
848 4560 1059 4616 fervore
1088 4560 1251 4627 calet,
1286 4558 1552 4629 vivitque,
1583 4557 1860 4627 loquatur,
1890 4576 1915 4607 ι)

488 4655 669 4726 lnqult
698 4678 718 4701 ι
754 4660 809 4707 et
840 4652 1079 4719 incedat,
1115 4649 1393 4714 comedat,
1424 4664 1523 4702 sua
1554 4653 1695 4702 tecta
1723 4647 1921 4703 revisat
1957 4664 1972 4713 ;

489 4768 512 4797 «
546 4747 600 4801 Si
623 4760 754 4801 vero
785 4744 888 4799 ista
919 4743 1134 4816 nequit,
1168 4743 1281 4797 falli
1308 4758 1406 4798 vos
1431 4752 1546 4797 arte
1576 4741 1805 4813 probate
1836 4760 1849 4796 :
1875 4763 1896 4791 ι

481 4839 758 4892 Acclamat
786 4836 982 4910 vulgus
1010 4834 1315 4891 connivens
1337 4839 1520 4886 mente
1545 4841 1787 4903 recepta,

481 4935 576 4989 Sin
606 4948 767 4986 secus
788 4931 932 4985 hunc
959 4928 1241 4983 Simonem
1272 4926 1416 4981 Petri
1452 4933 1724 4981 tormenta
1742 4925 1990 5001 fatigent.

486 5030 622 5083 Iram
658 5027 743 5082 fur
771 5025 1042 5080 simulans
1060 5023 1198 5095 petit
1227 5027 1553 5097 argumenta
1583 5020 1812 5075 latendi.

485 5122 589 5176 Sec
627 5119 913 5190 edensquc
946 5116 1097 5191 fuga,
1128 5115 1362 5186 capitur,
1387 5112 1646 5185 foedeque
1676 5120 1919 5178 tenetur,

480 5214 851 5285 Servaturque
874 5227 1107 5284 pavens,
1148 5209 1331 5264 donec
1360 5208 1553 5262 Petrus
1582 5206 1683 5261 ista
1714 5213 1954 5277 perorat,

484 5306 751 5380 Expansis
773 5304 914 5361 caelo
944 5302 1202 5360 manibus
1233 5319 1246 5356 :
1278 5322 1298 5350 ι
1324 5300 1645 5356 Dominator
1669 5299 1811 5359 Iesu,

486 5422 501 5447 α
541 5399 708 5458 Nobis
733 5396 1021 5466 discipulis
1052 5393 1289 5467 propriis
1317 5392 1412 5466 qui
1443 5393 1560 5447 hzec
1592 5392 1745 5460 jussa
1770 5390 1969 5446 dedisti
2006 5408 2019 5444 :

480 5516 504 5540 ιι
534 5490 765 5549 Nomine
795 5489 941 5543 abite
962 5502 1108 5553 meo,
1139 5486 1351 5541 Satana:
1380 5483 1641 5556 depellite
1672 5482 1912 5547 fraudes,

483 5604 507 5624 σε
541 5582 738 5636 Curate
772 5574 1039 5640 infirmos,
1073 5580 1326 5628 revocate
1348 5572 1619 5628 cadavera
1641 5572 1788 5635 vitae,

483 5686 507 5708 «ι
544 5668 698 5720 Hunc
725 5662 888 5717 nobis
919 5660 1151 5715 redhibe
1177 5675 1431 5729 puerum,
1453 5666 1749 5733 cognoscat
1769 5659 2020 5713 utomnis

487 5770 505 5789 ι·
544 5752 642 5805 llic
669 5748 908 5816 pepulus
934 5746 1110 5811 solum
1140 5753 1311 5802 temet
1338 5747 1740 5817 Dominamque
1769 5746 2051 5817 Deumque
2075 5766 2094 5813 ;

2205 1381 2225 1409 ι
2254 1358 2351 1423 Qui
2380 1375 2505 1414 cum
2534 1360 2692 1417 Patre
2721 1367 2812 1417 tuo
2835 1362 3049 1430 vivens,
3089 1370 3144 1419 et
3175 1364 3418 1420 Flamine
3443 1375 3672 1433 sancto,

2198 1472 2221 1493 κ
2258 1447 2387 1503 Vitae
2419 1465 2586 1522 regna
2618 1457 2793 1516 tenes,
2816 1458 2873 1506 et
2902 1452 2956 1506 in
2977 1453 3165 1508 omnia
3189 1455 3391 1510 saecula
3423 1471 3654 1531 regnas.
3702 1480 3722 1505 ι

2197 1536 2319 1591 Haec
2342 1538 2411 1592 ad
2439 1546 2561 1594 vota
2590 1538 2748 1613 niger
2769 1540 2971 1614 Stygiis
2996 1542 3290 1597 adducitur
3310 1543 3523 1599 umbris

2198 1625 2616 1699 Exsurgensque
2647 1628 2789 1683 Petri
2815 1630 3047 1705 vestigia
3070 1647 3278 1702 pronus
3294 1632 3486 1687 adorat
3518 1650 3533 1686 :

2125 1751 2174 1818 Β
2203 1745 2225 1766 ‹‹
2260 1722 2400 1784 Vidi,
2435 1723 2610 1789 aiens,
2642 1724 2930 1779 Dominum
2956 1725 3145 1781 Jesum
3175 1726 3438 1781 mandare
3468 1727 3753 1782 ministris

2204 1838 2224 1857 ιε
2265 1815 2338 1868 De
2362 1830 2450 1869 me
2480 1815 2764 1882 coelicolis,
2797 1832 2861 1870 ac
2889 1816 3017 1871 talia
3033 1818 3191 1886 jussa
3210 1816 3481 1874 ferentem
3514 1834 3531 1872 :

2207 1924 2227 1952 ι
2265 1903 2364 1958 Pro
2396 1904 2537 1959 votis
2568 1904 2731 1971 Petri,
2761 1906 2934 1961 nostri
2955 1906 3260 1961 constantis
3288 1906 3476 1973 amici,

2207 2022 2229 2041 κ
2262 1996 2539 2051 Reddatur
2569 1997 2725 2052 matri
2753 1997 2933 2052 viduae
2962 2014 3103 2069 puer
3126 1999 3326 2055 unicus
3354 1999 3480 2053 iste.
3517 2020 3544 2049 ιι

2206 2085 2247 2137 lt
2274 2084 2406 2140 coelo
2428 2085 2641 2139 sonitus
2670 2084 3029 2150 clamantum.
3050 2102 3117 2142 ac
3155 2102 3290 2143 voce
3315 2087 3562 2142 virorum
3598 2105 3614 2141 :

2212 2194 2235 2223 α
2268 2174 2361 2229 Hic
2390 2174 2531 2229 Deus
2559 2182 2642 2230 est
2669 2175 2821 2231 solus
2854 2176 2996 2231 Petri
3017 2192 3183 2248 quem
3208 2177 3470 2248 praedicat
3495 2184 3678 2232 actus.
3703 2200 3728 2227 ι

2203 2264 2436 2336 Augitur
2460 2265 2676 2321 illector
2703 2274 2868 2337 caput
2892 2268 3231 2339 indutusque
3261 2269 3491 2324 molossi

2206 2356 2425 2428 Appetit
2454 2355 2741 2423 effugium,
2772 2359 3022 2429 sequitur
3041 2359 3283 2415 clamore
3302 2369 3546 2426 caterva,

2206 2453 2478 2506 Arctatum
2508 2459 2678 2518 tenet,
2709 2452 2943 2508 ultorem
2965 2468 3190 2525 quoque
3212 2462 3488 2524 praeparat
3514 2455 3726 2528 ignem.

2207 2544 2550 2612 Appmperat
2570 2541 2783 2612 Ceplias
2812 2558 2995 2598 acrem
3024 2542 3220 2598 sedare
3246 2544 3543 2598 tumultum

2211 2634 2607 2691 llzecinhibens
2638 2645 2697 2691 et
2726 2637 2818 2691 tali
2843 2637 3060 2692 animos
3085 2635 3345 2692 affamine
3374 2637 3631 2694 mulcens
3672 2656 3688 2692 :

2210 2750 2231 2768 ιι
2270 2725 2464 2781 Noster
2487 2739 2589 2781 nos
2618 2724 2808 2780 docuit
2832 2724 3106 2795 patientes
3136 2724 3320 2780 vivere
3336 2724 3537 2781 doctor

2210 2839 2228 2864 α
2263 2818 2373 2874 Nec
2397 2819 2539 2873 mala
2553 2817 2697 2873 ferre
2712 2820 2888 2884 malis,
2909 2819 3043 2891 quin
3070 2819 3271 2875 blanda
3286 2822 3822 2891 rependeresaevis.v

2205 2909 2315 2965 Hoc
2343 2909 2459 2964 sale
2482 2910 2719 2980 respersi
2755 2910 2933 2965 dirum
2968 2911 3169 2966 misere
3197 2912 3487 2979 caninum,

2205 2998 2300 3063 Qui
2332 2999 2578 3054 bonitate
2609 2998 2750 3054 Petri
2784 3000 2946 3067 liber,
2985 3001 3083 3055 sed
3114 3000 3368 3057 demone
3399 3003 3638 3069 vinctus,

2127 3115 2176 3182 Ο
2205 3087 2284 3182 Ne
2315 3089 2472 3160 petit,
2499 3089 2755 3160 ignorare
2788 3098 3132 3182 putans_quae
3159 3097 3332 3182 gesta
3347 3091 3632 3160 patebant,

2206 3177 2617 3248 lmmanemque
2645 3192 2836 3231 canem
2869 3177 2954 3231 vix
2986 3177 3163 3232 ferrea
3191 3178 3372 3233 vincla
3398 3189 3732 3251 sequentem

2204 3273 2381 3328 Vincit
2412 3274 2468 3328 in
2500 3273 2753 3345 ingressu
2788 3290 2801 3326 :
2849 3295 2869 3322 c
2904 3273 3199 3328 Videamus
3223 3274 3271 3328 si
3294 3273 3507 3340 Petrus,
3539 3275 3723 3344 aiens,

2208 3387 2231 3416 ‹‹
2260 3365 2371 3421 Huc
2399 3374 2452 3420 te
2472 3365 2766 3421 sollicitare
2796 3365 2983 3421 solens
3011 3365 3213 3420 intrare
3243 3366 3469 3422 valebit.
3504 3388 3528 3417 ι

2205 3460 2269 3512 At
2297 3456 2490 3511 Petrus
2515 3456 2838 3523 adveniens,
2863 3456 3087 3531 longum
3116 3473 3302 3529 neque
3328 3457 3533 3513 deinde
3553 3467 3831 3524 moratus,

2202 3550 2399 3605 Ferrea
2438 3567 2578 3606 nexa
2607 3550 2734 3605 ferae
2763 3551 2941 3606 crucis
2971 3552 3039 3607 ad
3069 3552 3356 3625 signacula
3385 3553 3570 3619 solvit,

2205 3638 2557 3712 [njungitque
2573 3640 2695 3694 cani
2726 3639 2980 3695 mandata
3007 3638 3236 3695 ferenda
3264 3642 3490 3707 canino,

2203 3728 2267 3782 Ut
2295 3744 2463 3783 sensu
2482 3735 2701 3799 captum
2730 3729 2907 3783 valeat
2937 3729 3407 3801 quibusincrepct
3435 3732 3594 3786 orsis.

2200 3821 2346 3876 Vade
2376 3822 2595 3888 lubens,
2625 3822 2833 3877 Simoni
2859 3820 3056 3877 furiato
3086 3822 3216 3877 talia
3254 3822 3439 3893 perfer
3468 3840 3483 3877 :

2204 3936 2229 3962 α
2258 3913 2457 3969 Desine
2474 3914 2778 3969 dmmonica
2807 3914 3067 3985 pepulum
3094 3913 3365 3969 seducere
3391 3914 3603 3983 fraude,

2209 4030 2227 4053 -
2262 4005 2473 4061 Vivifici
2504 4022 2601 4077 pro
2638 4021 2746 4077 quo
2778 4004 2970 4060 Christi
3011 4005 3138 4061 data
3159 4006 3448 4081 sanguinis
3479 4008 3645 4062 unda.
3686 4030 3709 4057 ι

2202 4095 2557 4166 ConSpiciens
2583 4110 2686 4169 ego
2708 4102 2856 4150 tanto
2888 4094 2983 4150 Dei
3014 4094 3299 4161 miracula,
3321 4112 3502 4159 curro.

2201 4191 2572 4257 Asternorqne
2601 4185 2741 4240 Petri
2768 4184 3030 4256 pedibus,
3061 4184 3411 4259 genibusque
3440 4185 3677 4243 volutor.

2207 4277 2606 4348 Excipiensque
2619 4275 2783 4331 domo
2815 4274 3138 4347 probrosum
3169 4275 3396 4331 elimino
3422 4284 3750 4333 monstrum.

2204 4370 2268 4423 At
2296 4368 2452 4424 canis
2481 4366 2710 4424 effectus
2726 4366 2937 4423 cunctis
2954 4366 3301 4434 mitissimus,
3322 4382 3493 4422 unum

2206 4457 2519 4529 Insequitur
2531 4456 2837 4523 Simonem,
2857 4454 3209 4527 pedibusque
3227 4454 3598 4527 subopprimit
3612 4464 3822 4511 aetum.

2206 4507 2325 4513 ηπ-
2380 4507 2507 4512 _--_-
2859 4507 2882 4526 τ
3039 4507 3201 4527 η-Ὶη
3230 4507 3323 4509 __s
3346 4507 3531 4527 -rrm-

2120 4507 2177 4575 D
2201 4507 2619 4619 Accuircnsque
2651 4546 2740 4617 pio
2764 4546 3063 4617 proclamat
3082 4544 3368 4616 apostolus
3394 4560 3490 4600 ore
3515 4560 3531 4598 :

2205 4659 2229 4683 ιι
2264 4636 2493 4692 Nomine
2524 4634 2786 4705 praecipio
2813 4633 3011 4689 Christi
3032 4649 3101 4688 ne
3121 4632 3336 4689 viscera
3360 4648 3545 4688 morsu

2208 4759 2227 4773 --
2267 4728 2589 4802 Contigeris,
2613 4728 2828 4783 lanians
2858 4743 2967 4783 neu
2998 4726 3183 4783 ﬁxeris
3212 4727 3439 4782 artubus
3465 4742 3668 4782 arma.-

2202 4822 2302 4887 Qui
2330 4827 2604 4894 praecepta
2616 4835 2875 4891 sequens,
2903 4819 3514 4891 vitansqueirrumpere
3544 4818 3812 4885 membra,

2202 4912 2472 4967 Dilacerat
2492 4918 2726 4976 vestem,
2742 4908 2892 4964 nulla
2921 4907 3186 4979 permittit
3208 4916 3460 4978 opertam

2204 5001 2361 5055 Parte
2394 5014 2618 5053 manere
2639 5008 2844 5065 cutem,
2876 4996 3051 5068 carpit
3079 4996 3388 5071 retegitque
3417 4995 3687 5075 latronem.

2202 5097 2354 5152 Hunc
2384 5095 2623 5168 populus
2645 5100 2958 5165 nostraeque
2985 5092 3182 5148 domus
3211 5107 3312 5163 per
3340 5092 3580 5162 compita
3603 5103 3802 5151 vernae,

2200 5192 2329 5246 Cum
2358 5204 2496 5245 cane
2528 5192 2858 5259 procurrunt
2885 5185 3098 5240 Satanae
3130 5191 3388 5256 portenta
3411 5183 3675 5257 fugantes,

2200 5285 2374 5353 Atque
2403 5280 2590 5349 lupum
2621 5275 2823 5331 mentis
2848 5274 3123 5346 pellentes
3145 5274 3427 5329 moenibus
3452 5272 3620 5328 urbis.

2196 5372 2486 5447 Opprobrii
2526 5386 2636 5426 non
2669 5368 2814 5423 ferre
2843 5366 3031 5421 valens
3060 5374 3169 5419 tam
3198 5366 3449 5436 pondera
3476 5363 3670 5437 magni,

2195 5466 2424 5521 Abditus
2449 5463 2541 5517 hic
2568 5469 2684 5516 toto
2717 5474 2988 5531 nusquam
3008 5457 3320 5528 comparuit
3348 5473 3515 5513 anno.

2195 5558 2452 5633 Reppetit
2473 5556 2603 5612 inde
2634 5564 2839 5618 tamen,
2872 5552 2967 5624 qui
2994 5569 3055 5607 se
3073 5552 3410 5608 insinuando
3435 5550 3625 5607 Neroni

2198 5654 2546 5726 Suggereret,
2573 5662 2809 5718 nequam
2837 5657 3025 5715 pravo,
3052 5658 3233 5699 savus
3262 5642 3529 5698 scelerato

2195 5734 2680 5796 Nectitamicitiam
2714 5750 2731 5801 ;
2759 5731 2819 5788 fit
2843 5730 3041 5803 copula
3066 5730 3188 5787 dira
3208 5731 3487 5787 nefandis.
