3970 6200
208 412 305 468 621
843 411 924 464 DE
963 408 1219 465 CHRISTI
1258 408 1619 463 TRIUMPHIS
1661 409 1831 463 APUD
1876 407 2137 463 lTALlAM
2181 407 2355 461 LIBRI
2400 404 2534 460 XIV.
2575 436 2645 445 —
2687 404 2809 459 LIB.
2854 406 2918 458 ll.
3438 403 3543 455 622

210 541 457 596 Posthzec
485 555 515 592 a
544 538 773 593 Domino
795 539 1041 593 munitur
1068 536 1349 608 apostolus
1389 537 1505 590 istis
1858 543 1904 607 Α
1940 556 1959 583 ι
2004 535 2247 589 Victores
2270 533 2336 588 ad
2371 550 2459 586 me
2491 532 2694 602 pariter
2722 530 2999 586 scandetis
3030 530 3084 583 in
3115 539 3284 584 astra:
3332 550 3354 577 ι)

214 634 317 687 Per
339 631 519 686 visum
542 631 724 684 dictis.
773 650 796 680 α
842 630 983 685 Nero
1010 630 1129 683 labe
1165 629 1468 699 Simonque
1488 628 1681 699 repleti
1936 626 2045 679 Nec
2067 640 2235 684 mora.
2258 625 2422 686 dicta,
2444 630 2658 692 patent;
2694 622 2915 676 Paulum
2944 621 3035 675 lux
3066 622 3301 675 crastina
3317 620 3545 691 praebet,

214 749 239 770 «α
282 723 352 775 Te
392 729 583 776 contra
615 720 836 775 fraudes
867 721 1094 794 agitant,
1129 720 1225 773 tibi
1256 719 1351 773 sed
1383 719 1544 773 timor
1564 718 1727 779 absit,
1940 712 2002 766 Ut
2031 712 2135 765 sibi
2163 711 2471 781 conspecti,
2500 718 2623 781 post
2648 728 2769 765 cum
2794 712 3003 765 latrone
3021 710 3323 780 palaestram

214 836 239 863 α
285 813 490 883 Nempe
516 828 618 885 ego
642 828 761 865 sum
790 820 967 865 tecum
994 811 1185 865 validae
1211 810 1515 863 munimine
1540 824 1762 879 parmae,
1939 805 2107 869 Quam
2149 803 2395 869 tulerint,
2426 803 2651 857 Phaebes
2678 810 2886 872 septem
2921 803 3262 857 discursibus
3285 804 3441 871 actis,

218 925 240 952 α
285 906 457 973 Atque
488 902 597 955 mei
620 901 763 955 servi
799 900 896 954 tibi
938 904 1008 955 do
1039 899 1232 954 solatia
1265 900 1451 964 Pauli;
1692 899 1839 969 [retis
1940 895 2130 949 Omnia
2160 901 2463 964 prwsentes
2503 910 2625 947 cum
2658 906 2754 948 vos
2790 894 2993 947 vidisse
3025 900 3288 963 patescat,

218 1017 241 1037 ιι
302 990 428 1045 Cras
470 991 693 1045 Romam
754 988 1084 1062 ingreditur,
1127 1003 1342 1052 cernes,
1384 988 1704 1058 bellumque
1744 1003 1842 1061 ge-
1940 988 2113 1042 Futile
2147 986 2399 1056 perspexi
2441 1001 2538 1039 vos
2578 986 2693 1039 hinc
2719 994 2825 1039 tam
2869 993 2990 1040 nota
3012 986 3235 1048 docere,

217 1106 240 1129 «ι
290 1081 534 1135 Perversi
575 1088 764 1135 contra
795 1080 1032 1134 Simonis
1060 1078 1298 1132 ludibria
1322 1078 1496 1150 nigra.
1686 1078 1838 1149 [mis,
1941 1077 2068 1130 Cum
2112 1076 2274 1129 Linus
2306 1076 2429 1129 an!
2463 1073 2718 1127 Ecclesiae
2751 1089 3005 1127 sermone
3038 1074 3267 1146 Pelasgo

218 1198 242 1225 α
293 1179 461 1239 Quem
499 1174 701 1249 Stygiis
736 1180 1028 1245 postquam
1068 1172 1271 1225 dabitis
1303 1171 1405 1225 sub
1453 1178 1649 1225 tartara
1685 1170 1838 1223 flam-
1942 1168 2143 1223 Horum
2170 1166 2501 1237 conspicuos
2526 1164 2794 1220 bellorum
2820 1165 3084 1219 evolverit
3113 1173 3264 1219 actus

1702 1303 1907 1358 CAPUT
1951 1303 2085 1358 Vlll.

1515 1405 1591 1463 De
1630 1412 1840 1463 sancta
1884 1404 2241 1463 Petronilia.

223 1534 251 1563 α
293 1515 366 1568 De
394 1513 603 1568 domini
636 1512 776 1567 Petri
808 1512 1101 1569 Petronilla
1142 1514 1293 1584 prole
1326 1514 1503 1568 beata.
1940 1512 2102 1586 Virgo
2134 1510 2250 1575 Dei,
2272 1512 2449 1581 patrio
2480 1510 2617 1566 lucis
2649 1515 2927 1581 prmcauta
2960 1507 3174 1563 favore:

220 1609 347 1678 Ejus
386 1624 495 1679 quo
527 1608 687 1663 fuerit
714 1609 1017 1663 certamine
1044 1618 1187 1663 meta
1227 1608 1399 1663 labori
1952 1624 1972 1648 α
2016 1602 2233 1656 Armato
2263 1601 2440 1656 focilis
2462 1616 2642 1655 cuneo
2684 1600 2826 1671 petis
2858 1606 3009 1654 antra
3040 1600 3233 1670 puellm
3256 1599 3283 1652 7

221 1700 413 1755 Paucis
442 1701 730 1771 expediam
753 1701 961 1768 jussus,
993 1717 1115 1772 qum
1146 1700 1347 1755 clinica
1386 1699 1529 1755 facta
1558 1706 1658 1754 est.
1943 1714 1964 1735 ί·
2014 1690 2067 1742 δί
2097 1706 2184 1743 m0
2228 1689 2490 1761 legitimis
2523 1689 2618 1743 libi
2653 1689 2733 1743 Vis
2764 1689 3098 1761 cenjungcrc
3132 1688 3310 1753 mdis.

223 1791 287 1845 Ut
318 1790 514 1856 nostis,
547 1805 643 1860 pro
672 1789 813 1844 velle
841 1790 1032 1854 Patris,
1069 1790 1322 1861 interque
1351 1789 1519 1844 fuisse
1953 1804 1975 1831 «
2021 1784 2314 1853 ltlatronas,
2346 1784 2491 1839 clara
2521 1800 2742 1855 quoque
2773 1784 3083 1856 virginitate
3123 1784 3354 1853 puellas,

223 1882 333 1937 Vos
372 1883 599 1936 memini
633 1882 837 1952 plures,
867 1883 1012 1953 apud
1053 1883 1201 1937 hunc
1227 1899 1349 1937 cum
1380 1882 1773 1953 discipulorum
1871 1907 1919 1974 Β
1951 1897 1974 1927 α
2020 1877 2146 1933 Post
2169 1886 2281 1932 tres
2307 1878 2461 1932 mitte
2481 1878 2624 1944 dies,
2652 1894 2773 1932 cum
2799 1878 3065 1948 queistua
3088 1878 3291 1931 mtenia
3309 1878 3497 1931 visam.
3534 1898 3556 1925 n

226 1970 739 2025 Prandiaconsuete
769 1970 991 2043 gemina
1012 1986 1339 2040 caperemus
1369 1970 1437 2024 ab
1471 1986 1616 2035 esca,
1873 1969 1911 1974 ’⁷
1947 1969 2180 2024 Obtento
2213 1970 2365 2044 virgo
2399 1971 2503 2025 hoc
2540 1970 2738 2039 spatio,
2779 1969 2991 2025 virtutis
3032 1970 3240 2024 honore

224 2059 359 2112 Dum
397 2058 777 2128 prandendum
811 2058 953 2112 inter
991 2058 1267 2112 seniorem
1304 2058 1373 2111 ita
1407 2059 1554 2112 Titus
1583 2058 1840 2111 adorsus:
1947 2058 2079 2112 Sese
2110 2059 2427 2128 praimunit,
2469 2060 2743 2131 castisque
2775 2059 3077 2114 modilibus
3116 2067 3291 2124 ornat,

229 2173 243 2192 ο
296 2146 427 2202 Cum
460 2163 558 2217 per
597 2154 647 2201 te
676 2149 855 2201 cuncti
897 2148 1105 2202 morbis
1140 2154 1463 2220 vegetentur
1492 2146 1697 2201 anheli.
1947 2151 2241 2206 Continuas
2270 2169 2434 2207 orans
2458 2154 2672 2223 jejunia
2703 2154 2852 2207 ducit
2884 2154 2937 2207 in
2965 2154 3149 2208 horas.

222 2259 247 2289 α
294 2237 396 2292 Cur
426 2237 722 2309 paralytica
756 2239 1055 2313 negligitur
1083 2239 1375 2294 Petronilla
1409 2236 1640 2305 jacere?
1943 2241 2198 2314 Iungitur
2236 2243 2363 2297 huic
2394 2244 2608 2298 Domini
2638 2243 2874 2298 Felicula
2905 2245 3049 2298 clara
3082 2244 3277 2299 timore

217 2358 286 2366 —
320 2354 333 2374 ο
384 2327 863 2398 Expedit,'inquit,
895 2327 946 2381 ei
972 2327 1181 2392 Petrus,
1216 2327 1311 2381 sed
1340 2343 1407 2379 ne
1449 2327 1737 2381 videamur

1634 2342 1737 2380 nur
1944 2334 2113 2405 Hujus
2134 2343 2285 2408 grata
2310 2352 2497 2392 comes
2528 2353 2629 2392 ceu
2662 2337 2999 2392 collactanea
3027 2337 3202 2410 virgo.

220 2437 247 2465 α
294 2416 563 2470 Excusare
583 2415 983 2486 impossibilem
1013 2430 1269 2469 sermone
1298 2415 1592 2479 medelam,

1942 2422 2121 2478 Tertia
2150 2424 2243 2479 lux
2283 2426 2447 2481 rutilo
2487 2426 2781 2499 spargebat
2812 2426 3020 2481 lumine
3054 2432 3245 2490 terras,

221 2528 243 2551 η
291 2505 485 2577 Surge,
514 2520 645 2574 rape
666 2503 1473 2570 ot'ticiumceleris,Petronilla,
1495 2503 1781 2558 ministrae.
1815 2526 1838 2551 υ
1944 2511 2006 2565 Et
2043 2512 2355 2568 Nicomedis
2377 2515 2529 2569 adest
2557 2515 2870 2570 pou-ouilia,
2913 2516 3221 2588 presbyter,
3255 2522 3419 2586 atque

220 2596 406 2669 Surgit
436 2604 489 2651 at
518 2596 632 2651 haec
650 2596 805 2667 virgo
835 2595 1129 2651 incolumis
1155 2597 1520 2670 gaudensque
1538 2596 1840 2661 ministrat;
1947 2603 2111 2658 Sacra
2143 2605 2233 2675 pio
2263 2606 2503 2661 celebrat
2528 2608 2633 2661 ι-ίω
2662 2608 2919 2678 mysteria
2950 2607 3169 2663 Christi.

220 2690 502 2762 Obsequio
531 2689 787 2761 explicito
813 2689 1096 2759 proprium
1131 2689 1198 2743 de
1230 2704 1384 2744 more
1411 2688 1700 2763 grabatum
1947 2694 2111 2767 Virgo
2144 2696 2238 2749 ubi
2267 2696 2509 2752 cmlestis
2546 2698 2735 2753 divino
2768 2714 2994 2753 munere
3028 2705 3202 2769 pasta,

222 2779 541 2849 Praecipitur
579 2786 837 2849 repetens
864 2778 1029 2833 solito
1070 2778 1334 2849 languore
1367 2785 1670 2851 gravescat.
1952 2786 2207 2841 Aversata
2235 2794 2434 2855 torum,
2467 2790 2764 2864 astrigeros
2791 2791 3115 2845 conscendit
3156 2792 3210 2845 in
3240 2807 3392 2847 axes.

222 2873 353 2937 Quae
395 2877 683 2941 postquam
703 2886 827 2925 esse
860 2869 951 2923 Dei
993 2870 1161 2939 cmpit
1203 2869 1448 2941 perfecto
1474 2870 1671 2925 timore
1954 2875 2189 2950 Contigit
2210 2885 2312 2944 ast,
2345 2878 2557 2933 Domini
2591 2880 2718 2935 divo
2749 2882 3125 2937 moderamine
3153 2890 3387 2954 gestum,

221 2960 441 3031 Optime
472 2974 604 3013 sana
634 2958 803 3031 viget,
840 2957 1064 3013 morbos
1105 2958 1237 3028 quin
1280 2958 1533 3029 pluribus
1570 2966 1738 3014 arcet.
1955 2964 2019 3018 Ut
2059 2966 2261 3021 chorus
2284 2968 2546 3039 innuptus
2576 2976 3057 3041 matronarumque
3089 2977 3304 3026 caterva

224 3052 351 3106 Haec
391 3051 654 3123 quoniam
685 3050 821 3104 facie
862 3049 1092 3104 nimium
1126 3050 1380 3121 speciosa
1412 3050 1641 3115 nitebat,
1954 3052 1993 3105 A
2022 3053 2214 3111 Flacco
2242 3058 2309 3111 ad
2342 3059 2529 3124 tzedas,
2563 3076 2592 3113 a
2615 3059 2823 3115 Christo
2852 3061 2919 3115 ad
2947 3060 3140 3115 funera
3170 3061 3353 3126 ducta,

225 3146 451 3202 Flaccus
489 3161 609 3200 eam
642 3161 829 3201 comes
868 3160 1092 3199 uxorem
1133 3146 1185 3200 vi
1228 3146 1431 3201 ducere
1465 3154 1669 3211 tentat;
1952 3145 2191 3217 Virginis
2221 3147 2414 3204 illustri
2445 3151 2736 3222 exsequias
2762 3151 3067 3207 celebraret
3105 3152 3333 3207 honore.

223 3237 399 3301 Quem
430 3251 553 3293 cum
584 3235 854 3290 militibus
893 3234 1209 3290 venientem
1252 3236 1325 3292 ita
1352 3236 1491 3291 ludit
1531 3243 1584 3291 et
1616 3235 1785 3291 armis

1727 3372 1934 3427 CAPUT
1974 3374 2059 3429 IX.

1567 3481 1644 3539 De
1684 3487 1893 3539 sancta
1938 3481 2224 3541 Felicula.

228 3616 250 3637 ει
301 3592 365 3645 At
394 3604 604 3655 comes,
645 3595 898 3644 avertens
925 3586 1196 3655 animum,
1222 3586 1418 3642 solatia
1448 3586 1640 3641 saltem
1880 3594 1929 3657 (ξ
1955 3586 2329 3655 Hebdomada,
2356 3589 2585 3660 impuris
2614 3590 2843 3645 minime
2870 3594 3133 3649 suadetur
3163 3612 3354 3653 eorum

226 3682 467 3754 Virginis
496 3694 759 3751 usurpare
799 3681 953 3751 petit,
1000 3700 1024 3730 α
1068 3679 1331 3746 Felicula,
1363 3679 1582 3745 dicens,
1957 3677 2208 3733 Servitiis
2246 3678 2419 3733 libare
2449 3678 2666 3746 cibum;
2701 3683 3062 3751 suspenditur
3085 3701 3215 3759 ergo

233 3800 254 3825 ι
310 3775 495 3830 Rebus
533 3774 600 3828 de
631 3773 869 3847 geminis
899 3772 997 3827 tibi
1031 3772 1213 3845 delige
1240 3770 1543 3843 quamlibet
1583 3788 1781 3837 unam;
1954 3766 2279 3834 Tormentis,
2313 3768 2653 3840 clamatque:
2701 3792 2727 3817 α
2768 3769 2947 3825 Meum
2973 3773 3135 3827 modo
3167 3790 3396 3830 cernere
3427 3778 3570 3847 coepi

226 3895 252 3917 ιι
301 3870 540 3922 Autmea
579 3866 655 3921 sis
677 3866 895 3933 conjux,
926 3873 1017 3920 aut
1048 3865 1133 3919 dls
1168 3864 1430 3918 libamina
1462 3864 1635 3921 tunde
1658 3886 1711 3918 ι).
1960 3886 1984 3909 «ι
2028 3862 2284 3919 Sobrium
2318 3872 2618 3923 amatorem
2665 3866 2956 3934 Christum,
3006 3883 3160 3927 meus
3201 3877 3283 3924 est
3320 3886 3474 3925 amor
3518 3872 3573 3925 in

228 3959 360 4014 llla:
410 3978 429 4007 ι
478 3958 589 4012 Nec
618 3971 753 4010 uxor
778 3961 1000 4021 erotua,
1028 3971 1147 4009 sum
1181 3954 1308 4025 quia
1336 3970 1490 4007 sacra
1520 3953 1777 4021 Tonanti,
3348 3956 3477 4029 [quo

230 4073 258 4095 ιι
304 4046 414 4100 Nec
442 4045 627 4099 libabo
653 4044 795 4109 deis,
818 4044 947 4115 quia
976 4059 1093 4097 sum
1125 4042 1422 4097 vernacula
1455 4041 1675 4096 Christi.
1722 4063 1745 4093 ι
1962 4067 1988 4093 (ι
2032 4046 2217 4113 Fixus;
2248 4054 2300 4102 at
2331 4048 2563 4103 hostiles
2594 4048 2853 4104 frondent
2884 4048 3264 4120 blaterantque
3298 4049 3572 4104 ministri:

231 4138 488 4195 Carnifici
521 4138 744 4193 Flaccus
781 4136 1143 4207 torquendam
1185 4135 1350 4189 tradit
1376 4135 1569 4201 atroci,
1964 4156 1989 4185 ct
2031 4134 2407 4192 Christicolam
2443 4146 2494 4193 te
2537 4146 2588 4193 te
2628 4154 2749 4193 esse
2775 4155 2933 4215 nega.
2970 4153 3280 4212 pergesque
3306 4137 3501 4223 soluta.
3552 4160 3571 4187 ι

233 4228 459 4285 Mandat
498 4236 552 4283 et
580 4228 789 4284 includi
818 4227 1094 4281 tenebrosi
1124 4226 1177 4279 in
1208 4226 1442 4281 claustra
1482 4225 1706 4289 OllblllS,
1962 4226 2197 4282 Clamat:
2242 4250 2270 4279 α
2311 4231 2641 4295 Amatorem,
2679 4230 2825 4294 felix,
2871 4246 3152 4300 nunquam
3187 4245 3304 4299 ipsa
3361 4230 3577 4303 negabo

237 4324 533 4396 Linquitur
552 4324 640 4377 hic
671 4329 884 4393 septem
914 4322 1119 4391 absque
1143 4319 1267 4375 cibo
1292 4327 1537 4390 perstare
1566 4320 1783 4374 diebus.
1967 4338 1990 4369 ιι
2032 4318 2195 4389 Capta
2218 4338 2422 4387 meum,
2448 4338 2534 4375 me
2564 4322 2634 4376 sit
2666 4320 3175 4392 pr0ptercumfelle
3201 4321 3435 4387 cibatus,

237 4410 300 4463 In
317 4424 482 4480 quam
501 4410 793 4464 custodum
815 4408 1297 4480 perflanthujusce
1326 4408 1530 4461 marita:
1560 4424 1573 4461 :
1964 4430 1988 4454 «ι
2032 4411 2202 4480 Atque
2234 4419 2529 4465 coronatus
2558 4410 2754 4481 spinis,
2784 4417 3003 4482 potatus
3034 4418 3211 4477 aceto,

242 4520 265 4549 ι
313 4496 460 4554 Heul
492 4515 589 4554 cur
615 4506 790 4555 morte
830 4500 972 4554 mala
1012 4514 1275 4570 properas
1305 4497 1574 4553 decedere
1601 4495 1753 4551 vita?
1964 4525 1987 4548 ι
2032 4500 2349 4574 Afﬁxusque
2373 4504 2542 4559 cruci.
2591 4527 2615 4550 »
2656 4502 2785 4559 Post
2816 4504 2932 4558 haec
2951 4504 3303 4558 sanctissima
3322 4502 3509 4571 verba,

239 4616 267 4645 α
312 4594 664 4649 Sumevirum
681 4593 1859 4664 celebremjuvenemqueetrebusopimum,
1966 4594 2232 4649 Sordibus
2262 4596 2504 4664 injicitur
2520 4612 2732 4667 spurcae
2770 4603 3046 4668 vastaeque
3077 4597 3298 4662 cloacae,

240 4712 266 4734 «
314 4686 658 4753 Formosum,
700 4686 1067 4757 comitemque
1109 4693 1391 4755 potentem
1435 4691 1489 4739 et
1540 4684 1686 4757 regis
1725 4683 1867 4739 arni-
1967 4686 2185 4757 Hacque
2216 4686 2365 4758 capit
2394 4695 2540 4743 meta
2571 4688 2693 4744 coeli
2725 4688 2963 4744 Felicula
2994 4704 3182 4761 regna.

1556 4772 1718 4843 [cum-
1768 4796 1792 4818 η
1970 4780 2028 4833 ln
2046 4780 2287 4850 speculis
2318 4782 2530 4852 positus
2564 4782 2881 4837 Nicomedis
2912 4790 2971 4836 ut
3000 4780 3198 4852 aspicit
3229 4779 3441 4845 isthmc,

244 4887 344 4942 llla
375 4885 512 4939 nihil
530 4892 721 4941 contra
747 4886 851 4939 nisi
882 4892 1093 4939 tantum
1120 4884 1234 4938 haec
1266 4884 1432 4938 edere
1463 4891 1615 4939 curat
1640 4901 1652 4936 :
1886 4934 1935 4943 _.
1972 4870 2137 4925 Νοοῑο
2158 4872 2521 4939 veniuacita,
2555 4872 2891 4943 rapiensque
2921 4888 3034 4927 διιεὲ
3056 4887 3179 4926 0533
3208 4869 3444 4932 08801119,

249 4998 273 5027 ι(
316 4976 480 5049 Virgo
498 4975 722 5045 quidem
754 4974 948 5029 Christi
979 4990 1121 5040 sum,
1156 4973 1364 5028 nullum
1391 4979 1589 5044 praeter
1611 4934 1947 5027 eumdemD
1973 4961 2254 5017 (ῖυττίουιο
2290 4963 2461 5032 duc“.
2496 4964 2796 5033 οοιιίιὶίιμιθ
2828 4963 2915 5017 Via
2945 4962 3259 5028 Ardeatium

247 5091 269 5107 ι·
317 5064 555 5123 Omnino
583 5064 816 5135 accipio.
867 5089 884 5111 -
929 5063 1102 5117 Vestae
1135 5068 1255 5133 post
1286 5062 1448 5117 ducta
1488 5060 1725 5117 fovenda
1977 5054 2118 5109 Urbe
2146 5055 2338 5126 procul
2368 5064 2578 5126 septem
2613 5055 2727 5109 fere
2750 5055 3019 5109 millibus.
3043 5055 3170 5124 Ejus
3200 5053 3409 5109 ibidem

241 5155 582 5230 Virginibus,
611 5155 859 5228 gaudens
884 5154 992 5209 alia
1013 5154 1212 5209 durare
1242 5153 1363 5209 sine
1393 5170 1519 5208 esca
1968 5148 2320 5206 Fructiticant
2352 5148 2420 5202 ad
2448 5155 2573 5202 vota
2603 5163 2796 5217 preces
2828 5157 2953 5217 post
2983 5154 3232 5217 tempore
3260 5152 3480 5202 cuncto.

1766 5273 1974 5329 CAPUT
2025 5273 2087 5327 X.

1588 5376 1666 5434 De
1705 5383 1911 5435 sancto
1954 5373 2292 5436 Nicomede.

322 5516 348 5539 «ι
392 5490 716 5545 Audiithaec
744 5488 968 5545 Flaccus
997 5495 1188 5543 sancto
1231 5504 1263 5542 a
1293 5488 1588 5544 Nicomede
1630 5496 1873 5559 patrata:
1982 5514 2007 5536 «
2051 5491 2150 5557 Qui
2185 5492 2418 5562 imperat
2446 5488 2500 5543 in
2532 5487 2707 5551 caelis,
2737 5484 2883 5540 saxis
2914 5500 3023 5540 non
3044 5500 3176 5557 ergo
3207 5483 3400 5551 litabo,

249 5586 526 5654 Huncque
552 5583 619 5638 ad
660 5597 814 5636 sacra
848 5582 969 5652 capi
1004 5580 1234 5645 faciens,
1258 5580 1419 5648 jubet
1454 5581 1703 5636 immolet
1747 5583 1875 5637 aris.
1983 5608 2007 5630 ιι
2050 5584 2178 5648 Qua)
2224 5581 2446 5653 templis
2478 5580 2633 5651 quasi
2683 5576 3001 5634 carceribus
3043 5576 3375 5631 clauduntur
3404 5583 3459 5630 et
3498 5590 3601 5628 an—

246 5678 486 5734 Sanctus
533 5675 601 5729 ad
636 5675 783 5727 haec:
828 5694 855 5723 α
897 5674 1008 5745 Ego
1034 5667 1302 5742 Isacriﬁco
1346 5671 1579 5727 Domino
1619 5674 1881 5743 omnipo-
3318 5670 3457 5741 [tris.
3499 5690 3523 5720 »

1653 5764 1809 5831 [tenti
1985 5767 2107 5821 Haec
2136 5773 2190 5822 et
2219 5767 2377 5837 plura
2407 5767 2615 5833 ferens,
2643 5766 2871 5838 plumbo
2887 5764 3201 5821 diutissime
3231 5780 3426 5833 cmsus,
