3970 6200
453 352 558 407 69.3
1219 351 1589 409 FLODOABDI
1633 353 1936 410 CANONlCl
1980 351 2308 409 REMENSIS
2346 350 2683 407 OPUSCULA
2724 351 3034 407 METRICA.
3692 354 3787 408 624

451 480 633 535 Evolat
662 478 731 534 ad
748 479 1065 543 Dominum;
1097 480 1279 535 Tiberi
1314 482 1405 552 pia
1436 484 1685 539 membra
1714 484 1984 540 feruntur.

446 572 687 626 Clericus
717 571 891 641 ipsius
913 570 1069 626 factis
1101 579 1155 626 et
1178 573 1403 629 nomine
1424 574 1608 643 justus

449 660 616 714 Undis
644 659 888 729 eripiens
915 674 1117 730 corpus
1145 661 1399 731 producit
1427 663 1496 716 ad
1537 664 1754 718 hortum

446 754 503 807 lu
536 753 716 810 biroto
747 753 1055 825 proprium,
1089 761 1143 810 et
1166 756 1376 813 tumulo
1408 773 1582 829 prope
1608 758 1816 813 muenia
1845 759 2055 827 condit,

2087 490 2135 556 Α
2163 482 2331 553 lnque
2363 480 2451 536 via
2467 480 2806 535 Nomentana
2836 481 2978 536 locat
3005 495 3130 536 ossa
3157 480 3355 547 beata;

2165 577 2373 648 Hicque
2412 576 2584 631 Deum
2608 585 2830 632 orantes
2862 584 3098 648 poscunt
3118 593 3242 649 quae
3269 576 3440 652 digna
3470 585 3756 632 merentur

2161 669 2411 741 Martyris
2431 670 2665 727 obtentu
2698 671 2842 742 passi
2872 686 2975 743 pro
3002 670 3226 727 nomine
3257 670 3477 726 Christi.

2162 760 2291 816 Cum
2323 761 2483 818 Patre
2507 762 2602 836 qui
2623 777 2846 834 semper
2858 769 3048 819 sancto
3079 769 3134 819 et
3162 762 3478 836 Spiramine
3508 768 3727 837 regnat.
3757 784 3780 810 ι

1962 892 2171 950 CAPUT
2210 896 2275 950 XI

1424 995 1503 1054 De
1528 996 1828 1071 martyrio
1863 1003 2213 1055 sanctorum
2241 998 2421 1057 Nerei
2446 1006 2500 1057 et
2529 997 2808 1059 Achillei.

448 1106 536 1160 llis
565 1107 639 1161 ita
668 1105 938 1171 decursis,
980 1109 1097 1163 haec
1129 1108 1509 1165 rescribuntur
1537 1109 1605 1164 ad
1639 1109 1775 1165 ista:

444 1198 675 1269 Entyces
696 1199 1007 1254 Victorinus
1038 1202 1212 1256 Marco
1232 1201 1299 1255 ad
1332 1201 1516 1256 omnia
1536 1201 1700 1255 servi.

443 1288 551 1353 Qui
576 1288 790 1343 Domini
811 1289 941 1344 Jcsu
972 1290 1225 1345 Marcello
1260 1299 1563 1363 grammata
1584 1290 1750 1343 missa

445 1380 645 1434 Sictua
670 1388 942 1434 venerunt
974 1380 1208 1446 sanctis;
1253 1381 1477 1455 triginta
1516 1381 1637 1435 dies
1664 1381 1772 1449 jam

441 1468 792 1523 Transierant
822 1476 1111 1542 postquam
1148 1470 1215 1524 ad
1248 1472 1497 1525 meritam
1529 1485 1732 1524 venere
1772 1483 2054 1524 coronam.

443 1562 622 1617 Flavia
654 1563 913 1633 praeclara
942 1571 996 1618 et
1028 1564 1240 1620 Christo
1272 1564 1616 1619 vinctissima
1642 1564 1819 1637 virgo,

446 1654 611 1707 Docta
642 1668 740 1723 per
760 1653 1046 1708 eunuchos
1067 1654 1239 1708 Nerea
1277 1662 1332 1708 et
1361 1653 1616 1708 Achillea
1646 1654 1824 1708 claros

446 1744 609 1818 Virgo
640 1761 884 1811 manere,
918 1745 1026 1801 Deo
1053 1761 1315 1817 supremo
1340 1746 1568 1801 credere
1598 1745 1812 1801 Christo

443 1832 668 1901 Ubjccto
697 1834 828 1889 Jesu
863 1834 1022 1890 titulo
1055 1835 1158 1889 sibi
1194 1834 1459 1902 nominis,
1492 1835 1669 1890 isthuc

442 1927 705 1981 Truditur
733 1925 802 1980 ab
834 1942 1061 1997 sponso,
1094 1943 1259 1998 quem
1283 1934 1603 1997 tempserat,
1636 1926 1956 1990 Aureliano;

446 2018 659 2089 Quique
681 2034 923 2089 sequens
952 2021 1333 2073 cunuchorum
1366 2026 1578 2073 tentare
1609 2018 1827 2089 piorum

449 2112 777 2185 Aggreditur
802 2120 1067 2181 mentem,
1099 2130 1198 2184 per
1222 2130 1320 2168 eos
1349 2113 1452 2168 sibi
1486 2113 1719 2188 virginis
1745 2121 1941 2185 Optans

448 2203 752 2258 Conciliare
771 2204 1055 2259 animum:
1086 2212 1419 2276 spernentes
1450 2221 1680 2259 munera
1709 2206 1881 2260 sancti

449 2297 503 2347 In
535 2294 748 2350 Christo
778 2295 995 2350 firmare
1025 2294 1190 2351 ﬁdem
1223 2296 1488 2351 studuere
1519 2295 1754 2367 puellae;

450 2383 600 2438 [Inde
626 2383 895 2440 attrectati
930 2400 1029 2455 per
1056 2400 1322 2478 sponsum
1365 2383 1599 2439 verbere
1631 2384 1752 2438 diro

452 2474 691 2545 ltepositi
720 2475 1093 2541 Terracinam,
1127 2474 1378 2547 Rufoque
1411 2474 1647 2530 necandi

2162 1110 2464 1183 Suppliciis
2489 1112 2717 1179 dantur;
2750 1127 2891 1184 quos
2923 1111 3098 1168 Rufus
3315 1110 3615 1185 ignc(i72)

2163 1208 2449 1279 Appensos
2480 1208 2735 1264 crucians
2765 1208 2990 1264 molitur
3018 1224 3219 1283 cogere
3248 1209 3452 1274 sacris;

2163 1298 2409 1372 Dumque
2436 1299 2675 1355 fatentur
2692 1301 2998 1372 apostolico
3026 1300 3359 1372 baptismate
3389 1300 3538 1356 lotos

2162 1388 2319 1443 Nulla
2341 1406 2584 1461 unquam
2618 1404 2678 1444 se
2717 1388 3074 1460 sculptilibus
3103 1389 3318 1444 ratione
3340 1389 3523 1456 litare,

2161 1476 2339 1531 Puniti
2363 1478 2565 1533 mulcta
2593 1478 2793 1549 capitis
2832 1494 3002 1549 super
3032 1484 3177 1532 astra
3209 1477 3497 1533 recedunt.

2165 1566 2457 1637 Auspicius
2487 1583 2721 1640 quorum
2752 1567 2935 1638 rapuit
2965 1583 3121 1622 sacra
3155 1582 3384 1638 corpora
3415 1572 3612 1633 noctu,

2165 1655 2481 1727 Discipulus
2502 1656 2652 1724 felix,
2684 1673 2795 1730 quo
2826 1656 3009 1712 Flavia
3036 1656 3208 1712 crevit
3245 1657 3489 1712 alumno.

2166 1746 2540 1820 Naviculaque
2571 1749 2782 1805 vehens
2811 1748 3103 1805 Domitillae
3130 1749 3187 1803 in
3216 1749 3420 1820 praedia
3436 1748 3618 1815 duxit,

2164 1838 2239 1891 Ac
2268 1846 2472 1894 sanctae
2497 1840 2652 1909 juxta
2669 1839 2982 1895 Petronillae
3012 1839 3176 1895 busta
3205 1838 3427 1903 locavit,

2095 1964 2145 2031 Β
2168 1928 2312 1983 Mille
2344 1936 2400 1983 et
2421 1928 2740 2002 quingentis
2765 1928 3027 1984 distantia
3055 1928 3311 2000 passibus
3339 1928 3506 1995 Urbe,

2172 2019 2300 2083 Quae
2331 2035 2451 2085 nos,
2484 2019 2740 2091 Auspicio
2772 2025 3050 2086 narrante,
3084 2018 3404 2090 accepimus
3433 2025 3579 2074 acta.

2172 2113 2384 2167 Floreat
2413 2128 2544 2188 ergo
2567 2118 2674 2168 tuae
2706 2112 2871 2168 nobis
2896 2112 3124 2168 dilectio
3157 2127 3326 2177 curae,

2167 2202 2501 2277 Mittereque
2540 2205 2816 2260 acceleres
2842 2205 2937 2277 qui
2972 2203 3135 2260 nobis
3152 2211 3337 2259 vestra
3366 2202 3601 2271 revelet,

2176 2293 2369 2348 Nostra
2395 2292 2520 2359 tibi,
2552 2293 2791 2348 fraterna
2820 2294 2968 2348 salus
2998 2293 3238 2348 illustret
3266 2301 3555 2363 utrosque,

2180 2380 2378 2437 Laetior
2415 2381 2643 2438 affectus
2668 2382 2954 2455 tripotenti
2976 2382 3099 2438 luce
3126 2387 3397 2437 coruscet.

1954 2544 2163 2601 CAPUT
2204 2545 2316 2600 ΧΠ.

1411 2646 1490 2705 De
1514 2648 1741 2707 sanctis
1768 2646 2054 2724 Eutyche,
2103 2648 2399 2707 Victorino
2429 2655 2481 2707 et
2510 2647 2818 2709 Seuerino.

456 2759 707 2816 lndiculo
736 2760 839 2816 hoc
870 2764 1115 2829 sumpto,
1145 2758 1382 2813 Marcum
1411 2757 1698 2814 Marcellus
1729 2759 1794 2814 ad
1829 2758 1978 2830 ipsos

452 2854 782 2907 Germanum
800 2851 966 2906 mittit
994 2850 1113 2922 qui,
1145 2849 1561 2906 confessoribus
1586 2866 1732 2907 anno

452 2945 581 2998 Cum
611 2943 816 2999 sanctis
847 2941 1061 3011 habito,
1088 2940 1331 3010 rediens,
1360 2943 1461 2998 hos
1482 2943 1728 3015 prodidit
1757 2951 1932 3000 actus.

449 3038 587 3093 Dum
612 3047 735 3109 post
765 3036 1086 3109 martyrium
1126 3036 1287 3093 Nerei
1319 3037 1614 3111 fratrisque
1646 3047 1930 3111 peractum

454 3126 779 3182 Aurelianus
804 3126 916 3199 agit
947 3124 1238 3182 Domitillae
1272 3142 1501 3181 assensa
1539 3127 1756 3195 subire;

454 3218 639 3273 Audiit
670 3220 812 3273 hanc
841 3218 1038 3273 eadem
1070 3217 1234 3272 dictis
1264 3218 1542 3273 consortia
1573 3219 1801 3284 sanctis,

453 3308 717 3383 Jungere.
750 3316 991 3363 sacrarat
1014 3324 1138 3379 qua:
1173 3308 1607 3379 praeceptoribus
1635 3309 1790 3372 olim,

460 3397 768 3469 Donarique
800 3398 937 3469 petit
965 3397 1071 3452 sibi
1098 3414 1237 3470 quos
1263 3415 1294 3453 a
1326 3398 1575 3469 principe
1596 3399 1789 3467 Nerva,

459 3491 639 3545 Sacris
658 3491 703 3545 si
735 3489 989 3566 fugerent
1019 3490 1328 3546 simulacris
1358 3490 1691 3547 sacriﬁcare.

458 3583 585 3648 llos,
617 3583 747 3638 dum
771 3583 1072 3654 persistunt
1100 3583 1284 3639 animo
1308 3584 1510 3639 durare
1540 3584 1706 3651 virili,

454 3676 846 3749 Carniﬁcisque
880 3679 1055 3733 minas
1082 3685 1210 3734 voto
1241 3677 1454 3733 calcare
1480 3678 1652 3744 fideli,

454 3765 556 3820 Per
582 3783 683 3820 sua
705 3766 986 3837 depositos
1015 3767 1125 3821 alto
1156 3765 1306 3820 ferus
1336 3782 1465 3821 arva
1489 3773 1833 3838 sequestrat;

456 3858 749 3932 Eutychem
778 3875 872 3914 sex
902 3866 1064 3931 atque
1091 3859 1282 3913 decem
1317 3858 1406 3913 via
1426 3859 1672 3915 millibus
1694 3860 1837 3915 Urbe

454 3950 794 4007 Nomentana
823 3950 1036 4022 procul,
1067 3949 1515 4023 Victorinumque
1546 3951 1721 4007 saliua

455 4044 749 4116 Sexaginta
779 4043 926 4115 capit
955 4041 1244 4108 dirimens,
1276 4042 1396 4099 haec
1426 4043 1546 4115 ipsa
1572 4044 1846 4100 Maronem

459 4131 732 4187 Moenibus
760 4131 815 4185 in
855 4137 1075 4185 centum
1103 4131 1438 4206 trigintaque
1464 4132 1714 4189 millibus
1733 4133 1930 4191 aufert.

461 4225 563 4279 Per
595 4232 768 4279 totum
800 4238 932 4300 ergo
959 4223 1106 4278 diem
1140 4224 1328 4280 rastris
1361 4224 1617 4280 insistere
1648 4225 1872 4280 mandat

2179 2760 2403 2816 Invidus
2422 2777 2555 2836 ergo
2579 2762 2972 2821 bonimentcm
3002 2762 3176 2834 replet
3194 2762 3513 2829 Aureliani;

2179 2851 2445 2926 Erigitira
2473 2854 2711 2920 animos,
2738 2861 2973 2910 tortores
3002 2853 3219 2910 mittere
3248 2855 3468 2922 suadet,

2180 2943 2454 3018 Legantur
2480 2945 2613 3001 lanii
2646 2946 2824 3002 varias
2856 2945 3107 3019 inﬂigere
3131 2962 3352 3018 poenas;

2180 3034 2422 3092 Caeditur
2451 3037 2726 3109 Eutyches
2754 3045 2867 3094 tota
2897 3044 3185 3109 spectante
3210 3036 3416 3108 platea.

2109 3154 2159 3223 Ο
2180 3123 2315 3179 Dum
2347 3126 2486 3197 petit
2514 3127 2811 3181 astheream
2840 3141 2997 3181 mens
3023 3124 3211 3181 sedem
3228 3123 3404 3198 flagra
3426 3123 3790 3196 triumphans,

2181 3216 2415 3273 Devotus
2440 3219 2611 3291 digno
2643 3218 2946 3274 temnentia
2985 3217 3234 3273 membra
3261 3217 3518 3271 lanistam

2179 3305 2428 3376 Eripiens
2454 3306 2696 3378 populus
2720 3312 2982 3378 pr0perat
3006 3305 3290 3361 cumulare
3321 3305 3550 3369 decore,

2177 3397 2574 3471 Sacratumque
2594 3414 2764 3470 super
2784 3397 2995 3453 Christo
3015 3405 3170 3469 parat
3199 3397 3368 3452 edere
3398 3393 3693 3468 templum.

2178 3489 2406 3545 Mittitur
2433 3507 2760 3563 Oppressum
2790 3506 2937 3547 saevo
2960 3498 3185 3566 turgore
3210 3490 3489 3545 Maronem

2176 3581 2409 3657 Turgius
2450 3583 2692 3650 inﬂatus,
2721 3598 2854 3639 saxo
2882 3583 2977 3654 qui
3008 3591 3256 3638 sternere
3288 3581 3474 3637 nitens

2177 3675 2349 3741 Quem
2380 3683 2588 3732 terrore
2614 3676 2836 3748 nequit;
2872 3672 3188 3749 praegrandi
3212 3672 3461 3744 pondere
3489 3688 3685 3744 rupem

2175 3763 2456 3821 Trochleis
2485 3765 2686 3820 librare
2700 3764 2956 3820 homines
2985 3780 3151 3836 quam
3186 3763 3535 3835 septuaginta

2174 3855 2270 3910 Vix
2293 3856 2549 3928 quibant,
2575 3856 2737 3927 jubet
2759 3854 3001 3922 advolvi,
3028 3862 3396 3925 sanctumque
3420 3853 3681 3919 onerari;

2178 3943 2392 4017 Quique
2418 3946 2571 4002 leves
2603 3947 2790 4018 paleas
2809 3962 2915 4003 ceu
2941 3962 3041 4018 per
3070 3945 3182 4001 duo
3212 3944 3389 3999 millia
3419 3943 3583 3999 latus

2179 4034 2385 4103 Gestat,
2414 4051 2595 4108 eoque
2627 4035 2750 4092 loco
2782 4036 2979 4092 solitus
3007 4051 3119 4108 quo
3150 4033 3383 4089 fundere
3408 4040 3537 4089 vota

2178 4125 2591 4200 Sarcophagum
2628 4125 2791 4191 locat,
2830 4125 3018 4182 ilaesus
3044 4141 3267 4198 quoque
3298 4124 3550 4196 pondere
3582 4128 3801 4197 perstat.

2184 4218 2427 4290 Totaque
2448 4217 2697 4290 repletur
2722 4217 2863 4273 miro
2893 4218 3175 4289 provincia
3204 4217 3384 4283 facto;

457 4318 686 4373 Sanctos
712 4332 910 4372 censor
948 4323 1124 4384 atrox,
1171 4324 1227 4373 et
1254 4317 1479 4374 catabra
1509 4316 1627 4388 (sic)
1660 4333 1892 4389 vespere
1939 4334 2086 4389 prie-
2183 4313 2509 4368 Accelerant
2535 4312 2759 4386 purgari
2799 4314 3021 4380 animae,
3053 4321 3419 4382 sanctumque
3460 4310 3739 4366 lavacrum

1876 4411 2009 4484 [bet.

2184 4404 2458 4463 Aﬁ‘ectans
2486 4406 2745 4478 populus,
2769 4406 3040 4463 larvarum
3070 4405 3400 4460 exterminat
3424 4421 3568 4461 aras.

463 4500 571 4555 Sed
603 4501 782 4556 bonus
810 4500 902 4557 hic
940 4501 1204 4557 Dominus
1234 4502 1491 4573 proprios
1533 4518 1643 4559 non
1675 4501 1876 4575 linquit
1905 4502 2160 4594 alum-D
2184 4499 2313 4554 Acta
2343 4498 2421 4571 pii
2440 4497 2612 4569 judex
2633 4498 2925 4552 annuntiat
2941 4496 3256 4563 Aureliano,
3310 4522 3313 4525 λ

1868 4591 2010 4663 [nos,

467 4685 707 4742 nuribus
738 4686 905 4758 inque
935 4685 1243 4760 peregrinis
1262 4685 1399 4755 ,data
1427 4686 1603 4759 gratia
1625 4686 1811 4755 justis.

465 4778 735 4850 Entyches
764 4777 977 4850 prolem
1006 4793 1131 4831 nam
1160 4776 1516 4832 conductoris
1541 4777 1729 4851 agelli,

465 4870 727 4925 Daemone
756 4868 1010 4941 depulso,
1034 4868 1288 4940 patrique
1305 4866 1524 4940 sibique
1554 4868 1796 4940 reponit.

464 4962 530 5016 At
553 4958 864 5015 Victorinus
888 4957 1099 5015 domini
1129 4957 1247 5013 vice
1278 4973 1404 5012 rura
1435 4967 1740 5031 regentem,

464 5053 707 5124 Tresque
736 5067 912 5107 annos
933 5052 1074 5107 lecto
1108 5049 1405 5122 paralytica
1428 5049 1676 5105 membra
1701 5049 1978 5106 foventem

465 5141 781 5197 lncolumen
811 5139 962 5194 dedit
992 5138 1223 5205 orando,
1257 5139 1551 5211 rapuitque
1579 5139 1832 5212 grabato.

468 5232 782 5288 Curatorem
814 5230 967 5286 urbis
986 5230 1181 5287 morbo
1202 5228 1351 5286 Maro
1381 5230 1545 5286 solvit
1565 5229 1852 5302 hydrOpis,

467 5326 640 5383 Annis
680 5341 791 5397 quo
819 5332 1033 5396 septem
1063 5325 1297 5381 undarat
1327 5325 1645 5396 lymphante
1669 5324 1905 5397 liquore.

472 5412 721 5483 Denique
751 5411 1050 5469 formantes
1072 5414 1309 5484 populos
1338 5412 1596 5470 affamine
1626 5422 1798 5481 casto,

471 5501 780 5555 lnstruxere
801 5500 909 5557 fide
940 5501 1145 5557 multos
1164 5503 1446 5576 regnantis
1476 5503 1623 5570 iesu,

472 5584 890 5659 Presbyterique
911 5589 1023 5644 dati
1046 5587 1266 5660 plebem
1297 5591 1706 5665 augmentando
1728 5590 2008 5649 creabant.

544 5686 845 5777 (named.
880 5716 905 5767 1
941 5717 1117 5780 Rufus

2188 4589 2628 4660 Concessamque
2659 4585 2776 4642 fero
2804 4586 3049 4658 praedam
3074 4592 3315 4641 mactare
3348 4588 3700 4659 propinquat.

2190 4680 2488 4737 Credentes
2512 4679 2754 4751 lapidem
2785 4677 2998 4750 populi,
3033 4677 3124 4749 pia
3151 4677 3421 4749 pondera,
3446 4678 3583 4747 justi

2186 4775 2300 4831 Hoc
2322 4773 2443 4845 ipso
2464 4773 2658 4847 gerula
2679 4788 2805 4829 ossa
2829 4773 3014 4828 locant
3043 4771 3431 4844 tumulantque
3459 4777 3666 4831 cavato,

2186 4863 2440 4934 Desuper
2464 4861 2670 4918 excelsi
2700 4861 3007 4917 condentes
3035 4861 3283 4917 muneris
3310 4860 3494 4916 aulam

2187 4953 2249 5008 In
2280 4970 2390 5027 qua
2419 4953 2565 5009 dona
2594 4953 2690 5008 Dei
2714 4951 2929 5008 meritis
2968 4959 3303 5024 praestantur
3329 4953 3561 5008 alumni.

2260 5045 2352 5100 Est
2376 5044 2529 5101 locus
2547 5043 2735 5100 lances
2756 5044 2979 5099 mittens
3007 5044 3310 5116 spiramine
3336 5051 3510 5100 tetros

2187 5134 2521 5207 Sulphureo,
2553 5133 2744 5189 latices
2767 5140 2987 5188 veteres
3012 5132 3201 5188 dixere
3233 5133 3478 5188 eotillas:

2192 5227 2288 5283 Hic
2315 5226 2679 5293 Victorinum,
2710 5223 2976 5296 resupino
2998 5224 3203 5280 vertice
3234 5240 3491 5296 pensum,

2192 5316 2456 5374 Horriﬁco
2487 5317 2686 5388 perimi
2717 5316 2943 5371 mandat
2964 5315 3188 5388 paedore
3218 5324 3505 5387 tyrannus.

2189 5410 2315 5466 Haec
2342 5408 2521 5465 tribus
2539 5415 2605 5477 ut,
2625 5423 2817 5479 passus
2838 5414 3045 5479 martyr
3075 5406 3374 5462 furibunda
3405 5405 3601 5461 diebus

2186 5500 2416 5555 Nectare
2439 5497 2631 5554 divino
2661 5496 2901 5569 ccelique
2923 5494 3139 5553 fovetur
3170 5509 3411 5550 ammno.

2138 5600 2143 5603 ’
2185 5592 2534 5660 Aurelianus,
2587 5591 2769 5648 adhuc
2797 5590 3059 5648 defuncto
3088 5590 3144 5645 in
3174 5597 3420 5659 martyre
3445 5587 3661 5651 crudus,

1333 5720 1480 5786 igne,
1502 5718 1695 5775 relicto
1723 5718 1903 5787 spatio
1934 5719 2099 5776 unius
2126 5719 2282 5779 vocis
2303 5735 2501 5779 vacuo.
2529 5719 2664 5778 Cod.
2693 5720 2751 5789 Ξ,
2780 5722 2956 5787 Rufus
2984 5734 3043 5774 νη
3115 5720 3259 5774 mins
3292 5719 3437 5785 igne.
