3970 6200
199 330 308 385 625

834 328 917 381 DE
957 327 1210 382 CHRISTI
1251 328 1611 383 TRIUMPHIS
1651 328 1823 385 APUD
1865 329 2132 392 lTALlAM
2174 331 2348 386 LIBRI
2390 332 2519 386 XIV.
2561 363 2631 373 —
2670 332 2796 388 LIB.
2842 332 2908 386 ll.

3430 335 3534 388 626

198 455 412 525 Corpus
444 455 610 509 humo
638 454 915 525 prohibet,
948 461 1147 509 terram
1176 461 1321 509 vetat
1359 455 1559 510 abdere
1610 463 1766 511 terra:
1798 474 1809 510 :
1843 466 1886 529 Α
1919 460 1979 512 At
2003 458 2149 513 velut
2180 459 2406 531 antiquo
2436 461 2758 530 praecellens
2788 460 2985 516 robore
3012 477 3271 533 quercus,

202 548 291 600 Ast
311 546 405 601 ubi
438 545 681 599 membra
703 545 890 614 jacent
917 544 1217 612 incondita,
1249 546 1367 600 sole
1394 556 1633 615 meante,

199 636 930 702 AcceduntAmiternenses,
965 637 1295 708 rapiuntque
1324 636 1467 691 beati

202 728 454 782 Praesulis
493 742 616 781 ossa
656 726 764 793 sui,
816 725 1081 792 referunt,
1143 729 1502 799 conduntque
1529 729 1811 785 decenter.

199 821 529 875 Exstiterant
558 818 815 890 equidem
847 819 980 874 bino
1018 818 1286 875 solamine
1319 820 1529 887 fratres,

200 919 310 971 lste
341 916 603 971 Severino
634 915 949 970 Victorinus
980 916 1155 990 magis
1186 924 1395 983 auctus,

201 1007 383 1062 Munia
416 1014 538 1077 post
566 1007 778 1062 obitum
806 1006 1000 1061 dantes
1025 1007 1234 1062 alterna
1269 1015 1581 1079 parentum,

199 1100 633 1170 Praebentesque
663 1098 768 1153 sibi
794 1099 1030 1171 geminae
1057 1097 1314 1173 suffragia
1350 1116 1493 1155 curae
1518 1118 1531 1165 ;

196 1190 420 1245 Alterno
450 1190 839 1244 submittentes
865 1206 924 1245 se
955 1191 1306 1262 discipulatu,

199 1284 536 1354 Alternoque
566 1283 883 1357 magisterio
914 1284 1019 1337 sibi
1037 1285 1162 1353 jura
1192 1283 1471 1341 ferentes:

202 1375 410 1429 [Emula
442 1374 649 1429 servitii
680 1375 949 1429 dedentes
977 1391 1206 1430 munera
1236 1376 1389 1449 digni
1424 1394 1439 1442 ;

201 1463 337 1516 Vera
365 1462 749 1532 probabilibus
772 1462 993 1518 dilectio
1017 1474 1264 1519 creverat
1292 1465 1447 1530 actis,

197 1550 632 1621 Obtulerantque
663 1552 774 1606 Deo
813 1560 987 1606 semet
1012 1551 1133 1606 viva
1176 1552 1354 1607 hostia
1394 1553 1518 1607 facti
1556 1572 1569 1620 ;

196 1642 619 1714 Perfectumque
647 1651 842 1713 petens
870 1644 1041 1697 virtus
1072 1661 1339 1717 germana
1367 1646 1554 1699 subire

198 1734 394 1789 Tendit
424 1733 478 1787 in
502 1734 556 1788 id
579 1750 675 1788 sua
706 1735 852 1805 quod
883 1735 1078 1789 dantes
1100 1736 1210 1789 sint
1234 1737 1396 1790 rebus
1418 1736 1601 1807 egeni.

204 1826 463 1880 Ubertate
490 1823 602 1894 poli
633 1824 797 1891 dites,
832 1824 1034 1895 quibus
1065 1827 1251 1881 omnia
1282 1826 1527 1881 Christus
1554 1846 1568 1893 ;

200 1915 445 1968 Libertas
466 1914 680 1980 eadem,
702 1913 1023 1985 imperium,
1056 1922 1243 1988 gratus
1268 1914 1584 1981 famulatus,

199 2004 287 2058 Nil
311 2005 519 2070 deerat,
551 2021 674 2059 cum
692 2005 766 2058 nil
798 2005 989 2059 mundi
1014 2006 1287 2076 pompalis
1321 2007 1609 2062 haberent.

200 2104 265 2156 At
287 2100 594 2155 Victorinus
623 2117 721 2171 spe
751 2102 1017 2157 scandere
1049 2103 1249 2157 celsius
1279 2104 1501 2172 ardens,

201 2196 275 2248 Ac
305 2193 960 2264 reputansimperfectum
988 2210 1181 2265 parere
1211 2196 1477 2262 vicissim,

199 2285 312 2338 Nec
340 2283 474 2338 satis
499 2299 618 2338 esse
650 2291 845 2339 tenens
872 2285 977 2340 utri
1009 2285 1285 2340 deserviat
1310 2286 1468 2352 alter,

192 2380 248 2433 Si
282 2379 414 2451 quid
446 2380 498 2432 in
529 2378 792 2434 alterutro
821 2379 985 2435 liceat
1015 2387 1341 2450 praestanter
1368 2383 1610 2454 utrique,

194 2468 538 2541 Aggredicns
567 2483 831 2533 eremum,
854 2468 1013 2522 celsae
1042 2468 1177 2537 petit
1214 2468 1387 2523 ardua
1425 2471 1597 2541 rupis,

188 2556 517 2627 Spelaaoque
547 2557 703 2611 sedet
721 2557 824 2610 sub
854 2572 962 2628 quo
1005 2556 1349 2627 prmterﬂuus
1383 2558 1560 2613 amnis

192 2648 498 2717 Abruptum
528 2646 681 2701 biﬁdi
707 2649 891 2702 lateris
916 2648 1159 2722 signarat
1200 2649 1437 2720 utrique,

190 2738 290 2792 Vix
322 2738 416 2793 uni
441 2739 739 2808 hospitium
771 2746 935 2811 queat
974 2746 1032 2794 ut
1054 2739 1297 2795 dormire
1335 2741 1583 2797 sedendo
1617 2758 1630 2795 :

188 2828 247 2882 Si
277 2826 491 2881 socium
516 2826 716 2897 capiat,
744 2827 980 2901 vigilans
1010 2828 1189 2883 orabit
1218 2835 1273 2882 et
1305 2838 1496 2883 astans
1525 2846 1539 2894 ;

192 2915 380 2970 Edidit
407 2914 663 2971 ostiolum
694 2915 846 2971 lento
876 2916 1017 2970 dans
1042 2916 1248 2971 vimine
1278 2917 1603 2985 claustrum,

189 3009 456 3065 Assiduus
478 3010 639 3077 lectu,
665 3010 1029 3083 precibusque
1069 3011 1296 3066 vacabat
1322 3012 1581 3067 anhelus.

189 3103 311 3157 Non
340 3101 461 3156 tulit
489 3102 607 3155 haec
633 3117 867 3158 cernens
896 3102 1116 3172 pietatis
1148 3102 1350 3158 lividus
1382 3104 1558 3159 hostis
1587 3123 1601 3169 ;

190 3191 588 3264 Affingensque
620 3192 828 3259 dolum,
863 3194 1265 3248 tenerwinduit
1292 3210 1390 3249 ora
1425 3195 1647 3265 puella},

189 3287 330 3341 Ante
364 3286 616 3358 foresque
648 3286 744 3341 viti
774 3287 1125 3359 ingeminans
1152 3287 1416 3342 ululantia
1456 3288 1625 3343 verba
1654 3306 1667 3341 :

196 3402 220 3430 α
257 3380 372 3434 Heu
403 3394 488 3433 me
517 3378 529 3433 l
573 3377 713 3446 infit,
747 3379 1023 3445 miseram,
1052 3380 1225 3444 silvis,
1259 3395 1466 3445 errore,
1495 3380 1744 3434 tenebris

187 3474 520 3545 Solivagam,
564 3473 920 3547 ignaramque
959 3473 1065 3528 loci
1090 3473 1356 3544 callisque
1394 3474 1601 3548 negati,

190 3561 455 3632 Quisquis
482 3560 709 3615 esistius
741 3561 1077 3617 venerabilis
1106 3562 1287 3617 incola
1328 3562 1522 3629 saltus,

192 3654 461 3707 Virtutum
494 3652 691 3707 famam
715 3653 874 3724 polus
894 3654 1162 3725 undique,
1196 3660 1251 3708 et
1282 3654 1530 3725 undique
1563 3655 1739 3722 silvze,

192 3745 573 3816 Eximiumque
612 3746 911 3817 loquuntur
937 3762 1097 3817 opus,
1122 3747 1504 3803 frendentibus
1525 3749 1669 3820 apris

196 3834 360 3903 Eripe
390 3848 498 3900 me,
526 3832 887 3904 trucibusque
918 3834 1061 3905 lupis
1088 3842 1142 3890 et
1162 3836 1444 3890 hiantibus
1464 3838 1607 3891 ursis
1636 3855 1651 3902 ;

189 3923 348 3989 Quod
368 3922 594 3990 victura,
618 3930 769 3978 tuum
798 3924 1001 3978 moriar
1030 3925 1074 3979 si
1105 3924 1365 3997 denique,
1399 3926 1454 3980 id
1479 3926 1657 3997 ipsum
1687 3946 1701 3993 ;

194 4019 400 4087 Satque
430 4016 539 4090 tegi
570 4016 704 4070 mihi
736 4016 972 4072 sufficiet
990 4019 1074 4072 vel
1104 4019 1295 4074 limine
1325 4020 1451 4075 tecti
1488 4038 1500 4074 :

192 4108 312 4161 Non
342 4105 601 4160 diuturna
633 4113 755 4177 peto
775 4108 1076 4171 consortia,
1109 4109 1285 4163 noctis
1318 4109 1503 4162 haberi

197 4197 410 4266 llospes
441 4203 496 4249 et
521 4195 705 4249 unius.
742 4219 766 4241 ι»
797 4196 993 4250 Pandit
1032 4196 1347 4263 miseratus,
1378 4206 1432 4251 et
1474 4197 1687 4252 hostem

193 4283 549 4354 Compatiens
569 4283 754 4337 dirum
777 4284 942 4355 capit,
966 4284 1313 4356 admittitque
1346 4285 1615 4340 latronem
1633 4325 1645 4339 .

194 4375 367 4431 Unius
387 4375 622 4445 spatium
654 4375 738 4431 vix
768 4376 1156 4431 intercesserat
1185 4378 1350 4439 horae,

198 4466 333 4517 Dum
359 4463 536 4517 crebri
558 4464 926 4519 membrorum
952 4465 1093 4518 inter
1115 4465 1397 4519 molimina
1428 4475 1644 4539 gestus,

194 4556 363 4611 lllicis
392 4554 606 4627 effigies
625 4555 862 4624 monstri
893 4557 1032 4626 pede
1054 4557 1283 4631 contigit
1310 4558 1535 4624 almum,

196 4649 428 4719 Moxque
451 4646 755 4718 Cupidinea
782 4646 1055 4722 transﬁgit
1078 4648 1245 4703 corda
1286 4649 1483 4722 sagitta
1515 4667 1529 4715 ;

198 4735 405 4789 Blanda
430 4734 616 4789 dolum
647 4735 950 4801 cumulant,
983 4736 1139 4809 ignes
1160 4734 1415 4789 atfamina
1445 4737 1689 4805 sufflant,

200 4827 323 4881 Urix
347 4830 539 4898 pectus
569 4841 742 4893 amor,
772 4824 985 4881 facinus
1016 4826 1138 4881 loca
1155 4827 1272 4881 sola
1310 4828 1542 4882 suadent
1567 4846 1581 4893 ;

1916 556 2087 625 Atque
2117 555 2293 609 solum
2328 555 2497 609 firmis
2530 564 2825 626 penetrans
2854 557 3127 611 radicibus
3157 557 3347 622 altum,

1916 645 2207 721 )‘lontivagi
2238 662 2502 701 succensa
2534 648 2657 703 loco
2691 649 2965 719 pecudum
3001 649 3177 715 ducis,
3212 659 3339 720 apta

1919 736 2138 808 Ignibus
2168 745 2253 791 est
2283 737 2504 792 inventa
2529 740 2755 810 quidem
2791 740 2835 793 si
2865 740 3003 793 forte
3036 756 3293 807 caverna,

1921 829 2137 882 lnterno
2170 827 2409 882 ﬂammis
2431 838 2761 900 consumpto
2804 830 3002 884 robore
3028 830 3189 893 victa,

1918 916 2158 983 Labitur,
2190 924 2354 989 atque
2385 918 2479 972 diu
2504 920 2662 973 tectis
2691 920 2889 974 caelum
2921 920 3159 990 applicat
3190 921 3358 979 arvis.

1918 1005 2035 1059 Alta
2061 1006 2317 1060 columna
2344 1006 2472 1072 ruit,
2506 1023 2683 1062 caecus
2704 1010 2888 1062 scelus
2916 1007 3086 1063 efficit
3115 1010 3280 1064 ardor
3307 1028 3319 1063 :

1923 1099 2192 1154 Exclamat
2224 1099 2502 1154 victoriam
2529 1100 2643 1170 jam
2675 1117 2811 1155 voce
2843 1101 3099 1156 inimicus
3131 1112 3318 1173 aperta
3348 1121 3363 1159 :

1923 1210 1949 1240 α
1994 1191 2175 1245 Heus!
2206 1191 2338 1262 quid
2367 1192 2503 1264 agis,
2536 1191 2670 1262 quid
2698 1192 2834 1265 agis,
2854 1194 2935 1247 vir
2953 1193 3349 1263 perfectissime
3370 1195 3537 1249 ‘?Fra-

3368 1286 3471 1357 [ter

1924 1377 2017 1431 Cui
2048 1376 2229 1450 gravis
2261 1376 2565 1442 exstiterat,
2598 1375 2893 1449 peregrino
2919 1375 3174 1449 jungeris
3200 1374 3227 1429 ?
3261 1377 3416 1444 Ecre,

1925 1468 2176 1523 Germani
2210 1468 2374 1522 odisti
2405 1468 2499 1539 qui
2531 1467 2893 1523 contubernia
2923 1467 3134 1525 ferre...

1924 1565 1999 1617 En
2033 1563 2166 1635 quid
2189 1564 2306 1633 agis
2329 1563 2420 1633 qui
2451 1563 2652 1637 dogma
2688 1579 2887 1617 novum
2918 1564 3071 1617 silvis
3101 1565 3459 1635 scapulisque

1925 1652 2291 1717 Constituens,
2326 1668 2490 1722 rupes
2518 1652 2893 1707 moderamina
2924 1659 3071 1707 casta
3112 1654 3349 1709 docebas
3379 1655 3472 1710 ‘2...
3513 1680 3537 1701 »ι

1924 1741 2047 1796 Haec
2077 1741 2361 1795 insultanti
2388 1741 2647 1808 jactando
2678 1741 2933 1795 diabolus
2958 1757 3073 1808 ore,

1848 1827 1899 1893 B
1924 1830 2144 1899 Decepti
2176 1846 2241 1883 ex
2271 1829 2447 1885 oculis
2464 1830 2599 1884 abiit
2638 1846 2739 1883 ceu
2772 1828 2955 1883 fumus
2988 1831 3040 1884 in
3071 1847 3248 1885 auras.

1919 1923 1982 1976 At
2012 1922 2103 1992 qui
2131 1928 2431 1986 corruerat,
2467 1921 2632 1975 tacuit
2660 1921 2814 1992 quasi
2848 1922 3100 1995 Gorgone
3123 1923 3237 1977 visa

1918 2010 2151 2063 Artubus
2184 2009 2495 2083 exsanguis,
2536 2009 2640 2063 sibi
2671 2010 2764 2081 qui
2800 2010 3135 2081 quandoque
3168 2029 3440 2078 reversus,

1919 2099 2204 2173 Egreditur
2233 2098 2405 2164 silvis,
2432 2107 2688 2169 repetens
2708 2099 2900 2153 solatia
2932 2098 3114 2153 fratris
3143 2118 3157 2165 ;

1924 2188 2189 2260 Huicque,
2224 2188 2435 2259 pudore
2465 2187 2560 2241 diu
2587 2204 2881 2259 suppressa
2911 2205 3064 2253 voce,
3095 2190 3324 2244 silenter

1927 2280 2219 2345 Assistens,
2244 2295 2463 2333 causam
2497 2279 2719 2348 stupido
2743 2280 2962 2333 tandem
3004 2281 3199 2335 ordine
3234 2281 3462 2351 pandit;

1926 2376 2045 2444 Ipse
2068 2373 2171 2427 sibi
2206 2389 2424 2443 poenam
2453 2378 2722 2438 statuens,
2766 2390 3003 2444 namque
3027 2374 3220 2428 arbore
3243 2375 3433 2441 scissa,

1925 2465 2129 2539 Ingerit
2170 2465 2505 2536 insertatque
2531 2481 2742 2531 manus,
2772 2466 3075 2537 cuneisque
3099 2466 3323 2521 cicatrix

1917 2557 2234 2629 Stringitur,
2268 2556 2512 2610 arborea:
2544 2565 2745 2611 coeunt
2794 2557 2967 2631 plaga:
3012 2558 3276 2630 undique.
3312 2560 3536 2614 Summo

1919 2648 2167 2704 Pontiﬁci
2201 2648 2366 2702 frater
2387 2648 2569 2702 fratris
2602 2656 2808 2719 patrata
2839 2649 3081 2714 revelat;

1919 2741 2019 2806 Qui
2049 2740 2278 2795 veniens
2306 2739 2481 2810 primo
2515 2747 2743 2793 conatur
2759 2740 2971 2793 solvere
3002 2756 3200 2794 nexum
3239 2758 3251 2793 :

1920 2834 2096 2905 thue
2127 2833 2483 2888 reluctantem
2517 2832 2715 2898 cernit,
2749 2832 3054 2897 benedicit,
3095 2840 3149 2888 et
3179 2849 3345 2887 orans

1924 2927 2280 2998 Compatitur,
2312 2926 2554 2991 refovet;
2589 2926 2789 2992 munit,
2819 2927 3025 2981 solatur
3062 2927 3310 2999 abitque.

1923 3021 2085 3077 Atvir
2116 3018 2446 3090 pervalidus,
2488 3025 2637 3073 tanto
2668 3018 2964 3072 vincimine
2988 3016 3146 3085 fixus,

1925 3109 2086 3165 Fanis
2117 3109 2377 3163 duntaxat
2394 3106 2671 3161 modicum
2702 3106 3050 3178 lymphataque
3070 3108 3338 3179 liquorem

1926 3154 1943 3164 ⁸⁵
1963 3154 2086 3165 “⁵“⁵““¹
2118 3154 2377 3163 “’¹’“”’”“““’”“’“’
2397 3154 2671 3161 ”““”“’“”’“““’
2703 3154 3049 3178 “.’···ι’“·νυ“·ι“·ν
3070 3154 3237 3179 ””“1“”“¹”

1849 3154 1898 3222 C
1924 3195 2276 3251 Hebdomade
2310 3194 2485 3265 prima
2516 3194 2789 3264 capiebat,
2824 3194 2990 3249 fratre
3012 3204 3254 3264 coactus,

1918 3288 2017 3353 Qui
2058 3288 2204 3342 victu
2233 3286 2401 3340 simili
2437 3286 2650 3353 jejunia
2679 3286 2844 3361 longa
2867 3286 3104 3350 levabat,

1918 3382 2020 3436 Pro
2050 3380 2230 3434 fratris
2254 3379 2409 3448 lapsu
2439 3376 2594 3447 parili
2629 3393 2791 3432 cruce
2831 3386 3007 3434 semet
3026 3379 3320 3453 adurgens.

1917 3469 2207 3524 Volventes
2245 3466 2456 3520 hiemes
2484 3466 2647 3532 hujus
2668 3474 2779 3520 tres
2802 3468 3047 3536 pondere
3079 3469 3263 3523 multa:

1915 3559 2049 3613 Hinc
2078 3554 2338 3611 Victorini
2367 3554 2497 3607 dum
2525 3554 2639 3623 jam
2672 3555 2933 3623 patientia
2966 3564 3196 3612 cunctos

1914 3648 2176 3713 Iuﬂectit,
2203 3646 2425 3701 rediens
2456 3644 2654 3717 praesul
2675 3645 2755 3698 vix
2792 3662 2992 3721 cogere
3017 3648 3188 3704 vincit

1918 3738 2183 3794 Carnibus
2221 3734 2530 3806 absumptis
2559 3735 2705 3789 sinat
2735 3742 2795 3789 ut
2825 3744 3095 3791 tormenta
3125 3740 3323 3794 resolvi

1918 3831 2047 3896 Quis
2077 3828 2347 3898 sejudieii
2383 3827 2612 3883 dederat
2638 3843 2850 3882 memor
2881 3828 2996 3897 ipse
3030 3832 3320 3889 tremendi.

1921 3923 1969 3975 ls
1997 3936 2158 3992 quam
2192 3925 2317 3989 post
2332 3924 2555 3972 sanctus
2582 3916 2764 3983 nituit,
2790 3933 2952 3987 quam
2981 3919 3114 3973 mira
3139 3928 3393 3989 potenter

1919 4010 2125 4087 Egerit,
2160 4012 2412 4063 humanae
2434 4024 2545 4063 non
2585 4015 2668 4063 est
2699 4008 2938 4078 expletio
2972 4009 3171 4081 lingua:
3207 4029 3221 4077 ;

1918 4103 2129 4173 Quique
2158 4100 2511 4154 Amiterninae
2538 4104 2734 4153 cuncto
2768 4098 3015 4153 delectus
3046 4099 3114 4153 ab
3133 4100 3284 4155 urbis

1922 4192 2160 4266 Erigitur
2192 4189 2385 4260 praesul
2421 4188 2648 4260 p0pulo,
2682 4203 2791 4260 quo
2816 4196 3052 4259 martyre
3080 4188 3298 4246 florent.

1916 4286 2163 4339 Frateret
2181 4282 2298 4351 ipse
2338 4281 2652 4347 Severinus,
2681 4280 2982 4335 commilito
3002 4280 3183 4335 fratris

1917 4377 2271 4443 Sectatorque
2299 4388 2485 4446 sagax,
2519 4379 2643 4443 post
2664 4372 2899 4441 plurima
2921 4372 3057 4426 mira
3088 4372 3335 4429 datarum

1918 4466 2214 4529 Virtutum,
2238 4469 2424 4518 sancta
2452 4461 2694 4532 locuples
2724 4461 2928 4531 pietate
2955 4462 3163 4533 quievit

1834 4518 1892 4586 D
1924 4553 2236 4619 Confessor,
2268 4552 2601 4622 functusque
2633 4550 2753 4606 loco
2785 4551 2995 4622 legatur
3026 4552 3220 4609 eodem

1921 4649 2035 4713 Quo
2067 4646 2231 4701 vitam
2261 4642 2399 4697 mire
2431 4642 2640 4717 degens
2670 4642 2973 4696 abstemius
2997 4642 3108 4716 egit

1922 4742 2064 4796 Luce
2096 4738 2249 4810 prius
2278 4737 2476 4809 praesul
2509 4751 2671 4806 quam
2691 4734 3103 4809 praaeligeretur
3127 4736 3361 4790 honesta
3390 4754 3405 4798 ;

1920 4832 2089 4896 Quem
2130 4828 2235 4883 ritu
2269 4825 2460 4881 recolit
2487 4824 2762 4893 Campana
2794 4824 3050 4894 Neapolis
3082 4826 3247 4880 almo.

1670 4938 1876 4995 (ZAPUT
1925 4940 2067 4994 Xlll.

653 5042 727 5099 De
759 5051 971 5101 sancta
1002 5043 1335 5115 Domitilta,
1367 5045 1647 5106 Marcello
1678 5064 1911 5123 quoque
1942 5058 1993 5108 et
2030 5046 2305 5124 Apuleio,
2341 5042 2605 5118 Sulpitio
2636 5050 2687 5099 et
2717 5040 3086 5099 Serviliano.

204 5152 561 5215 Aurelianus,
594 5151 688 5206 ubi
718 5152 989 5207 solamine
1021 5153 1250 5227 virginis
1280 5171 1474 5210 omnes

211 5240 455 5297 Dimovit
481 5246 720 5305 sanctos,
746 5240 1072 5295 Domitillam
1106 5243 1269 5297 solvit
1298 5244 1365 5297 ab
1394 5246 1488 5299 alti

216 5335 423 5392 Exsilio
454 5333 635 5400 Ponti,
660 5333 1119 5405 Terracinamque
1161 5336 1405 5409 relegat;

215 5426 641 5500 Sulpiciumque
674 5433 826 5500 rogat
851 5426 995 5480 claro
1026 5443 1147 5481 cum
1178 5428 1480 5485 Serviliano

214 5515 583 5574 Conciliatum
604 5513 749 5567 illam
781 5530 999 5584 sponsa:
1031 5515 1316 5570 mittantur
1339 5532 1549 5581 eorum,

215 5614 337 5675 Quo
370 5606 606 5661 suadere
647 5604 1113 5675 queantanimum
1155 5607 1219 5659 ad
1246 5609 1522 5662 connubia
1555 5605 1724 5669 ﬂecti,

218 5694 465 5770 Virginis
490 5699 551 5748 ut
577 5693 807 5748 comites
836 5699 890 5746 et
918 5692 1116 5746 eodem
1148 5691 1287 5747 lacte
1316 5693 1549 5749 refectae.

1932 5158 2212 5215 Pontiacis
2234 5162 2437 5212 sanctae
2465 5153 2718 5209 redeunti
2749 5151 3055 5208 occurritur
3092 5153 3256 5207 arvis.

1936 5248 2269 5318 Conspicnas
2298 5243 2531 5300 celebris
2559 5242 2762 5317 gaudet
2787 5239 2988 5295 vidisse
3019 5241 3257 5305 sodales,

1940 5339 2259 5409 Conspicuze
2287 5338 2559 5393 celebrem
2592 5333 2836 5408 gaudent
2856 5332 3075 5386 venisse
3106 5332 3372 5386 sodalem.

1939 5428 2143 5482 Gaudia
2173 5426 2582 5490 concelebrant,
2625 5440 2727 5479 nec
2756 5423 3089 5491 eodemjure
3120 5423 3375 5478 fruuntur
3401 5442 3416 5493 ;

1940 5523 2063 5577 Haec
2092 5522 2288 5575 animae
2319 5522 2552 5591 dapibus
2568 5519 2862 5585 refovetur,
2887 5518 3133 5589 corporis
3152 5518 3255 5573 illae
3281 5537 3297 5583 ;

1944 5610 2032 5664 Hm
2064 5610 2329 5664 recubant
2353 5609 2554 5678 epulis.
2590 5609 2804 5677 jejunia
2834 5607 3017 5663 Flavia
3036 5607 3207 5673 ducit,

1943 5698 2039 5752 Cui
2078 5697 2239 5753 sociae
2274 5714 2286 5750 :
2333 5697 2517 5760 «Quia
2562 5698 2893 5764 prandemus
2919 5696 3554 5771 sponsisquejugamur,
