3970 6200
426 342 530 394 627
1189 339 1555 394 FLODOARDI
1597 338 1904 395 CANONICI
1946 337 2278 394 REMENSIS
2320 339 2660 395 OPUSCULA
2698 341 3006 396 METRICA.
3689 348 3799 402 628

427 471 543 526 Non
564 471 785 542 quimus
809 471 1016 524 servire
1047 471 1156 525 Deo
1183 485 1292 541 quo
1323 471 1453 524 talia
1493 477 1690 524 tractas
1717 469 1745 523 ?
1770 494 1794 520 υ
2071 473 2126 541 Α
2148 469 2464 543 Virginibus
2493 469 2645 524 taedae
2668 469 2844 524 tribus
2874 489 2890 536 ;
2920 477 2974 525 at
3005 471 3095 541 pia
3125 471 3464 530 Servilianos

433 564 526 616 Illa
557 579 568 615 :
606 583 626 610 α
661 561 801 615 Viris
828 561 990 616 claris
1019 561 1312 632 desponsae
1342 561 1445 616 rite
1476 561 1668 617 nitetis
1699 582 1714 627 ;
2142 561 2554 633 Sulpiciusque,
2590 561 2684 616 Dei
2715 560 2978 616 miracula
3009 561 3150 618 facta
3175 564 3451 631 videntes,

428 655 682 709 Obscura:
712 654 758 707 si
779 670 875 708 vos
904 654 1104 726 aliqua;
1131 654 1394 710 divellere
1439 655 1634 710 malint
2143 651 2574 721 Credentesque,
2604 649 2707 720 pia:
2736 648 2864 704 fidei
2897 665 2996 704 sua
3022 657 3243 720 pectora
3268 653 3518 708 subdunt
3545 673 3560 708 :

431 750 500 798 Ac
527 743 734 798 vincire
757 743 860 797 sibi
887 749 1398 814 personae,assensa
1413 745 1625 819 negatis
1644 743 1672 797 ?
1690 765 1712 795 η
2034 766 2038 769 ι
2141 740 2466 794 Aurelianus
2487 738 2568 793 eis
2596 753 2828 809 sponsas
2858 739 2989 792 dum
3020 738 3223 796 ducere
3252 742 3466 807 suadet,

427 855 526 884 -α
556 839 770 889 Avertat
798 835 940 890 Deus
969 852 998 889 a
1027 835 1227 890 nostris
1259 837 1363 891 hoc
1400 837 1704 904 mentibus,
1743 861 1756 884 ι
1809 837 1926 892 illae.
2144 832 2205 887 Hi
2229 831 2460 888 Domino
2487 829 2614 885 ferri
2645 845 2813 900 super
2839 829 2926 884 his
2958 830 3244 888 hortantur
3261 833 3557 900 honorem,

427 925 606 981 Flavia
634 927 713 980 sic
748 946 767 973 ι
801 925 860 979 Et
892 935 1077 982 meme
1106 941 1226 980 mea
1250 943 1370 998 qua;
1398 929 1613 1002 gaudeo
1633 944 1839 999 sponso
2145 921 2310 986 Queis
2341 917 2634 973 manifesta
2661 918 2755 972 Dei
2796 918 2967 973 virtus
2997 919 3301 976 radiaverat
3322 922 3476 977 actis.

429 1016 575 1089 Rege
617 1015 709 1069 Dei
740 1013 954 1079 Genito,
983 1015 1124 1070 coelo
1155 1015 1418 1085 quivenit
1439 1016 1506 1069 ab
1537 1016 1669 1082 alto,
2145 1011 2242 1064 llle
2272 1024 2375 1063 nec
2403 1007 2700 1062 admittens
2735 1006 3005 1074 animum,
3039 1024 3142 1063 nec
3173 1007 3378 1065 famina
3405 1027 3639 1078 curans,

429 1109 598 1178 Atque
629 1105 929 1177 sp0p0ndit
958 1106 1008 1159 ei
1042 1115 1326 1160 servantes
1354 1113 1575 1177 pectora
1598 1115 1747 1162 casta
2145 1103 2310 1172 Septa
2335 1100 2493 1169 jubet
2522 1099 2743 1169 capiant
2768 1099 3097 1155 Domitillam
3131 1117 3329 1156 arcana
3360 1103 3592 1169 cubilis,

428 1201 671 1269 Sponsas
696 1213 816 1252 esse
848 1197 979 1263 sibi,
1006 1197 1114 1252 vita
1144 1197 1352 1252 donare
1385 1198 1617 1268 perenni
1652 1215 1666 1263 ;
2152 1197 2372 1267 Speque
2413 1203 2536 1250 actu
2566 1194 2772 1263 majora
2792 1195 2949 1265 petit,
2985 1195 3066 1251 sic
3087 1197 3286 1269 gaudia
3315 1197 3529 1253 ducens

428 1288 650 1342 Scilicet
677 1293 736 1341 ut
763 1293 887 1357 post
917 1287 1064 1340 hunc
1095 1301 1288 1341 cursus
1318 1287 1608 1356 praesentis
1637 1301 1871 1360 agonem
2151 1286 2301 1341 Victa
2334 1285 2616 1356 pudicitia:
2643 1285 2810 1340 veluti
2837 1284 2950 1355 jam
2990 1302 3160 1359 regna
3190 1286 3447 1353 domarit,

433 1381 659 1435 luducat
697 1377 950 1433 thalamis
986 1385 1193 1431 aeterna
1226 1377 1346 1432 luce
1385 1377 1653 1441 venustis,
2148 1378 2483 1448 Captivoque
2515 1377 2701 1431 datum
2727 1375 2868 1432 foret
2892 1377 3156 1433 insultare
3183 1379 3408 1450 pudori;

431 1471 690 1546 Angelico
720 1485 940 1540 semper
966 1468 1212 1522 tribuens
1242 1468 1485 1540 gaudere
1521 1469 1741 1532 decore,
2147 1472 2398 1542 Dumque
2429 1469 2572 1524 inter
2593 1469 2846 1524 thalamis
2867 1471 3268 1542 applaudentes
3293 1472 3417 1526 salit
3447 1489 3672 1537 amens,

430 1566 501 1616 Ac
533 1561 871 1632 paradisiaco
903 1559 1097 1614 ﬂorum
1130 1574 1358 1613 vernare
1393 1559 1591 1626 nitore,
2151 1559 2405 1630 Corporis
2435 1567 2489 1613 et
2517 1566 2703 1629 gestus
2733 1558 2923 1613 habitu
2957 1561 3233 1616 convolvit
3266 1561 3456 1632 inique
3491 1579 3505 1627 ;

430 1657 574 1710 Finis
603 1663 661 1710 ut
688 1656 900 1726 absque
939 1660 1089 1708 metu
1119 1653 1360 1708 illustres
1399 1655 1695 1726 epulentur
1734 1655 1788 1710 in
1818 1672 1992 1710 aevum
2027 1675 2044 1710 :
2149 1648 2398 1714 NOSCiUS,
2427 1646 2639 1710 infelix.
2673 1647 2792 1702 hinc
2822 1647 3145 1703 inconcessa
3176 1651 3438 1719 petendo.

429 1745 598 1800 Filius
628 1746 729 1799 ista
760 1743 855 1798 Dei
881 1742 1163 1814 spondens
1193 1743 1321 1797 dum
1354 1744 1579 1798 credere
1613 1745 1748 1798 vidit
2065 1779 2118 1847 B
2142 1741 2310 1797 Insita
2335 1755 2614 1795 concessa).
2646 1738 2782 1794 solvi
2824 1739 2931 1793 sibi
2961 1739 3169 1794 fuadera
3195 1740 3338 1807 vitae,

428 1836 522 1888 Vix
552 1834 745 1896 ullum,
778 1831 994 1886 firmare
1027 1830 1189 1886 fidem
1223 1847 1332 1887 non
1359 1832 1568 1886 distulit
1597 1833 1748 1900 actis,
2065 1828 2118 1847 υ
2141 1829 2468 1903 Sanguineis
2499 1828 2680 1882 anima
2711 1836 2795 1882 est
2825 1828 2955 1883 dum
2982 1828 3094 1896 jam
3122 1831 3425 1900 repetenda
3448 1831 3711 1894 latebris,

430 1925 572 1978 Dans
603 1921 760 1976 caecis
785 1921 994 1987 lumen,
1016 1920 1265 1991 leprosos
1294 1920 1500 1975 famine
1527 1922 1819 1988 mundans,
2139 1920 2387 1991 Exspirat
2413 1918 2618 1985 subito,
2641 1917 2920 1990 vitamque
2951 1926 3006 1974 et
3035 1919 3245 1975 ludicra
3286 1920 3467 1975 mittit.

424 2018 739 2086 Functaque
766 2021 1075 2068 restaurans
1104 2013 1318 2067 amissae
1348 2029 1576 2084 corpora
1610 2014 1750 2080 vitae,
2139 2009 2228 2063 liis
2257 2009 2485 2063 comites
2514 2007 2646 2062 visis
2677 2006 2886 2063 Christo
2918 2025 2980 2064 se
3009 2009 3211 2064 dedere
3234 2017 3488 2074 certant;

426 2106 590 2170 Queis
619 2102 905 2158 Dominum
934 2101 1092 2156 factis
1120 2101 1307 2156 docuit
1335 2118 1393 2156 se
1421 2109 1475 2156 et
1501 2118 1627 2156 vera
1658 2102 1838 2158 fateri.
1869 2124 1888 2152 ι
2138 2101 2405 2155 Luxurius
2433 2099 2566 2155 tanti
2595 2099 2762 2155 frater
2783 2107 2904 2170 post
2929 2099 3070 2156 facta
3100 2103 3336 2171 tyranni,

423 2195 708 2252 Theodora
737 2209 750 2246 :
790 2217 813 2238 «
853 2191 1114 2256 Herodes,
1133 2189 1329 2258 ait,est
1359 2191 1542 2246 Roma:
1573 2191 1709 2246 mihi
1742 2192 1930 2263 frater,
2135 2191 2423 2259 Trajanum
2456 2198 2734 2261 repetens,
2755 2190 3100 2244 dominatum
3120 2191 3298 2261 poscit
3331 2192 3384 2244 in
3417 2191 3558 2246 isto.-
3585 2213 3603 2254 ,-

426 2289 647 2343 Munere
679 2283 954 2357 prmterito
986 2289 1178 2353 captus
1203 2282 1297 2354 qui
1327 2283 1552 2337 luminis
1582 2299 1728 2340 anno
1765 2301 1777 2338 :
2145 2282 2290 2344 Quos
2317 2278 2481 2333 simul
2518 2278 2776 2333 obtentos
2797 2278 3013 2332 diversa
3035 2278 3186 2333 caade
3217 2280 3474 2335 trucidat.

432 2381 573 2434 Illud
604 2383 904 2433 restaurato
935 2376 1012 2430 tui
1043 2374 1147 2429 sub
1180 2375 1404 2430 nomine
1439 2375 1660 2442 Christi,
2148 2374 2454 2444 Sulpicium
2488 2373 2755 2428 illustrem
2781 2373 2928 2428 claro
2959 2389 3084 2428 cum
3118 2374 3427 2430 Serviliano

435 2472 507 2526 Ex
549 2473 668 2541 ipso
699 2469 862 2526 nobis
892 2469 937 2523 si
968 2468 1228 2543 dogmata
1248 2484 1378 2522 vera
1409 2467 1602 2522 tulisti.
1640 2491 1665 2513 ι»
2151 2469 2413 2524 Praefecto
2447 2470 2670 2524 tradens
2697 2470 2931 2536 Aniano,
2965 2479 3189 2525 accusat
3217 2470 3445 2542 iniquus

435 2565 789 2635 Euphrosyna
817 2561 920 2617 sub
950 2562 1098 2616 haec:
1126 2585 1140 2607 ι
1183 2560 1419 2614 Fratrem
1451 2559 1683 2631 liquisse
1704 2560 1890 2616 fateris
2150 2557 2469 2612 Christiana:
2496 2557 2728 2613 famulos
2755 2557 2904 2634 fidei,
2927 2557 3218 2631 defertque
3251 2560 3554 2615 necandOs.

433 2654 504 2708 Te
532 2655 715 2708 Romae
746 2668 972 2715 caecum,
996 2649 1092 2704 sed
1127 2647 1238 2702 ﬁlia
1266 2657 1416 2703 muta
1447 2648 1678 2703 nutricis
2149 2645 2468 2719 Virginibus
2493 2647 2739 2716 posthac,
2769 2647 2913 2702 trino
2944 2647 3275 2703 charismate
3303 2649 3482 2714 nexis,

439 2747 571 2799 Ecce
600 2758 1028 2807 meaemecum,»
1050 2756 1211 2811 quam
1247 2739 1497 2810 praecipit
1526 2739 1672 2794 illico
1695 2739 1832 2794 sisti.
2150 2735 2414 2805 Opposito
2442 2736 2610 2792 rideri
2627 2737 2695 2792 ab
2725 2737 2806 2792 eis
2846 2739 3077 2813 gentilia
3100 2754 3255 2794 sacra

438 2837 499 2887 At
532 2831 805 2887 Domitilla
837 2845 1049 2900 preces,
1079 2829 1302 2899 longum
1333 2828 1492 2894 ﬂens,
1533 2835 1718 2895 strata,
1749 2828 2048 2900 profundit,
2156 2823 2261 2878 Res
2286 2825 2538 2880 adimeus
2567 2826 2762 2881 avidus
2791 2826 3023 2881 terrenis
3053 2827 3249 2882 usibus
3280 2834 3456 2898 aptas,

440 2923 881 2991 Exsurgensque,
915 2933 1110 2971 manus
1141 2916 1392 2986 pandens
1419 2917 1486 2970 ad
1512 2917 1695 2972 sidera
1727 2917 1867 2973 fatur
1901 2935 1916 2972 :
2157 2918 2386 2990 Ignibus
2406 2919 2645 2988 injectis,
2679 2927 2931 2990 penetrat
2960 2928 3170 2975 secreta
3202 2920 3386 2976 beatis

438 3035 468 3065 α
500 3011 712 3067 Christe
745 3011 910 3073 Deus,
933 3008 1026 3078 qui
1063 3006 1344 3077 pollicitus
1378 3016 1430 3061 te
1464 3024 1685 3078 semper
1715 3010 1909 3065 adesse
2154 3010 2307 3074 Quod
2329 3011 2495 3065 dabat
2515 3011 2784 3084 agnabus,
2817 3010 3052 3066 ﬂammis
3082 3013 3328 3068 incendit
3351 3013 3567 3069 adactis
3593 3036 3611 3069 :

438 3106 732 3159 Finetenus
761 3100 945 3166 nobis,
969 3115 1091 3170 qua:
1124 3106 1294 3153 testor
1320 3115 1449 3153 vera
1471 3099 1722 3168 probato.
1756 3124 1781 3147 ››
2085 3151 2129 3176 η
2156 3099 2440 3154 Prostratae
2471 3101 2526 3154 in
2556 3101 2726 3156 facies
2756 3100 2882 3164 illae,
2913 3101 3318 3174 Dominumque
3349 3115 3639 3176 rogantes,

439 3151 455 3159 -
480 3151 729 3158 .--τ-ν---τ
976 3151 1085 3170 γη
1367 3151 1447 3153 η
1473 3151 1486 3168 ι
1513 3151 1519 3152 κ
2164 3151 2434 3154 η
2557 3151 2723 3156 -η-ν-
2756 3151 2882 3164 ---ηι
2913 3151 3315 3174 -ν---η--η-ιπ
3349 3151 3639 3176 nan-vv,

439 3197 569 3251 Cum
611 3194 780 3260 dicto,
809 3200 972 3247 muta;
997 3191 1218 3265 signum
1243 3191 1421 3247 crucis
1459 3192 1675 3247 addidit
1700 3192 1803 3260 ori,
2083 3151 2132 3219 Ο
2158 3195 2302 3248 Inter
2330 3200 2453 3248 vota
2484 3209 2791 3265 precesque
2812 3194 3023 3248 animas
3047 3210 3216 3265 super
3245 3198 3450 3251 aethera
3484 3199 3705 3253 tollunt.

441 3315 465 3336 «ι
496 3289 552 3341 1η
580 3301 794 3341 summo
813 3285 1027 3340 Domini
1060 3284 1310 3355 loquere,
1344 3284 1522 3349 aiens,
1543 3284 1769 3339 nomine
1791 3283 2045 3352 Christip
2157 3290 2339 3344 Altera
2370 3290 2568 3361 sapitis
2589 3290 2870 3360 pandebat
2893 3291 3039 3346 clara
3060 3291 3261 3346 favillis

439 3377 580 3432 Muta
608 3374 788 3429 statim
813 3389 1001 3429 vocem
1024 3373 1267 3427 clamans
1295 3372 1546 3443 prorupit
1575 3373 1632 3426 in
1664 3373 1822 3427 istam
1860 3391 1873 3427 :
2158 3379 2481 3433 Sanctarum
2508 3379 2731 3434 rutilum
2755 3396 2988 3454 surgens
3016 3396 3216 3437 aurora
3244 3381 3588 3453 triumphum
3623 3402 3637 3449 ;

441 3489 462 3517 α
499 3467 590 3522 Est
611 3482 795 3531 verus,
829 3463 1271 3530 Domitilla,Deus
1301 3471 1428 3518 tuus
1457 3481 1473 3527 ;
1504 3463 1690 3517 omnia
1719 3479 1845 3518 vera

2159 3472 2536 3544 Caesariusque
2566 3473 2762 3528 adiens
2785 3474 2952 3529 levita
2974 3476 3219 3548 tepentia
3263 3483 3426 3542 tecta,

439 3558 776 3614 Suntverbis
796 3557 1006 3627 prolata
1036 3555 1164 3610 tuis.
1205 3575 1230 3605 »
1265 3555 1415 3609 Tunc
1439 3570 1498 3608 se
1521 3555 1693 3625 ipsius
1719 3556 1896 3610 ambae
2160 3561 2378 3616 Invenit
2403 3561 2634 3617 intactas
2662 3569 2813 3619 tanto
2837 3563 3052 3619 fervore
3080 3563 3272 3620 beatas
3304 3583 3316 3618 :

440 3655 733 3708 .\sternunt
766 3651 1021 3722 pedibus,
1051 3649 1306 3715 credunt,
1335 3648 1618 3720 sacrisque
1645 3649 1916 3704 dicantur.
2157 3648 2241 3702 Nil
2274 3649 2331 3702 in
2361 3664 2454 3704 eas
2481 3649 2702 3704 ﬂamma
2729 3658 2981 3707 vestesve
3010 3651 3250 3707 audente
3291 3654 3487 3726 rogali.

437 3744 738 3799 Theodorw
763 3758 908 3798 casco
939 3741 1238 3812 perductus
1268 3741 1488 3795 tramite
1509 3740 1696 3803 frater,
2155 3741 2285 3796 Tum
2342 3757 2498 3796 sacra
2541 3743 2786 3798 membra
2846 3759 2987 3800 novo
3037 3746 3314 3800 tumulans
3371 3756 3698 3802 reverenter
3727 3759 3778 3802 et

441 3837 701 3902 Donatur,
734 3834 994 3906 precibus
1011 3832 1546 3898 Domitillaa,lumine
1573 3839 1806 3904 utroque
3493 3836 3715 3906 [aptans

440 3927 694 3999 Corporis
720 3926 1090 3998 atqueanimze
1110 3924 1356 3979 renitens
1373 3924 1670 3996 Splendore
1704 3942 1968 3997 superne.
2156 3921 2530 3994 SacorphagO,
2561 3921 2765 3992 pariter
2795 3922 3000 3979 claudit
3023 3931 3275 3998 terraque
3315 3929 3591 3984 recondit.

437 4018 587 4073 Tunc
615 4017 708 4088 qui
740 4016 976 4090 gentiles
1005 4014 1236 4068 aderant
1257 4029 1324 4067 ex
1354 4013 1516 4080 Urbe,
1545 4021 1840 4081 novantur,
2155 4012 2457 4082 Sulpicium
2487 4014 2777 4084 praefectus
2810 4016 2924 4090 agit
2945 4033 3069 4072 cum
3098 4017 3404 4074 Serviliano

439 4108 738 4162 Credentes
763 4103 994 4168 Christo,
1028 4102 1241 4174 liquida
1269 4101 1620 4173 baptismatis
1653 4103 1838 4168 unda;
2156 4104 2247 4158 Dis
2273 4104 2448 4159 libent
2482 4106 2725 4174 ;celebri
2759 4123 2938 4178 nuper
2966 4109 3059 4181 qui
3093 4109 3324 4166 ﬂumine
3357 4112 3597 4168 mundos

441 4202 560 4255 Haec
585 4199 890 4269 eademque
920 4196 1117 4252 domus
1157 4195 1400 4251 Ecclesia
1428 4203 1617 4251 sancta
1639 4197 1873 4252 renidet.
2157 4192 2227 4246 Se
2257 4193 2574 4264 perhibent,
2609 4195 2772 4250 fmdis
2802 4196 3001 4252 iterum
3033 4214 3135 4253 nec
3163 4200 3422 4254 sordibus
3446 4201 3610 4267 addi;

439 4294 667 4347 Sanctos
695 4290 1009 4345 Marcellum
1041 4298 1330 4361 postquam
1365 4289 1512 4345 ferus
1531 4289 1860 4345 Aurelianus
2156 4281 2405 4352 Dumque
2421 4283 2507 4337 Via
2539 4293 2822 4355 nequeunt
2846 4285 2992 4359 adigi
3016 4287 3151 4341 atris
3179 4287 3379 4343 ritibus
3407 4289 3539 4357 ulla,

441 4385 568 4453 Ejus
599 4383 1002 4455 Apuleiumque
1031 4382 1220 4437 schola
1248 4382 1350 4436 sub
1381 4391 1616 4453 utraque
1637 4381 1881 4437 sodalem
1913 4399 1927 4449 ;
2155 4374 2384 4428 Sumere
2425 4375 2699 4430 submissa
2723 4376 2965 4450 gladium
2999 4379 3211 4434 cervice
3236 4380 3523 4448 jubentur.

442 4476 548 4530 Hos
575 4473 739 4528 etiam
775 4480 992 4544 praeter,
1025 4471 1255 4526 Domino
1284 4486 1383 4541 pro
1414 4471 1598 4525 cwlite
1627 4471 1812 4540 plures
2077 4506 2136 4574 D
2158 4466 2298 4539 Agro
2331 4466 2575 4521 membra
2604 4481 2703 4521 suo
2731 4468 2973 4538 ipsorum
3007 4485 3246 4539 posuere
3274 4470 3490 4539 ﬁdeles,

441 4562 608 4616 Clarae
631 4562 753 4630 jure
786 4561 938 4616 necis
969 4577 1139 4634 regna
1169 4559 1234 4613 ad
1264 4559 1512 4614 coelestia
1538 4559 1708 4629 misit,
2077 4554 2134 4574 ν
2159 4554 2304 4610 Μοιο
2335 4556 2488 4610 mille
2519 4557 2605 4610 via
2634 4557 2719 4611 bis
2749 4558 3005 4627 passibus
3045 4558 3184 4615 Urbe
3207 4561 3416 4627 Latina,

441 4654 653 4727 Organa
680 4653 800 4708 lazta
829 4652 995 4722 capit.
1028 4651 1225 4707 Metico
1253 4651 1556 4706 assultante
1588 4651 1773 4717 beato,
2159 4647 2514 4718 Martyriique
2545 4647 2665 4702 loco
2681 4663 2779 4718 per
2799 4655 3045 4720 tempora
3066 4659 3266 4705 cuncta
3289 4651 3495 4709 deinde

442 4744 515 4796 Ac
539 4741 690 4796 venit
713 4741 998 4796 utniteant
1029 4740 1193 4794 unius
1223 4739 1342 4795 luce
1371 4739 1480 4794 diei
2163 4741 2365 4798 Horum
2399 4741 2655 4817 largiﬂue
2682 4742 2857 4799 virtus
2885 4744 3152 4800 exuberat
3181 4745 3326 4815 ipso.

1915 4894 2126 4952 CAPUT
2161 4895 2293 4952 XIV.

1225 5003 1303 5062 De
1329 5002 1630 5078 doctrina,
1673 5005 1994 5066 miraculis
2023 5015 2080 5066 et
2109 5007 2392 5084 passione
2418 5009 2618 5069 sancti
2646 5006 2966 5070 Clementis

444 5142 656 5196 Interea
677 5142 931 5198 Clemens
960 5141 1148 5197 aeterni
1169 5141 1386 5196 semina
1412 5140 1564 5195 verbi
2162 5142 2473 5220 Relligione
2500 5159 2600 5215 per
2620 5145 2768 5201 hunc
2794 5144 3053 5202 informat
3086 5147 3253 5202 Roma
3285 5147 3621 5214 Corinthum,

443 5231 734 5289 lusistente
765 5250 960 5290 serens
990 5233 1119 5288 fidei
1149 5234 1362 5289 fervore
1391 5249 1667 5305 superne,
2158 5232 2413 5288 Decernit
2436 5232 2644 5288 scribas
2677 5233 2998 5308 regionibus
3025 5235 3219 5290 ordine
3238 5245 3396 5310 gesta

437 5317 646 5373 Evolvit
685 5321 890 5390 plures,
929 5321 1243 5376 veneranda
1274 5321 1575 5390 volumina,
1608 5322 1769 5390 libro,
2159 5325 2259 5389 Qui
2285 5324 2613 5379 bellatorum
2642 5331 2894 5398 satagant
2918 5341 3243 5397 expromere
3273 5326 3469 5383 Christi
3505 5347 3518 5393 ;

435 5405 733 5462 lnstituens
763 5408 942 5464 varias
971 5409 1162 5464 divino
1196 5410 1403 5464 lumine
1429 5419 1646 5486 gentes,
2155 5417 2380 5473 Ordinat
2410 5425 2464 5473 et
2485 5419 2710 5485 clerum,
2736 5419 2937 5475 diversi
2953 5420 3195 5476 culmine
3223 5421 3400 5477 fastus
3432 5442 3449 5488 ;

431 5496 508 5549 Ad
541 5494 664 5548 vitae
695 5495 888 5550 callem
928 5498 1158 5571 gentilia
1175 5499 1342 5552 corda
1373 5501 1573 5556 ciendo
1605 5517 1620 5566 ;
2153 5506 2448 5562 Pontifices
2476 5514 2530 5562 et
2558 5508 2804 5580 quinque
2835 5517 3014 5564 sacrat
3043 5509 3135 5581 qui
3170 5511 3420 5580 partibus
3449 5511 3594 5568 orbis

433 5587 606 5657 Inque
632 5584 739 5640 ﬂde
760 5596 1046 5642 constante
1075 5589 1196 5658 pios
1217 5598 1460 5657 perstare
1487 5591 1765 5647 monendo
1794 5610 1808 5658 ;
2151 5598 2440 5653 Mittuntur
2464 5598 2717 5654 conferre
2737 5600 2879 5654 datis
2906 5601 3285 5654 moderamina
3315 5603 3472 5674 legis.

433 5675 588 5731 Unde
611 5681 665 5728 et
685 5677 1018 5733 catholicum
1047 5677 1257 5732 monita
1279 5695 1546 5752 accepere
1577 5698 1842 5738 vocamen
2152 5687 2424 5759 Hicjubet
2455 5689 3012 5764 insignis,Dionysius
3042 5687 3209 5744 effera
3238 5689 3422 5746 Gallos
