3970 6200
481 319 577 374 631
1243 313 1608 369 FLODOARDI
1648 312 1954 368 CANONlCl
1993 311 2322 369 REMENSIS
2361 315 2695 374 OPUSCULA
2734 319 3045 377 METRICA.

479 447 557 500 Ad
581 443 702 499 loca
725 447 1015 512 pervectus
1045 439 1148 494 sibi
1181 438 1433 512 delegata
1472 439 1687 504 beatus,

480 535 718 592 Oﬂ‘endit
749 532 1032 606 profugos,
1066 531 1215 601 paria
1241 531 1398 585 almae
1425 530 1597 584 millia
1622 530 1822 601 plebis,

480 623 766 679 Mulctatos
785 620 921 674 inibi
955 618 1098 673 saxis
1128 620 1195 672 ad
1216 619 1367 687 jussa
1387 619 1673 685 secandis;

482 711 581 775 Qui
615 709 867 781 lacrymis
895 723 1112 773 omnes,
1152 707 1272 762 viso
1308 708 1607 775 Clemente,
1635 708 1849 778 repleti,

484 802 803 857 Pontificem
832 807 1042 855 tantum
1075 806 1182 854 tam
1211 799 1346 853 dura
1367 799 1588 855 subisse
1618 800 1934 875 gemebant,

484 897 628 961 Quos
658 912 897 951 mwrore
927 896 1137 961 levans,
1169 897 1378 950 socium
1411 912 1471 950 se
1504 896 1731 951 numine
1760 896 1988 951 missum

483 988 886 1060 Omnipotentis
913 988 994 1042 eis
1023 988 1341 1058 praeblando
1370 987 1575 1043 famine
1597 995 1809 1045 tractat.

485 1084 662 1141 Gloria
689 1088 1006 1137 consortem
1037 1097 1200 1153 quem
1226 1080 1407 1151 passio
1432 1080 1635 1153 jungit,
1663 1087 1720 1135 ut
1750 1086 1915 1151 aptet.

482 1181 571 1235 Sic
600 1178 816 1234 medico
846 1182 1084 1246 emptum
1125 1175 1373 1229 mulcens
1409 1190 1666 1230 sermone
1693 1175 1960 1243 dolorem,

487 1266 727 1321 Millibus
764 1264 930 1319 edicit
960 1262 1109 1317 senis
1138 1261 1404 1317 deferrier
1423 1263 1629 1318 undam

484 1363 803 1419 Sanctorum
837 1359 1101 1431 perlatam
1130 1358 1373 1412 humeris
1410 1358 1698 1413 arentibus
1718 1359 1901 1424 arvis;

484 1436 634 1508 Tunc
660 1451 938 1507 Clemens:
988 1470 1005 1498 ι
1052 1449 1345 1505 Dominum
1365 1450 1547 1505 cuncti
1576 1466 1868 1521 poscamus
1898 1452 2098 1517 Iesum,

488 1546 752 1599 Marmore
782 1542 852 1596 de
881 1541 1028 1596 sicco
1058 1540 1152 1611 qui
1183 1539 1410 1595 ﬂumina
1437 1540 1647 1611 proﬂua
1678 1541 1834 1596 duxit

488 1635 544 1688 In
586 1633 803 1687 deserta
833 1630 983 1693 Sina,
1018 1645 1165 1685 nunc
1188 1628 1599 1685 confessoribus
1626 1630 1788 1685 isrhic

486 1720 721 1777 Lmtiﬂco
751 1726 965 1791 promat
993 1717 1258 1773 salientes
1295 1717 1523 1772 ﬂumine
1556 1734 1753 1784 venas;
1801 1739 1822 1768 ι

2120 445 2163 506 Α
2196 439 2455 498 Sidereus
2484 444 2691 499 dudum
2710 444 2889 502 factus
2915 448 3012 519 qui
3033 448 3171 505 civis
3190 450 3248 505 in
3268 451 3455 508 undis.

2196 527 2504 586 Etheream
2530 533 2670 603 petit
2705 550 2737 588 a
2757 550 2974 592 summo
3002 552 3159 593 mens
3194 540 3412 615 gurgite
3432 542 3634 598 sedem
3666 564 3688 612 ,-

2198 620 2365 676 Undis
2395 622 2516 678 laeta
2544 625 2755 693 volans,
2788 642 2897 683 non
2917 627 3209 699 praefocata
3239 647 3341 703 per
3364 634 3571 702 undas,

2200 709 2477 781 Exsequize
2503 713 2703 769 desunt
2731 715 2972 772 humano
2998 716 3211 773 funeris
3231 727 3377 787 actu,

2198 797 2532 871 Obsequium
2564 804 2662 857 sed
2682 804 2840 859 adest
2860 805 3049 863 divino
3078 824 3306 865 munere
3327 810 3531 879 latum;

2198 887 2449 946 Ofﬁcium
2480 901 2739 964 praestent
2768 896 3023 953 homines
3047 899 3143 972 qui
3170 898 3379 956 funeris
3396 902 3647 972 absunt;

2200 979 2467 1037 Cazlicolae
2498 990 2693 1039 curent
2721 985 2816 1056 qui
2848 987 3040 1042 munia
3070 986 3281 1043 funeris
3305 989 3530 1046 adsunt.

2198 1074 2277 1128 Ad
2309 1092 2521 1147 paenam
2549 1093 2707 1144 nexa,
2740 1079 3072 1153 obsequium
3104 1082 3209 1139 fert
3232 1085 3477 1140 anchora
3503 1085 3742 1154 ductus,

2201 1168 2374 1240 Inque
2405 1170 2584 1225 aulam
2615 1172 2809 1227 structi
2842 1173 3070 1230 deducit
3099 1176 3367 1243 membra,
3394 1177 3671 1249 sepulcri,

2199 1260 2457 1335 Angelica
2496 1263 2731 1334 positam
2762 1263 2993 1334 fabrica,
3027 1266 3266 1339 divoque
3291 1277 3506 1339 paratu,

2200 1350 2440 1409 Sidereis
2467 1356 2643 1411 sancti
2674 1357 2931 1413 manibus
2953 1374 3064 1430 quo
3096 1358 3345 1414 membra
3370 1359 3642 1416 locantur.

2164 1422 2185 1438 “
2205 1439 2454 1497 Littoreis
2484 1445 2676 1515 pepuli
2708 1444 2903 1501 ﬂentes
2922 1422 3283 1518 speculantur
3319 1449 3501 1504 arenis

2205 1528 2454 1594 Qualibet
2482 1532 2770 1588 advectum
2794 1533 2959 1590 detur
2979 1536 3024 1589 si
3055 1551 3282 1593 cernere
3310 1536 3478 1594 funus
3504 1556 3521 1605 ;

2207 1623 2496 1693 Discipulis
2527 1626 2884 1681 naneiscendi
2912 1626 3117 1684 fiducia
3146 1631 3320 1685 sancti

2208 1711 2462 1783 Corporis
2483 1714 2535 1768 in
2566 1714 2826 1784 precibus
2854 1714 3011 1771 ﬁrma
3048 1718 3230 1774 radice
3254 1726 3495 1774 tenetur.

488 1809 755 1880 Dumque,
775 1806 917 1861 datis
938 1804 1219 1876 precibus,
1246 1804 1615 1875 circumspicit
1631 1806 1877 1878 undique
1901 1806 2098 1876 praesul
2131 1792 2180 1861 Β
2211 1800 2340 1857 Cum
2375 1803 2584 1859 Phoebo
2607 1805 2869 1876 populum
2894 1807 3141 1864 hortatur
3162 1809 3447 1865 Cornelius
3476 1825 3589 1865 una

485 1901 622 1955 Ecce
653 1898 747 1954 Dei
770 1904 1011 1953 montem
1040 1913 1212 1968 super
1237 1913 1441 1971 agnum
1474 1898 1729 1952 assistere
1756 1898 1960 1965 cernit,

487 1993 587 2059 Qui
618 1992 756 2063 pede
779 1997 1032 2064 porrecto
1062 1990 1309 2045 innuitur
1345 1991 1465 2046 loca
1494 1991 1740 2062 pandere
1770 1991 1994 2057 dextro;

2205 1892 2503 1948 Unanimes
2534 1895 2811 1951 Christum
2832 1905 3077 1964 exorent,
3111 1897 3369 1970 dignetur
3396 1897 3584 1953 utillis

2204 1985 2438 2041 Exuvias
2465 2002 2711 2042 reserare
2750 1988 2939 2059 polum
2971 1996 3140 2060 raptae
3169 2004 3393 2061 aequore
3423 1990 3664 2053 mentis;

489 2088 642 2142 llaud
673 2086 936 2141 dubitans
964 2084 1238 2140 Christum
1262 2094 1484 2141 sanctus
1506 2086 1638 2158 quin
1655 2093 1930 2154 cerneret,
1959 2102 2103 2142 unus
2201 2078 2452 2150 Dumque
2481 2088 2677 2134 V8081“
2699 2079 2930 2153 iugibus
2960 2080 3243 2153 Ρυιθεοιθδ
3260 2082 3443 2137 Sidera
3462 2081 3629 2148 νοίίεν

489 2180 689 2254 Pergit,
706 2185 794 2233 et:
832 2198 858 2231 ιι
892 2178 1007 2233 Huc
1028 2177 1245 2233 Domini
1266 2178 1371 2233 sub
1385 2179 1610 2234 nomine
1631 2178 1827 2235 vertite
1855 2185 2046 2244 rastra,
2079 2200 2099 2229 ι

490 2270 651 2333 Dicit;
694 2278 748 2324 at
778 2268 831 2323 hi
860 2269 1004 2324 circa
1044 2267 1332 2336 effodiunt,
1366 2284 1546 2341 neque
1576 2276 1804 2345 tangere
1832 2278 2037 2326 norunt

388 2397 408 2420 .
486 2357 735 2415 Pontifici
765 2368 1042 2413 ostensam
1064 2374 1267 2429 supero
1297 2359 1678 2415 moderamine
1705 2360 1947 2434 glebam.

486 2452 628 2522 Papa
658 2450 788 2517 levi,
816 2450 1022 2506 ferrum
1063 2451 1307 2523 rapiens,
1353 2451 1471 2507 loca
1503 2453 1738 2523 percutit
1767 2452 1905 2519 ictu,

485 2540 788 2612 Educitque
815 2554 1016 2596 novum
1048 2540 1259 2595 caelesti
1290 2556 1522 2596 munere
1552 2540 1782 2609 fontem,

484 2631 695 2686 Robore
726 2630 819 2701 qui
860 2637 1080 2701 sumpto
1110 2629 1339 2684 ﬂuvium
1378 2630 1550 2686 vomit
1589 2630 1795 2702 impete
1826 2630 2031 2686 laetum.

483 2724 763 2778 Exsultant
785 2722 998 2793 pepuli,
1034 2721 1287 2777 Clemens
1311 2723 1418 2778 hoc
1445 2724 1693 2779 carmine
1723 2724 1960 2798 gaudet:

489 2836 512 2863 α
557 2816 797 2887 Impetus
826 2814 1094 2869 exhilarat
1132 2814 1372 2870 divinam
1402 2814 1646 2871 ﬂuminis
1671 2818 1887 2872 urbem.
1933 2840 1958 2864 ιο

483 2906 652 2960 Fonte
684 2919 826 2959 novo
857 2902 1027 2958 celeri
1057 2909 1229 2958 terras
1257 2911 1513 2960 verrente
1544 2912 1746 2967 meatu,

482 2994 749 3049 Fluminis
784 2992 1047 3049 exsiliens
1078 2993 1224 3048 haud
1264 2995 1493 3068 segnius
1522 2996 1743 3073 agmine
1774 2986 1917 3052 fama

478 3088 650 3161 Agros
676 3086 985 3157 pervolitat,
1019 3088 1251 3159 patriam
1282 3088 1575 3145 virtutibus
1607 3089 1835 3161 implet;

476 3175 797 3231 Accelerant
818 3177 1007 3248 populi
1030 3178 1303 3251 magnalia
1324 3178 1505 3234 visere
1536 3179 1751 3247 Christi,

480 3266 681 3321 Haustu
710 3273 967 3337 potantur
993 3266 1280 3335 biﬂuente,
1324 3283 1578 3341 novoque
1612 3277 1889 3325 novantur

479 3361 748 3429 Flumine,
768 3362 1199 3437 quingentmque
1230 3363 1322 3418 die
1349 3379 1519 3435 super
1548 3364 1786 3434 amplius
1815 3381 1924 3421 una

479 3450 709 3506 Salvatae
738 3452 1203 3507 remeantanimae
1232 3462 1642 3526 properentque
1673 3454 1956 3523 dicendae;

476 3546 834 3621 Septuaginta
861 3547 1036 3619 magis
1064 3554 1176 3603 toto
1210 3548 1549 3603 fabricantur
1572 3549 1628 3603 in
1659 3565 1804 3606 anno

481 3633 759 3696 Ecclesiae,
806 3642 928 3706 post
953 3634 1081 3690 fana
1108 3636 1228 3691 deis
1248 3652 1439 3691 eversa
1464 3637 1679 3692 solutis.

475 3721 607 3777 Tres
632 3722 721 3778 hic
741 3722 917 3778 imbre
951 3724 1043 3795 pio
1076 3724 1405 3795 populorum
1437 3724 1605 3780 corda
1631 3725 1862 3798 rigando

476 3809 711 3865 Duxerat
732 3818 975 3878 aestates,
1008 3811 1149 3866 lucis
1171 3811 1302 3866 dum
1334 3811 1541 3867 lividus
1572 3813 1764 3883 hostis,

476 3903 602 3959 Atra
625 3920 839 3960 venena
861 3920 1127 3977 coquens,
1160 3912 1375 3959 mentes
1401 3904 1628 3980 instigat
1653 3907 1869 3979 inanes,

481 3995 726 4051 Luminis
754 3996 979 4050 aetherei
1016 4003 1262 4069 quaestus
1290 3994 1502 4071 agitare
1530 3997 1814 4068 profanos,

475 4084 815 4158 Augustique
842 4100 1010 4155 super
1037 4083 1318 4139 Clemente
1349 4100 1653 4156 exposcere
1676 4087 1846 4162 leges.

474 4179 795 4233 Innumeras
821 4192 1083 4248 superum
1116 4177 1305 4248 plebes
1334 4182 1483 4252 quod
1512 4172 1763 4258 abegerit
1784 4181 1910 4238 aris.

472 4271 699 4326 Mittitur
730 4270 838 4325 huc
857 4286 888 4326 a
907 4271 1136 4342 Trajano
1161 4277 1279 4327 trux
1306 4272 1627 4330 Aufidianus

473 4363 822 4420 Christicolas
852 4364 1070 4435 punire,
1105 4363 1272 4420 deum
1292 4366 1379 4423 vel
1397 4366 1637 4423 subdere
1660 4369 1831 4424 sacris

474 4457 573 4524 Qui
613 4456 774 4527 lupus
813 4463 872 4511 ut
902 4456 1148 4525 rabidus,
1182 4458 1478 4532 caulasque
1525 4460 1829 4533 irrumpere
1862 4479 2089 4534 pronus,

477 4553 579 4610 Aut
607 4552 831 4607 turbare
856 4568 1054 4628 greges
1078 4552 1185 4608 late
1214 4568 1313 4623 per
1343 4571 1542 4625 pascua
1562 4555 1736 4623 fusos,

478 4644 783 4715 Praecipitat
819 4643 1032 4711 saevire,
1065 4659 1237 4700 novos
1269 4644 1475 4700 laniare
1508 4647 1786 4713 bidentes,

478 4734 588 4790 Nec
618 4749 792 4796 mora,
826 4732 1102 4788 ferventes
1127 4732 1419 4806 jugulique
1452 4736 1519 4788 ad
1552 4735 1744 4791 feuora
1774 4737 1955 4811 largos

478 4826 685 4896 Accipit
717 4826 817 4881 hos
846 4825 1107 4898 nudaque
1128 4841 1317 4880 ensem
1350 4825 1563 4881 cervice
1592 4826 1881 4898 petentes;

478 4918 809 4973 Cunctorum
841 4915 1052 4971 invidet
1076 4916 1168 4971 ille
1189 4915 1334 4981 neci,
1364 4924 1528 4989 negat
1557 4923 1725 4991 atque
1756 4918 1955 4986 ferire;

480 5010 929 5081 Clementemque
956 5008 1129 5063 modo.
1148 5007 1335 5063 divina
1366 5009 1420 5063 in
1451 5009 1643 5081 praelia
1671 5011 1889 5083 poscit;

485 5104 638 5158 Hunc
665 5101 815 5158 vafro
844 5102 1008 5157 variis
1038 5108 1255 5157 tentans
1281 5103 1572 5160 conamine
1606 5105 1748 5173 telis,

483 5194 808 5270 Egregiique
840 5194 1079 5266 probans
1108 5201 1169 5250 ut
1196 5194 1554 5250 ineluctabile
1581 5195 1770 5251 robur.

480 5285 657 5343 Sentit
685 5287 950 5362 agonistaa
980 5303 1144 5359 quem
1169 5287 1390 5342 vincere
1421 5295 1598 5342 terrea
1623 5288 1834 5356 cernit;

480 5378 767 5450 XEquorcis
798 5378 944 5455 adigi
976 5395 1099 5434 cum
1131 5378 1377 5451 pondere
1409 5379 1659 5451 praecipit
1686 5380 1882 5447 undis;

482 5471 684 5543 [lisque
709 5471 870 5526 salire
899 5478 1119 5542 putans,
1153 5471 1402 5541 superari
1431 5471 1629 5527 cazrula
1659 5488 1845 5544 posse,

481 5563 776 5637 Mergentis
805 5566 1028 5621 mandat
1058 5572 1312 5621 nectatur
1350 5571 1409 5619 ut
1434 5566 1672 5621 anchora
1700 5565 1985 5635 membris,

482 5648 673 5706 Fertur
701 5661 756 5708 at
775 5652 865 5710 illc
894 5653 1005 5725 poli
1039 5668 1207 5725 regna
1238 5652 1534 5708 intraturus
1563 5653 1631 5708 ab
1656 5655 1837 5722 undis,

550 5775 797 5842 (173-74)
837 5778 964 5832 Cod.
1000 5782 1182 5834 enecti.

2207 2170 2441 2241 Spiritus
2471 2187 2501 2226 e
2532 2172 2696 2239 coelo,
2738 2173 2906 2228 Rubri
2940 2174 3034 2246 qui
3064 2189 3337 2230 marmora
3363 2174 3514 2244 ponti

2208 2258 2345 2314 Olim
2379 2275 2532 2314 arere
2554 2260 2727 2328 dedit,
2760 2268 2906 2317 retro
2936 2276 3088 2316 mare
3119 2262 3322 2317 cedere
3351 2263 3521 2337 cogit,

2207 2349 2281 2404 Ac
2310 2348 2535 2422 longum
2562 2349 2748 2405 laxare
2773 2350 2978 2418 sinum,
3007 2366 3106 2422 per
3132 2350 3307 2405 millia
3338 2351 3589 2422 pandens

2209 2448 2519 2519 lngressum
2542 2445 2763 2517 populis
2789 2446 2996 2502 siccum
3022 2446 3147 2515 tria,
3174 2463 3404 2503 cernere
3431 2446 3689 2518 praebens

2206 2540 2467 2615 Angelica
2491 2555 2633 2595 caeso
2661 2539 2868 2595 fabrica
2905 2540 3031 2595 data
3056 2556 3330 2597 marmore
3359 2540 3588 2611 templa,

2210 2633 2417 2689 Coelitis
2440 2647 2606 2704 mque
2633 2632 2758 2687 aula
2783 2631 2921 2686 fabri
2955 2631 3334 2688 moderamine
3377 2632 3563 2697 ducta,

2206 2725 2519 2781 Ethereum
2541 2731 2876 2781 monstratur
2904 2739 3046 2794 opus
3074 2724 3386 2795 mirumque
3410 2723 3750 2794 sepulcrum,

2205 2818 2454 2889 Martyris
2480 2834 2605 2873 arca
2635 2825 2832 2891 tegens
2852 2816 3169 2872 venerabile
3198 2831 3364 2871 saxea
3386 2815 3612 2890 pignus,

2204 2911 2557 2983 Martyriique
2578 2925 2741 2965 secus
2765 2907 3000 2964 celebris
3024 2914 3213 2963 manet
3233 2907 3479 2963 anchora
3506 2906 3683 2971 testis,

2203 2999 2497 3071 Discipulis
2519 2997 2695 3055 avidis
2710 3004 2962 3053 sanctum
2990 2996 3288 3052 transferre
3308 2996 3546 3053 cadaver

2203 3093 2400 3149 Oroma
2430 3092 2658 3147 secretis
2688 3090 2887 3145 divinae
2908 3088 3172 3161 panditur
3197 3088 3356 3152 aulae,

2126 3160 2174 3228 C
2204 3183 2279 3237 Ne
2311 3196 2544 3238 vacuare
2572 3180 2742 3237 velint
2766 3160 2936 3235 sacris
2973 3180 3101 3235 data
3132 3179 3334 3235 muenia
3358 3178 3648 3242 membris.

2203 3276 2473 3349 Festaque
2505 3276 2635 3330 dum
2667 3275 2921 3341 redeunt,
2954 3274 3193 3329 redeunt
3222 3273 3389 3328 maris
3418 3274 3531 3329 ima
3561 3279 3819 3338 terentes,

2202 3368 2431 3439 Altaque
2465 3365 2746 3440 signantes
2775 3363 2925 3418 sicco
2949 3363 3255 3435 penetralia
3273 3378 3487 3435 gressu,

2203 3468 2351 3522 Dicta
2382 3472 2591 3537 patent,
2616 3462 2861 3518 subdunt
2892 3463 3196 3533 positorum
3226 3461 3481 3517 examina
3509 3459 3718 3515 circum

2202 3557 2273 3611 Se
2306 3554 2633 3627 populorum
2673 3552 2769 3607 uni
2796 3566 3013 3606 summo
3040 3566 3285 3622 veroque
3305 3549 3562 3615 Tonanti,

2201 3646 2418 3703 Praebet
2438 3645 2544 3700 iter
2572 3643 2823 3699 solemne
2852 3641 3020 3695 maris
3057 3639 3372 3701 Clementis,
3406 3645 3463 3694 et
3493 3637 3589 3694 illo

2206 3738 2410 3794 lusueti
2434 3735 2712 3808 pandente
2741 3734 2856 3789 salo
2886 3731 2992 3787 tria
3021 3731 3195 3786 millia
3214 3730 3392 3799 callis,

2201 3827 2479 3883 rErumnis
2508 3823 2647 3881 vecti
2668 3822 2835 3879 variis
2868 3826 3127 3876 curantur
3156 3820 3361 3875 anheli.

2204 3915 2441 3989 Contigit
2464 3916 2574 3971 huc
2599 3912 2876 3987 quondam
2910 3926 3077 3982 parva
3104 3926 3229 3966 enm
3257 3910 3409 3982 prole
3437 3908 3684 3982 profecta

2201 4008 2369 4063 Mater
2404 4014 2465 4060 ut
2506 4002 2825 4079 ingrediens
2856 4000 3101 4068 tandem,
3140 3998 3487 4055 solemnibus
3514 3998 3672 4065 actis,

2202 4095 2337 4149 Sese
2369 4094 2676 4165 impertiret
2696 4093 2931 4165 dapibus
2954 4092 3317 4163 sobolemque
3344 4090 3555 4162 sopori.

2201 4184 2436 4242 lnterea'
2453 4186 2639 4242 sonitu
2658 4183 2961 4256 repetentis
2991 4182 3175 4238 littora
3199 4183 3354 4253 ponti

2196 4281 2491 4340 Concussis
2512 4279 2719 4335 mulier
2735 4278 2903 4334 sociis
2932 4278 3150 4332 turbata
3174 4276 3405 4342 recedit,

2200 4374 2631 4446 Praecipitesque
2661 4386 2921 4443 sequens,
2949 4368 3196 4425 animum
3229 4374 3312 4423 est
3337 4367 3505 4423 oblita
3539 4365 3803 4438 parentis;

2196 4471 2491 4525 Immemor
2511 4463 2699 4521 amissi
2725 4463 2828 4518 sub
2859 4469 3010 4517 vasta
3037 4460 3240 4516 cubilia
3270 4461 3404 4527 nati,

2120 4536 2176 4605 D
2198 4560 2468 4631 Anticipat
2492 4556 2682 4628 rapido
2704 4553 3003 4609 metuenda
3027 4551 3313 4608 volumina
3330 4566 3526 4616 cursu;

2197 4656 2325 4722 Quae
2344 4663 2607 4717 mentem,
2638 4656 2753 4705 tuta
2779 4648 3003 4703 demum
3033 4646 3293 4712 statione,
3327 4661 3633 4711 resumens,

2197 4746 2448 4823 Pignoris
2476 4741 2711 4815 expositi
2732 4739 2947 4815 gremio
2974 4737 3356 4794 reminiscitur
3378 4738 3494 4804 alti,

2197 4839 2370 4908 Atque
2399 4834 2577 4889 edens
2606 4830 2864 4906 gemitus,
2899 4835 3115 4899 portum
3143 4828 3412 4903 plangore
3440 4826 3697 4898 replebat,

2200 4927 2541 4997 Luctumque
2579 4920 2950 4997 ingeminans,
2992 4935 3236 4973 summas
3274 4926 3558 4991 percursat
3592 4932 3790 4975 arenas.

2201 5016 2379 5073 Everti
2402 5016 2448 5070 si
2478 5014 2602 5087 quis
2634 5012 2872 5082 (173-76)
2889 5010 3065 5086 geniti
3090 5010 3295 5065 vidisse
3323 5011 3558 5066 cadaver

2199 5110 2509 5180 Depromat,
2543 5104 2829 5176 nulloque,
2861 5118 3056 5158 omnes
3084 5100 3278 5156 scitata
3305 5100 3529 5162 viritim,

2200 5200 2409 5257 Indicio
2440 5203 2682 5269 sumpto,
2716 5202 3052 5264 maestasque
3088 5193 3313 5249 reducta
3343 5193 3447 5248 sub
3467 5192 3629 5257 aedes,

2203 5290 2491 5348 Continuis
2519 5288 2746 5360 longum
2777 5282 3033 5355 producit
3059 5280 3281 5336 fletibus
3301 5297 3527 5337 annum.

2202 5382 2444 5440 Phoebeo
2471 5380 2527 5434 in
2555 5383 2733 5434 semet
2756 5375 2921 5431 solito
2953 5373 3219 5428 redeunte
3250 5378 3457 5439 meatu,

2198 5477 2519 5545 Exspectata
2539 5469 2634 5524 diu
2667 5473 2913 5522 remeant
2942 5464 3073 5520 dum
3092 5463 3229 5519 festa
3260 5464 3495 5531 colonis,

2197 5571 2292 5626 llla
2322 5567 2485 5632 redit,
2527 5562 2844 5636 primosque
2875 5561 3019 5616 inter
3056 5575 3182 5615 mox
3211 5558 3390 5631 prima
3415 5558 3654 5624 recurrit,

2196 5662 2251 5717 Si
2276 5656 2520 5731 reperire
2542 5662 2708 5727 queat
2736 5653 2930 5709 saltem
2972 5651 3119 5708 eluta
3148 5650 3400 5725 pignoris
3420 5666 3568 5708 ossa:
