3970 6200
225 338 337 391 633
851 336 934 388 DE
974 335 1230 390 CHRISTI
1271 337 1630 394 TRIUMPHIS
1668 342 1840 397 APUD
1885 343 2146 397 ITALIAM
2187 342 2363 397 LIBRI
2403 341 2534 396 XIV.
2576 371 2644 380 —
2685 341 2812 395 LIB.
2855 342 2946 394 III.
3450 337 3556 394 634

233 468 462 537 [liquore
482 483 606 521 nam
639 471 920 538 retegente
945 465 1086 520 viam
1116 466 1292 536 prima
1321 468 1536 539 impetit
1573 471 1746 545 algas,
1866 483 1920 548 Α
1945 474 2382 545 Defunctumque
2416 481 2635 544 putans,
2666 478 2928 544 properat
2953 471 3161 525 lectura
3181 470 3452 525 cadaver:

230 555 568 621 Przecelerat,
598 555 922 625 cunctisque
954 555 1106 625 prior
1123 557 1373 626 pervadit
1404 575 1600 614 arenas
1629 577 1643 625 ;

1985 582 2207 621 omnum
2230 566 2417 620 efﬂare
2457 565 2715 636 probans,
2749 563 2949 619 celeris
2973 563 3135 633 rapit,
3161 562 3361 616 excitat
3387 561 3553 625 ulnis,

233 647 546 718 Insequitur
569 647 786 711 Iluctus,
820 645 1162 716 fugientibus
1194 648 1448 704 imminet
1469 651 1635 706 undis
1665 669 1678 705 :
1948 656 2264 710 Incolumen
2288 657 2453 720 levat,
2487 664 2541 709 et
2571 655 2775 724 populo
2805 647 3087 723 spectante
3126 659 3388 721 reportat.

231 741 409 794 Prima
429 741 564 810 petit
593 740 878 810 templum,
908 740 1236 813 ingreditur,
1254 744 1616 812 prosternitur
1636 761 1768 811 arae,
1946 745 2113 801 Matre
2143 753 2366 819 rogante
2397 745 2620 800 ubinam
2653 743 2814 798 fuerit
2840 749 2918 797 tot
2947 741 3207 796 ductibus
3232 740 3383 804 anni,

233 835 508 904 Explicitis
537 835 712 907 surgit
734 836 1016 904 precibus,
1057 837 1368 904 divertitur,
1398 838 1529 912 aegri
1950 838 1999 890 Is
2025 836 2237 890 nescire
2262 834 2426 889 refert
2454 833 2602 887 ducti
2619 839 2735 887 rota
2766 831 2986 886 ﬂuxerit
3015 831 3184 896 orbis,

231 923 406 977 Imbre
434 925 605 998 rigata
628 942 800 998 genas
823 927 1025 993 cordis,
1062 927 1280 981 madida
1311 944 1408 983 ora
1437 928 1751 994 reﬂectens,
1949 929 2063 982 Una
2092 928 2338 982 hausisse
2367 934 2548 980 tamen
2585 925 2847 978 blandum
2869 940 2970 978 ceu
3012 929 3171 977 nocte
3193 936 3448 990 soporem

228 1015 436 1085 Aspicit
463 1033 531 1070 en
561 1018 805 1091 genitum
838 1018 997 1072 cunis
1028 1036 1134 1089 qua
1162 1027 1320 1089 pacte
1349 1020 1592 1086 relictus,
1948 1022 2204 1092 Exponit,
2235 1022 2572 1092 stupidoque
2603 1023 2784 1073 terens
2813 1017 3127 1087 spectacula
3157 1016 3341 1088 vulgo,

231 1107 480 1162 Nondum
522 1108 767 1164 continui
801 1109 1015 1180 rupisse
1041 1109 1264 1164 silentia
1295 1109 1474 1164 somni
1509 1128 1524 1173 ;
1950 1111 2281 1166 Cunctorum
2311 1110 2498 1165 matris
2531 1109 2776 1179 duplicat
2802 1107 2890 1178 pia
2915 1106 3116 1178 gaudia
3145 1105 3302 1158 votis.

1484 1337 1801 1392 CAPITULA
1851 1338 2026 1393 LIBRI
2069 1339 2311 1394 TERTII.

448 1450 575 1504 CAP.
609 1452 644 1502 l.
682 1481 746 1488 —-
773 1454 847 1504 De
864 1454 1066 1506 sanctis
1104 1453 1364 1508 Anacleto
1391 1460 1440 1508 et
1488 1457 1765 1510 Evaristo.

614 1522 656 1596 11
667 1565 684 1596 ,Α
721 1553 766 1559 --
794 1525 872 1596 De,
892 1527 1074 1596 sancto
1105 1525 1425 1580 Alexandro
1448 1542 1598 1595 papa
1625 1532 1674 1582 et
1702 1529 1861 1582 sociis
1890 1528 2026 1596 ejus.

621 1593 706 1668 II
750 1623 818 1630 —
850 1595 918 1646 De
946 1595 1203 1647 relatione
1229 1597 1417 1662 Plinii,
1448 1593 1498 1651 et
1522 1593 1722 1652 ultio-ne
1759 1593 1930 1654 tertiae
1951 1601 2356 1668 persecutionis.

621 1664 701 1736 IV.
738 1694 805 1704 —
826 1668 898 1718 De
923 1670 1107 1719 sancto
1138 1669 1292 1720 Sixto
1329 1683 1492 1736 papa.

619 1735 745 1786 V.—
778 1739 851 1789 De
880 1739 1081 1790 sanctis
1114 1735 1343 1804 Getulio,
1377 1735 1636 1794 Amantio
1664 1746 1714 1794 et
1743 1743 1903 1796 sociis
1940 1758 2140 1796 eorum.

618 1806 698 1877 VI.
732 1837 790 1846 —-
819 1810 894 1860 De
922 1810 1125 1861 sanctis
1141 1809 1413 1877 Seraphia
1441 1816 1489 1865 et
1520 1813 1729 1866 Sabina

618 1876 726 1929 VII.
756 1908 824 1916 —
843 1881 916 1931 De
931 1883 1112 1932 sancto
1137 1876 1446 1934 Eustachio.

620 1947 753 2011 VIII,
778 1979 847 1987 —
876 1951 949 2002 De
986 1955 1187 2003 sanctis
1217 1952 1522 2006 Eleutherio
1552 1958 1600 2007 et
1631 1955 1827 2008 Ancia.

615 2019 693 2093 l.\’.
726 2049 788 2058 -—
819 2023 892 2074 De
920 2021 1172 2093 apologia
1197 2023 1468 2088 Quadrati
1492 2030 1541 2077 et
1573 2026 1860 2090 Aristidis,
1901 2028 1949 2078 et
1990 2026 2302 2079 remissione
2329 2028 2734 2093 persecutionis,

706 2121 768 2128 —
793 2093 866 2143 De
908 2092 1221 2160 Telesphoro
1247 2109 1398 2162 papa
1427 2099 1476 2148 et
1502 2097 1740 2164 Hygino.

612 2160 673 2214 XI
725 2192 790 2199 —
822 2165 896 2215 De
934 2164 1141 2218 Novato
1157 2167 1206 2216 et
1233 2160 1486 2219 Pullente.

609 2231 714 2284 .\'Il.
755 2264 811 2270 —
840 2235 914 2286 De
933 2236 1135 2287 sanctis
1178 2236 1422 2289 Pramede
1450 2241 1499 2290 et
1531 2238 1873 2292 Potentiana.

609 2303 738 2377 _I_|_I.
766 2333 836 2341 —
863 2307 934 2358 De
970 2310 1156 2358 sancto
1179 2306 1498 2362 Alexandro
1528 2311 1774 2377 episcopo
1794 2313 1844 2363 et
1880 2312 2140 2377 martyre.

600 2373 730 2448 )_(_|_V.
751 2378 908 2429 ——De
932 2380 1122 2430 sancta
1151 2378 1427 2432 Felicitate
1457 2395 1518 2434 ac
1546 2373 1678 2448 filiis
1699 2373 1839 2448 ejus.

614 2445 714 2497 XV.
750 2476 816 2483 ——
847 2449 921 2500 De
949 2451 1133 2500 sancto
1158 2448 1469 2503 Concordio.

607 2515 712 2567 XVI
767 2547 833 2554 ——
872 2519 947 2571 De
976 2523 1159 2571 sancto
1189 2521 1515 2575 Potentiano.

808 2618 876 2626 —
907 2591 980 2642 De
1016 2589 1218 2643 ultione
1243 2597 1456 2659 quarta:
1482 2595 1895 2661 persecutionis.

614 2657 785 2712 XVIII.
822 2690 886 2698 —
915 2661 988 2713 De
1003 2661 1194 2729 plu-uia
1222 2657 1272 2715 et
1287 2657 1522 2717 victoria
1546 2666 1812 2719 militibus
1823 2680 1924 2734 per
1952 2666 2339 2719 invocationem
2363 2665 2573 2720 Christi
2603 2677 2854 2718 concessa

1057 2835 1545 2922 INCIPIT
1633 2836 2022 2921 LIBER
2115 2777 2742 2922 TERTIUS.

1637 3013 1841 3068 CAPUT
1890 3013 2171 3069 PRIMUM.

1485 3116 1562 3174 De
1604 3116 1886 3176 Anacleto
1925 3125 1977 3176 et
2020 3118 2321 3178 Evaristo.

227 3251 483 3308 Ecclesiae
509 3252 760 3306 Clemens
787 3226 1046 3309 Anacleto
1072 3255 1322 3327 regmina
1352 3255 1534 3310 Romae
1874 3260 1926 3328 Β
1951 3255 2080 3310 Ortu
2111 3255 2256 3312 clara
2287 3256 2382 3309 Dei
2411 3256 2660 3325 praebent
2697 3272 2862 3327 quem
2893 3254 3097 3310 mamia
3119 3253 3324 3318 Romae,

223 3347 504 3418 Liquerat,
537 3363 567 3401 a
599 3347 757 3402 Petro
789 3348 884 3420 qui
914 3357 1270 3405 consecratus
1291 3351 1504 3406 honore
1647 3351 1840 3420 [crum,
1941 3344 2296 3416 Prwsbyteris
2320 3343 2509 3398 titulos
2540 3360 2734 3417 magna
2769 3344 2956 3398 divisit
2980 3343 3034 3396 in
3068 3342 3225 3408 urbe,

220 3439 537 3510 Presbyter,
565 3446 724 3495 ornat
781 3441 1144 3512 apostolicum
1195 3441 1415 3497 fabricae
1482 3449 1598 3496 arte
1645 3441 1840 3512 sepul-
1942 3431 2267 3492 Pontificem
2289 3431 2480 3486 statuit
2508 3439 2722 3501 septem
2763 3448 3045 3486 asservare
3076 3429 3381 3496 ministros,

221 3527 550 3583 Pontiﬁcum
574 3528 838 3583 membris
868 3530 1009 3586 dans
1047 3532 1347 3586 mausolzea
1378 3531 1628 3586 locandis
1652 3549 1665 3596 ;
1945 3531 2083 3584 Dum
2108 3523 2357 3581 rationali
2386 3522 2541 3576 verbi
2567 3522 2662 3575 dat
2690 3522 2904 3577 semina
2931 3531 3090 3576 terra:
3119 3539 3133 3587 ;

223 3620 432 3692 Hicque
454 3637 613 3676 secus
645 3638 902 3694 magnum
933 3623 1161 3678 sortitur
1184 3623 1345 3679 busta
1376 3623 1719 3696 magistrum.
1948 3618 2321 3690 Martyrioque
2354 3620 2648 3670 coronatus
2682 3614 2820 3684 petit
2850 3621 2993 3668 astra
3013 3615 3225 3679 beatus,

220 3713 393 3778 Quem
426 3721 550 3785 post
579 3713 833 3770 Ecclesiae
865 3716 1185 3770 cathedram
1219 3715 1495 3772 Evaristus
1520 3715 1774 3786 adeptus,
1952 3711 2116 3780 Cujus
2144 3705 2460 3780 apostolica:
2490 3704 2781 3772 sociantur,
2796 3704 3028 3778 pignora
3055 3707 3279 3762 tumbae.

1739 3841 1948 3897 CAPUT
1998 3839 2065 3893 II.

1217 3947 1295 4005 De
1320 3953 1524 4006 sancto
1559 3945 1789 4005 Alexan
1813 3944 1902 4003 lro
1927 3957 2088 4021 papa
2116 3947 2168 3999 et
2196 3939 2374 3998 sociis
2401 3937 2552 4013 ejus.

218 4083 382 4139 Sedis
411 4083 720 4140 Alexander
747 4092 870 4156 post
897 4087 1000 4141 hos
1029 4085 1409 4141 moderamina
1438 4085 1631 4156 primae
1949 4081 2223 4152 Praecipiti
2265 4095 2550 4151 properus,
2595 4078 2936 4147 Romamque
2968 4084 3197 4146 repente
3239 4076 3522 4147 perintrat.

222 4175 340 4230 [Evi
372 4176 719 4244 immaturus,
753 4186 1000 4232 maturus
1030 4186 1238 4243 mente,
1263 4177 1520 4249 capessit.
1943 4171 2170 4246 Augusti
2194 4169 2344 4226 velut
2373 4171 2649 4242 Augustus
2677 4183 2864 4223 comes
2904 4168 3044 4222 Urbe
3062 4175 3317 4238 receptus
3349 4186 3363 4231 ;

224 4268 328 4322 Pro
350 4267 523 4322 servis
553 4269 936 4324 Dominisacra
966 4269 1060 4341 qui
1093 4269 1353 4340 mysterio
1382 4269 1526 4340 passi
1941 4258 2268 4316 Pontiﬁcum
2301 4259 2500 4356 insano
2529 4259 2737 4356 petitur
2771 4258 3038 4356 plangore
3057 4258 3357 4356 furentum,

222 4360 398 4416 Corde
416 4361 605 4416 colens
619 4360 813 4415 humili
840 4360 1001 4430 jubet
1019 4361 1136 4416 haec
1164 4360 1510 4415 solemnibus
1535 4360 1672 4427 indi,
1938 4348 2414 4446 Milliaﬁomuleaa
2441 4363 2482 4446 Aa.
2499 4347 2669 4446 sacris
2707 4347 2952 4446 descisse
2978 4347 3266 4446 phalangis
3297 4365 3320 4446 _;

220 4453 374 4507 Haud
408 4453 582 4524 impar
608 4453 794 4519 Elisei,
823 4453 1008 4527 Spargi
1048 4452 1162 4508 sale
1184 4453 1436 4524 praecipit
1465 4453 1664 4520 undas,
1860 4472 1908 4538 Ο
1939 4439 2070 4538 (illis
2095 4439 2317 4538 Herniea
2342 4444 2396 4492 et
2427 4436 2732 4538 Alexander
2753 4435 2905 4538 _foret
2934 4437 3162 4538 ausibus
3188 4444 3376 4491 εωθιοΓ
3404 4453 3418 4501 ;

217 4542 385 4606 Queis
413 4550 780 4614 aspergantur
808 4541 1118 4596 benedictis
1137 4549 1279 4597 tecta
1311 4541 1547 4611 piorum.

1536 4583 1547 4596 ,
1867 4528 1908 4538 ν
1937 4531 2162 4587 Attritos
2193 4530 2405 4585 sedisse
2428 4528 2586 4595 deos,
2618 4529 2852 4584 delubra
2894 4529 3098 4584 relicta.

215 4632 460 4687 Contulit
489 4631 685 4688 aﬂ‘ectu
709 4633 898 4703 populi
918 4633 1005 4687 cui
1037 4631 1212 4707 gratia
1244 4630 1442 4687 Christi
1937 4621 2252 4678 Devincitur
2289 4620 2618 4687 Alexander,
2651 4619 3000 4716 contruditur
3025 4620 3271 4716 Hermes,

215 4729 395 4797 Atque
422 4731 737 4780 senatorum
770 4724 1024 4780 Ecclesia;
1044 4705 1242 4780 hexare
1275 4731 1548 4780 catervam
1688 4748 1699 4756 -
1937 4714 2105 4780 Quem
2145 4719 2330 4768 CUStOS
2358 4726 2660 4782 suasorque
2689 4710 2949 4775 QUII'IIIIIS
2974 4711 3184 4765 honore
3204 4705 3458 4762 tribunus

217 4820 453 4874 Hermen
482 4816 799 4888 prmfectum
829 4817 896 4871 ad
930 4817 1133 4889 Regem
1155 4823 1478 4873 convertere
1509 4831 1735 4879 verum;
1938 4807 2204 4865 Convenit
2231 4825 2246 4874 ;
2281 4807 2480 4878 utquid
2511 4823 2567 4861 se
2601 4813 2752 4861 tanto
2785 4806 3028 4877 patiatur
3061 4806 3271 4860 honore

214 4911 388 4966 Fonte
418 4916 596 4964 sacrat
620 4908 1050 4973 simuluxorem,
1080 4909 1434 4983 genitosque,
1458 4923 1726 4974 sororem,
1937 4901 2166 4971 Privari,
2200 4907 2308 4955 tam
2341 4899 2519 4955 vincla
2545 4899 2657 4970 pati
2682 4898 2970 4998 tolerabile
3001 4900 3163 4998 ducat
3183 4898 3210 4951 ‘I
3305 4905 3310 4910 '

211 5001 362 5055 Mille
385 5001 588 5074 jugans
617 4998 871 5067 famulos,
903 5008 957 5054 et
988 4999 1390 5071 quinquaginta
1418 4999 1707 5066 ducentes,
1937 4993 1987 5046 Is
2016 4998 2259 5046 mutasse
2289 4990 2479 5089 decus,
2507 5005 2615 5044 non
2643 5005 2704 5044 se
2730 4988 2981 5089 amisisse
3011 4987 3234 5054 fatetur,

215 5091 557 5166 Conjugibus
586 5089 878 5166 gnatisque
917 5107 1025 5145 una
1051 5091 1382 5161 baptismate
1410 5091 1538 5146 lotis
1570 5109 1584 5157 ;
1933 5083 2232 5180 Terrenum
2262 5081 2614 5180 tolli-culmen
2639 5080 2901 5180 mutabile
2936 5096 3119 5151 posse,

215 5186 364 5249 Quos
392 5182 635 5254 gaudere
668 5181 819 5253 prius
847 5197 972 5236 cum
1000 5182 1266 5238 libertatis
1297 5183 1508 5238 honore
1935 5173 2208 5244 Perpetuo
2236 5171 2541 5244 prohibens
2571 5170 2786 5245 fastigia
2811 5170 2939 5224 diva
2959 5185 3204 5223 manere.

213 5270 536 5326 Muneribus
565 5277 828 5341 prastans
853 5269 1072 5325 Paschaa
1101 5271 1194 5326 dat
1225 5272 1344 5326 lucc
1366 5271 1589 5325 sacrari.
1935 5268 2228 5324 Stultitiam
2258 5273 2475 5337 reputat
2501 5272 2789 5341 suggestor
2809 5265 3037 5320 credere
3065 5266 3231 5320 vitam

214 5361 340 5414 Ales
365 5358 511 5413 fama
537 5359 745 5429 Operis,
776 5358 1093 5430 pernicibus
1124 5358 1299 5414 excita
1326 5358 1545 5428 pennis,
1935 5359 2060 5413 Post
2079 5357 2318 5425 cineres,
2348 5357 2457 5412 sibi
2487 5356 2568 5411 sic
2589 5356 2762 5411 visum
2796 5355 2926 5411 olim
2959 5354 3201 5409 reddidit
3234 5354 3476 5419 Hermes,

216 5453 325 5505 Axe
359 5450 462 5505 sub
483 5450 592 5505 Eoo
622 5449 852 5519 Trajano
879 5451 1171 5505 annuntiat
1199 5457 1353 5514 acta;
1937 5452 2028 5505 Ast
2057 5451 2126 5504 ab
2150 5451 2456 5506 Alexandro
2478 5465 2537 5504 se
2571 5449 2791 5504 doctum
2822 5463 2949 5502 vera
2988 5448 3254 5518 probasse
3284 5464 3298 5512 ;

218 5535 313 5590 Ille
345 5535 532 5590 odisse
562 5537 732 5592 Deum
761 5553 926 5609 quem
952 5544 1179 5592 noverat
1199 5535 1550 5592 Aurelianum
1938 5539 2190 5610 Dumque
2220 5538 2430 5594 alterna
2450 5546 2642 5593 serunt
2672 5537 2845 5594 avidae
2871 5537 3200 5592 commercia
3229 5536 3453 5610 linguai,

215 5627 341 5680 Haec
369 5625 517 5699 legat
555 5629 746 5698 rapido
787 5629 1013 5683 Romam
1047 5628 1264 5697 plexum
1292 5626 1372 5680 ire
1398 5627 1600 5694 volatu,
1940 5627 2168 5682 Ventum
2201 5619 2310 5699 quo
2338 5635 2520 5682 statua
2548 5629 2805 5698 praelecto
2837 5643 3061 5684 assensa
3091 5626 3373 5695 tribunus,

217 5716 432 5786 Quique
463 5715 640 5770 solum
674 5724 1017 5787 pontumque
1042 5715 1250 5787 legens,
1276 5720 1426 5768 secat
1455 5718 1644 5771 omnia
1683 5717 1841 5788 lapsu
1941 5717 2170 5774 Foedera
2202 5718 2288 5772 sul
2319 5718 2412 5773 tali
2441 5717 2628 5774 clauso
2659 5721 2918 5796 jungatur
2947 5718 3125 5790 utipsi
