3970 6200
408 231 515 283 635

407 361 618 416 Limine
647 362 968 426 Alexander,
1003 365 1300 422 vincimina
1333 370 1489 438 plura
1520 371 1886 444 triumphans.

405 453 850 520 Ilermesfirmat;
883 457 1014 520 abit,
1039 460 1239 529 prodit,
1274 462 1942 536 triplicansqueQuirinus

405 544 650 601 Pontifici
681 563 872 614 nexus,
897 557 1057 605 aucto
1079 553 1328 619 custode,
1361 561 1563 610 tuetur.

400 633 524 688 Orat
554 651 694 705 papa
723 634 864 692 fides
896 646 1052 708 pacto
1092 640 1330 696 claretur
1351 652 1410 698 ut
1432 643 1553 699 isto.

399 722 617 777 xEthera
648 734 772 780 vota
796 735 1011 796 petunt,
1044 729 1166 783 οωιὶ
1199 731 1506 787 demittitur
1534 734 1694 789 astris
1727 752 1741 800 ;

395 810 547 877 Nam,
580 813 755 867 stellis
776 830 1021 871 convexa
1045 818 1154 887 poli
1178 818 1560 893 pingentibus,
1595 838 1725 878 ecce

393 905 592 960 Parvus
623 909 778 963 adest
809 926 966 979 puer,
999 920 1055 967 et
1078 914 1308 969 rutilans
1331 916 1604 972 illuminat
1630 926 1800 975 atram

391 1001 566 1055 deze
597 1003 718 1057 luce
741 1005 988 1070 domum,
1020 1017 1186 1079 atque
1217 1012 1377 1082 sequi
1408 1029 1468 1068 se
1499 1015 1749 1086 praecipit
1777 1016 2002 1074 almum.

394 1090 509 1156 Ille,
541 1091 726 1146 dolum
761 1102 1032 1161 metuens,
1067 1113 1296 1167 puerum
1320 1100 1664 1175 faculamque
1713 1105 1953 1161 videndo
1989 1124 2002 1161 :

395 1203 417 1224 «ι
449 1180 564 1233 Νοη
597 1182 758 1235 simul
793 1183 905 1249 ibo,
938 1202 1082 1256 genu
1111 1203 1325 1242 meeum
1359 1191 1462 1244 nisi
1513 1191 1751 1260 ﬂexeris,
1803 1195 2000 1267 inquit,

394 1269 887 1328 Commemorando
937 1292 1156 1346 precem
1219 1277 1430 1335 Christo
1497 1282 1737 1338 dictante
1816 1285 2002 1356 profu-

1705 1377 1864 1444 l'sam.
1902 1398 1931 1427 υ

389 1449 587 1520 Implet
616 1452 770 1520 jussa
793 1471 948 1524 puer,
980 1456 1339 1531 dextramque
1371 1463 1631 1518 antistitis
1671 1465 1791 1535 ipse

389 1540 723 1613 Corripiens,
760 1562 856 1614 per
882 1548 1122 1603 claustra
1155 1553 1295 1622 rapit
1316 1554 1465 1608 velut
1491 1555 1628 1610 ostia
1662 1559 1932 1628 pandens,

391 1631 763 1704 Przefectoque
787 1635 946 1708 jugat
976 1639 1146 1693 clausi
1167 1640 1309 1694 intra
1338 1653 1494 1714 septa
1532 1645 1754 1700 cubilis.

392 1723 706 1794 Insequitur
755 1738 1075 1801 reseratque
1107 1731 1418 1804 irrumpens
1451 1737 1690 1793 claustra
1723 1741 2007 1812 Quirinus,

388 1817 792 1890 Inveniensque
813 1822 973 1877 simul
1009 1825 1241 1882 Domino
1259 1845 1357 1883 sua
1385 1838 1507 1885 vota
1532 1832 1794 1902 ferentes,

382 1911 527 1971 Quos
560 1919 739 1967 trusos
763 1916 932 1969 antris
960 1919 1194 1973 statione
1225 1932 1530 1978 removerat
1558 1934 1719 1982 aucta
1752 1946 1765 1992 ;

389 1999 617 2070 Astupet
647 2003 860 2058 ardenti
891 2004 1103 2067 faculas,
1134 2008 1410 2080 rebusque
1431 2015 1758 2081 tremendis,

390 2090 784 2164 I’r0positoquc
813 2103 1004 2152 tenore
1037 2097 1200 2154 fidem
1231 2117 1450 2158 servare
1491 2106 1716 2175 petitus,

389 2183 609 2237 Artibus
640 2185 754 2239 hare
773 2185 1116 2243 Zoroastraeis
1130 2193 1440 2249 cunctando
1469 2198 1724 2265 rependit

391 2273 680 2329 Praefectus
717 2286 909 2332 contra
946 2296 958 2332 :
994 2300 1017 2329 ‹‹
1047 2280 1306 2354 Nunquid
1342 2299 1442 2338 nos
1460 2285 1693 2358 legimus
1717 2289 1816 2345 ista
1849 2290 1878 2343 γ

387 2358 544 2429 Optio
561 2371 719 2436 gesta
745 2373 835 2419 tua
865 2376 965 2430 est,
993 2368 1106 2436 jam
1137 2372 1365 2426 credere
1388 2375 1523 2429 cede
1555 2387 1776 2446 paratus
1802 2398 1819 2444 ;

387 2448 561 2503 Nostri
597 2468 721 2506 nam
751 2454 966 2509 Domini
999 2459 1333 2527 permaxima
1367 2463 1513 2517 dona
1544 2471 1823 2532 tenentur,

385 2537 483 2600 Qui
513 2538 667 2594 dedit
695 2542 944 2597 auditum
971 2546 1153 2599 surdis
1173 2556 1226 2602 et
1257 2548 1462 2605 lumina
1484 2553 1664 2617 caecis,

385 2629 648 2698 Leprosos
676 2634 966 2698 inundans,
996 2638 1292 2707 paralytica
1320 2642 1564 2698 membra
1592 2645 1919 2711 reformans,

384 2723 667 2778 Daemones
696 2728 1000 2796 expellens,
1035 2731 1322 2787 animabus
1351 2751 1582 2806 corpora
1607 2739 1884 2806 reddens;

382 2815 480 2877 Qui
515 2815 638 2869 tulit
667 2827 721 2870 et
760 2818 1006 2874 functum
1040 2823 1172 2876 mihi
1206 2824 1328 2878 vitae
1359 2827 1428 2880 ad
1459 2830 1646 2884 munia
1677 2841 1923 2905 gnatum,

381 2903 551 2965 Quem
585 2903 808 2978 langore
837 2909 1039 2963 scholis
1064 2911 1493 2986 disciplinisque
1534 2903 1820 2976 vacantem

384 2989 702 3061 Correptum
728 2998 992 3064 praecelsa
1024 2999 1190 3055 deum
1221 3002 1489 3073 Capitolia
1529 3007 1660 3063 duxi
1693 3028 1710 3075 ς

383 3082 628 3154 Dumque
660 3085 827 3159 fatigo
855 3091 1006 3163 gravi
1043 3094 1238 3148 surdos
1267 3095 1532 3154 libamine
1561 3101 1717 3159 divos

382 3169 791 3245 Pontilicesque
819 3193 1035 3247 precor,
1059 3181 1326 3254 vanisque
1350 3187 1578 3244 refercio
1607 3191 1790 3260 donis,

381 3261 574 3329 Drbor,
606 3266 934 3340 etiucaaptis
964 3272 1202 3328 animam
1234 3277 1429 3332 unicus
1459 3281 1610 3337 efflat
1638 3283 1708 3337 ab
1738 3285 1921 3340 annis.

380 3352 671 3412 Questibus
698 3357 950 3422 ejusdem
971 3377 1060 3416 me
1089 3369 1220 3419 tunc
1243 3365 1325 3420 his
1355 3383 1514 3424 urere
1545 3371 1728 3426 nutrix
1753 3393 1766 3426 :

385 3462 404 3488 α
433 3440 699 3499 Credulus
726 3447 872 3503 hunc
900 3451 1075 3504 sancti
1097 3452 1237 3508 Petri
1264 3454 1309 3508 si
1335 3455 1403 3509 ad
1435 3457 1627 3514 limina
1665 3459 1859 3528 ferres,

381 3527 743 3600 Prosperitate
775 3545 879 3590 tua:
907 3539 1181 3610 gauderes
1215 3543 1388 3612 prolis
1409 3545 1633 3616 adepta.

383 3651 441 3658 ——
476 3620 607 3677 Cum
637 3625 846 3696 privata
875 3632 1018 3701 (ego)
1042 3631 1112 3686 sit
1149 3632 1290 3698 visu,
1334 3651 1516 3707 neque
1547 3638 1762 3694 reddita
1789 3639 1918 3706 luci,

381 3715 716 3773 Incolumem
745 3737 933 3776 narras
975 3723 1092 3779 fore
1145 3729 1426 3797 quomodo
1469 3730 1539 3785 ob
1590 3732 1644 3786 id
1694 3734 1990 3810 mihigna-

1713 3827 1866 3898 [tum.
1893 3850 1918 3880 ι

380 3895 474 3949 Illa
503 3914 515 3949 ε
551 3919 574 3946 α
602 3897 762 3953 Vides
790 3916 859 3954 en
888 3918 976 3957 me
1003 3919 1226 3973 caecam,
1258 3908 1356 3962 sed
1373 3911 1604 3967 credere
1633 3895 1848 3972 Christo

378 3990 432 4041 Si
467 3990 705 4057 mallem,
735 4001 925 4048 exacto
957 3995 1169 4053 fruerer
1192 3999 1305 4069 jam
1331 4001 1542 4059 lumine
1566 4005 1742 4064 lustro
1767 4027 1782 4076 ;

381 4109 440 4117 ——
471 4080 491 4132 I
521 4081 777 4148 credens,
806 4091 861 4139 et
884 4085 1188 4145 Alexander
1205 4092 1300 4146 tibi
1331 4095 1562 4152 reddere
1585 4097 1773 4154 lumen

374 4172 428 4226 Si
462 4174 660 4244 quibit,
692 4179 908 4233 credam
930 4181 1178 4239 sobolem
1210 4187 1354 4242 ’mihi
1391 4205 1552 4260 posse
1582 4194 1791 4264 reponi.
1829 4220 1853 4241 ιι

377 4265 514 4320 Hora
539 4268 721 4324 calore
742 4271 888 4327 diem
919 4273 1234 4334 ﬂammabat
1264 4282 1423 4336 tertia
1456 4301 1470 4348 ;
1505 4285 1681 4360 pergit

1169 235 1535 293 FLODOARDI
1578 239 1881 297 CANONICI
1923 242 2256 300 REMENSIS
2297 248 2630 307 OPUSCULA
2670 253 2978 312 METRICA.

3638 271 3742 326 636

2029 379 2086 447 Α
2114 375 2392 445 Distribui,
2425 393 2655 439 cunctos
2694 402 2914 459 quoque
2945 389 3197 447 libertate
3228 394 3406 449 levavi
3439 414 3456 461 ;

2111 465 2165 520 Si
2190 483 2297 538 qua
2319 471 2711 540 superfuerunt
2740 491 2806 530 ea
2838 491 2962 548 post.
2988 480 3214 553 largitus
3239 486 3457 557 egenis.

2112 559 2175 610 At
2203 574 2351 614 nunc
2366 571 2614 617 exertum
2637 581 2739 621 nec
2766 568 3085 627 confiseatio
3115 579 3301 642 terret,

2112 652 2222 706 Nec
2250 665 2502 724 superest
2524 658 2764 716 hominis
2794 664 3042 720 morituri
3085 666 3291 723 offensa
3323 672 3556 740 pavori;

2114 745 2442 820 Participem
2475 770 2563 808 me
2586 754 2692 809 illis
2723 757 2959 812 credens
2991 760 3082 831 qui
3113 761 3305 817 munia
3326 763 3456 819 fassi

2115 837 2329 907 Christi,
2353 847 2596 916 martyrii
2629 864 2884 904 meruere
2913 867 3205 922 capessere
3247 855 3488 925 palmam

2111 929 2333 986 Famine
2366 950 2668 1005 suspensus
2691 938 2991 1008 respondet
3013 941 3079 995 ad
3113 942 3216 996 ista
3244 944 3507 1001 tribunus
3531 968 3548 1002 :

2114 1044 2138 1073 α
2161 1024 2264 1078 Per
2293 1042 2388 1082 vos
2404 1045 2491 1083 me
2525 1029 2770 1086 Christus
2800 1034 2902 1088 hac
2922 1036 3247 1093 conditione
3281 1040 3530 1095 lueretur
3565 1059 3579 1096 :

2107 1115 2318 1171 Nubilis
2345 1128 2430 1174 est
2461 1121 2592 1175 mihi
2627 1132 2771 1188 nata,
2802 1125 2918 1180 viro
2946 1143 3108 1197 quam
3145 1130 3359 1184 tradere
3389 1148 3593 1202 penso,

2107 1210 2350 1284 Egregia:
2379 1213 2601 1268 decorat
2633 1215 2774 1270 hanc
2806 1217 3148 1291 indulgentia
3191 1221 3402 1289 forma,

2106 1299 2328 1354 Infamis
2356 1303 2557 1357 collum
2589 1310 2813 1376 torques
2830 1307 2924 1361 sed
2955 1315 3164 1363 struma
3195 1309 3421 1386 fatigat:

2108 1391 2255 1446 IIane
2277 1392 2530 1448 redimite
2573 1396 2770 1463 salute,
2801 1406 2855 1451 et
2893 1398 2942 1451 ei
2977 1415 3099 1453 mea
3137 1409 3332 1457 cuncta
3371 1405 3723 1476 relinquens,

2107 1465 2350 1552 lngenua
2379 1481 2646 1539 Christum
2675 1486 2959 1542 vobiscum
2986 1497 3174 1545 mente
3204 1490 3435 1546 fatebor.
3465 1516 3489 1540 ι

2109 1571 2307 1626 Ρτξεειιι
2336 1591 2348 1627 :
2385 1598 2409 1618 α
2440 1575 2588 1631 Vade
2616 1577 2763 1632 celer
2787 1588 2841 1632 et
2862 1579 3101 1634 claustra
3129 1581 3198 1636 ad
3226 1584 3466 1638 carceris
3505 1586 3658 1642 illam

2111 1663 2240 1727 Due,
2275 1665 2587 1738 tollensque
2609 1684 2732 1723 meo
2756 1670 2939 1725 Boiam
2963 1687 3294 1744 componere
3334 1677 3478 1731 collo

2112 1750 2320 1806 Matura
2344 1754 2565 1827 genitm,
2599 1757 2916 1829 salvamque
2956 1761 3220 1816 resumito
3251 1779 3432 1818 mane.
3472 1786 3491 1812 ι

2115 1841 2210 1897 Ille
2242 1861 2254 1896 :
2290 1865 2319 1894 α
2347 1845 2550 1900 Domus
2583 1847 2784 1903 habeat
2813 1865 2934 1904 cum
2966 1858 3020 1906 te
3063 1867 3206 1919 mea,
3241 1855 3334 1925 qui
3383 1855 3521 1910 mihi
3543 1873 3731 1914 carcer

2105 1933 2295 1989 Temet
2327 1935 2578 1992 restituet
2601 1937 2629 1990 ‘I
2660 1955 2912 2010 pr0pera,
2933 1942 3133 2014 inquit,
3168 1961 3311 2015 papa
3340 1947 3528 2003 reduci

2103 2023 2242 2077 Illuc
2266 2041 2354 2078 me
2386 2025 2664 2096 siquidem
2693 2028 2857 2085 faciet
2888 2031 2983 2102 qui
3012 2033 3211 2089 detulit
3241 2035 3436 2092 isthuc.

2103 2112 2272 2176 Quem
2306 2123 2628 2188 pergentem
2643 2118 2794 2173 eteis
2830 2119 3099 2189 patefacta
3128 2123 3332 2178 cubilia
3352 2125 3578 2182 dantem

2103 2207 2366 2276 Intrepidi
2395 2225 2653 2280 proceres
2679 2214 2841 2269 solito
2870 2216 3204 2272 concludere
3234 2229 3436 2293 cogunt
3464 2240 3482 2286 ;

2103 2295 2350 2366 Dumque
2378 2297 2637 2354 valedicit
2667 2303 2924 2372 precibus
2953 2305 3057 2359 sibi
3093 2306 3309 2361 taedifer
3337 2317 3478 2364 astat

2105 2386 2238 2440 Ecce
2258 2403 2413 2456 puer,
2448 2390 2748 2462 panditque
2775 2394 3005 2462 aditum,
3046 2407 3375 2471 revocatque
3405 2401 3510 2455 sub
3538 2419 3649 2459 uno

2102 2474 2420 2531 Pontitieem
2453 2488 2676 2550 puncto,
2706 2498 2830 2538 mox
2855 2484 3034 2540 vinela
3060 2489 3298 2557 reponit,
3327 2489 3582 2562 abitque.

2096 2570 2224 2624 Post
2249 2573 2394 2626 horae
2422 2573 2712 2642 Iibramen,
2744 2578 2898 2633 adest
2923 2596 3046 2635 eum
3082 2582 3232 2651 prole
3262 2584 3547 2649 Quirinus,

2097 2662 2443 2734 Custodeque
2472 2667 2668 2722 videns
2697 2671 3084 2742 quosliquerat
3113 2674 3506 2748 advigilantes,

2099 2751 2338 2810 Claustra
2359 2758 2512 2827 petit,
2544 2760 2758 2814 munita
2779 2762 2994 2832 probat,
3028 2765 3241 2840 signata
3267 2776 3505 2824 retentat
3529 2787 3544 2834 ;

2098 2845 2283 2901 Cernit
2311 2849 2676 2905 Alexandrum
2707 2869 2961 2910 reserans
2977 2857 3208 2928 vestigia
3237 2875 3484 2930 pronus;

2100 2937 2382 3012 Astringit,
2415 2940 2745 3013 veniamque
2765 2944 2921 3012 petit,
2945 2945 3032 2999 cui
3070 2940 3200 3001 talia
3227 2950 3424 3018 praesul
3460 2967 3473 3003 :

2022 3043 2071 3111 Ο
2101 3050 2125 3074 ι
2161 3029 2278 3084 Νοη
2307 3031 2569 3086 Dominus
2599 3041 2786 3088 noster
2814 3037 3172 3105 pessumdare
3215 3041 3524 3111 quemlibet
3548 3052 3716 3116 optat,

2103 3120 2352 3176 Conveni
2385 3123 2515 3194 quia
2542 3135 2836 3195 peccantes
2867 3146 2883 3193 ;
2918 3130 3120 3184 etenim
3145 3131 3201 3185 in
3227 3148 3389 3189 cruce
3421 3133 3563 3190 ﬁxus

2099 3209 2167 3263 Se
2197 3210 2612 3285 crueiﬁgentum
2647 3214 3047 3286 petiitpeecata
3076 3218 3301 3273 remitti.

2097 3304 2246 3360 Tunc
2275 3308 2626 3374 przesentanti
2657 3309 2923 3384 genitam,
2957 3319 3092 3382 quot
3121 3328 3339 3369 carcere
3373 3315 3545 3372 clausi

2101 3400 2233 3455 Hinc
2257 3400 2418 3469 jubet
2440 3401 2701 3473 inquirat,
2743 3403 2938 3459 Christi
2970 3421 3068 3476 pro
3095 3408 3318 3462 nomine
3349 3411 3396 3464 si
3422 3411 3543 3482 qui.

2099 3488 2185 3542 Bis
2203 3488 2329 3542 deni
2363 3489 2696 3558 referuntur,
2727 3507 2934 3565 eosque
2967 3495 3228 3551 Eventius
3258 3497 3401 3552 inter

2091 3573 2518 3648 Theodulusque
2541 3579 2730 3634 amicit
2750 3597 2890 3652 quos
2915 3582 3092 3656 gloria
3114 3584 3528 3656 presbyteratus
3561 3607 3576 3653 ;

2096 3663 2202 3717 Hos
2231 3665 2333 3719 sibi
2365 3666 2564 3722 deduci
2597 3668 2764 3741 digno
2797 3672 3056 3742 praecepit
3086 3673 3317 3741 honore,

2093 3755 2415 3828 Intereaque
2446 3775 2602 3814 suam
2635 3761 2812 3816 soboli
2844 3769 3185 3820 transumere
3219 3765 3404 3822 Boiam
3440 3785 3454 3822 :

2091 3845 2284 3900 Omnia
2313 3847 2578 3903 continuo
2611 3847 2920 3905 dissolvens
2943 3850 3126 3906 vincla
3157 3853 3433 3920 tribunus,

2091 3938 2515 4010 Allambeusque
2548 3939 2736 4010 pedes,
2757 3948 3006 4014 torquem
3036 3944 3235 4015 genitae
3263 3955 3418 4019 rogat
3444 3949 3593 4003 addi.

2088 4025 2338 4093 Additur,
2359 4035 2602 4101 urgetur,
2629 4039 2908 4099 properet,
2935 4031 3019 4086 vir
3037 4031 3193 4100 jussa
3223 4033 3458 4091 facessat
3484 4055 3499 4102 ;

2088 4119 2202 4182 Quo
2231 4119 2531 4186 eclerante,
2566 4135 2703 4190 puer
2732 4122 2888 4177 tedae
2918 4122 3135 4197 fulgore
3167 4140 3431 4183 coruscus

2087 4207 2242 4262 Ilicet
2268 4207 2539 4282 effulgens
2555 4211 2758 4264 salvam
2783 4210 2945 4280 jubet
2972 4229 3099 4268 esse
3128 4215 3390 4285 puellam,

2085 4301 2303 4356 Addens
2334 4319 2347 4355 :
2381 4323 2399 4350 ι
2437 4302 2581 4375 Dege
2619 4311 2711 4358 tua
2738 4320 2958 4375 semper
2986 4323 3110 4362 cum
3141 4308 3480 4381 virginitate,

1607 4355 1632 4360 ν
2218 4355 2221 4356 ν
2290 4355 2293 4356 ,
2489 4355 2574 4375 -0-
2742 4355 2948 4375 --ητη
2991 4355 3110 4362 -_---
3153 4355 3455 4381 .-.a..-.....-

372 4355 554 4426 Seque
583 4356 747 4413 refert
775 4369 946 4429 sexta,
975 4367 1337 4440 gaudensque
1367 4371 1673 4445 vidensque
1705 4391 1976 4447 regressa,
1994 4408 2054 4478 D
2085 4389 2438 4462 Efﬁciamque
2467 4401 2618 4447 tuum
2641 4393 2697 4447 in
2726 4395 2883 4449 οωιίε
2902 4405 2951 4451 ιθ
2983 4398 3164 4453 visere
3179 4398 3455 4469 sponsum

373 4447 775 4478 Ινηηιηιιηηυη.-
807 4456 1048 4478 ι.--..,--ε-
1081 4459 1144 4478 ργ-
1266 4470 1275 4478 .
1532 4467 1564 4478 ο-
1637 4468 1648 4478 .

371 4447 776 4523 Imponensque
807 4456 1052 4512 humeris
1080 4459 1372 4533 frigentem
1404 4467 1570 4521 currit
1601 4468 1907 4539 alumnum,

373 4536 765 4610 Praecelerans,
790 4544 873 4598 vix
902 4555 960 4600 ut
985 4549 1138 4616 pueri
1163 4550 1516 4624 juvenesque
1544 4564 1864 4627 sequantur.

370 4628 801 4705 Pontiﬁcemque
829 4636 1022 4692 videns
1044 4640 1115 4693 ad
1141 4656 1227 4695 me
1257 4658 1363 4698 nox
1386 4644 1544 4714 pulsa
1571 4660 1834 4708 recurrat.

376 4742 399 4770 «
445 4721 541 4777 Ille
569 4724 732 4780 Erebi
765 4727 1010 4784 Christus
1038 4747 1267 4801 puerum
1295 4734 1376 4788 sic
1403 4735 1549 4809 leget
1577 4741 1831 4809 resolvet,

374 4814 517 4885 Infit,
550 4827 609 4875 ut
638 4837 670 4876 a
699 4821 832 4876 Iethi
865 4825 1109 4880 tenebris
1135 4843 1274 4896 puer
1299 4828 1400 4884 iste
1431 4844 1681 4907 resurgat

373 4912 436 4966 Ut
461 4912 922 4969 semelindultum
954 4925 1174 4973 maneat
1203 4918 1302 4974 tibi
1324 4920 1508 4978 lumen
1540 4937 1810 4996 apertum.
1851 4951 1868 4978 ι

367 5006 459 5061 Sic
474 5005 613 5062 fusis
635 5009 872 5064 animam
890 5011 1146 5081 precibus
1169 5029 1410 5072 remeare
1441 5019 1700 5076 medullis

366 5094 627 5165 Obtinuit,
649 5114 897 5171 saneque
935 5100 1005 5155 ad
1035 5117 1122 5158 me
1145 5119 1268 5159 cum
1301 5106 1533 5182 pignore
1565 5111 1720 5168 venit
1752 5130 1767 5179 ;

367 5181 514 5250 Ejus,
535 5200 644 5256 quo
674 5185 812 5253 viso,
832 5187 1066 5258 pedibus
1089 5181 1430 5263 prosternor,
1469 5207 1526 5252 et
1553 5215 1652 5256 oro

367 5274 563 5332 Christi
602 5295 727 5335 mox
754 5279 871 5336 ﬁeri
887 5299 1078 5341 servus
1109 5305 1125 5351 ;
1161 5287 1288 5343 hinc
1324 5289 1506 5346 haereo
1548 5292 1783 5362 Christo,

361 5361 616 5420 Tutorem
645 5369 836 5440 genito
866 5373 1053 5439 statui,
1083 5375 1415 5443 patrimonia
1444 5380 1582 5434 cessi

367 5451 572 5522 Matris,
600 5467 657 5513 et
685 5476 750 5515 ex
791 5464 1012 5534 preprio
1030 5469 1298 5522 nonnulla
1319 5470 1559 5527 libenter
1586 5474 1782 5529 adauxi
1811 5495 1828 5542 ;

366 5541 569 5600 Caetera
583 5555 697 5605 tum
721 5551 955 5621 famulis,
986 5572 1202 5611 meeum
1216 5573 1356 5629 quos
1385 5562 1534 5617 unda
1563 5566 1804 5635 novavit,

2083 4479 2250 4544 Quem
2277 4487 2384 4535 stat
2409 4497 2596 4536 amore
2613 4488 2704 4537 tuo
2734 4485 3016 4555 proprium
3050 4486 3260 4542 fudisse
3287 4504 3561 4545 cruorem.
3604 4514 3623 4539 ι

2081 4568 2299 4622 Ᾱῑιὴθνδ
2315 4569 2562 4624 cuelieola
2588 4581 2709 4640 post
2730 4572 2847 4626 haec
2878 4581 3125 4643 repente,
3157 4576 3416 4640 Quirinus

2082 4659 2421 4731 Presbyteris
2450 4662 2742 4717 comitatus
2765 4665 2937 4728 adest,
2970 4683 3216 4738 sanaque
3252 4677 3468 4739 reperta

2083 4752 2262 4818 Prole,
2289 4753 2511 4823 replens
2539 4753 2778 4810 clamore
2809 4757 2986 4812 locum
3023 4775 3035 4811 :
3068 4779 3088 4807 ι
3117 4759 3278 4814 Prodi
3301 4762 3695 4829 hinc,ait,alme

2084 4845 2282 4900 Doctor
2295 4844 2620 4911 Alexander,
2641 4863 2730 4911 ne,
2756 4855 2807 4903 te
2828 4848 2942 4916 jam
2973 4849 3202 4922 indigna
3225 4851 3456 4920 ferente,

2085 4935 2311 4990 Caelitus
2333 4950 2649 5005 expressum
2682 4952 2770 4991 me
2799 4937 3004 4993 fulmen
3035 4940 3231 4995 adurat
3255 4940 3508 5013 iniquum
3537 4964 3586 5009 ;-

2085 5027 2211 5091 Quae
2250 5027 2353 5081 sibi
2377 5027 2489 5081 sint
2522 5028 2831 5097 przestanda
2877 5027 3048 5101 magis
3073 5045 3218 5100 papa
3259 5030 3478 5104 ingerit,
3503 5046 3687 5088 omnes

2084 5119 2308 5172 Sacratu
2340 5132 2575 5188 poscens
2605 5133 2872 5188 personas
2901 5133 3122 5173 carcere
3151 5119 3386 5174 clausas.

2085 5209 2452 5282 Conqueritur
2471 5216 2720 5264 sanctum
2750 5218 2937 5265 custos
2967 5210 3100 5281 quid
3131 5213 3302 5281 prosit
3328 5213 3544 5285 iniquis.

2079 5301 2297 5367 Contra,
2330 5301 2425 5355 Dei
2453 5300 2650 5375 retegit
2671 5302 2890 5370 praesul,
2919 5317 3014 5372 pro
3046 5302 3356 5374 ﬂagitiosis,

2078 5392 2114 5445 E
2147 5390 2301 5446 caelis
2329 5389 2550 5445 venisse
2571 5390 2765 5457 Deum,
2793 5389 2886 5461 qui
2919 5390 3142 5463 Virgine
3178 5401 3339 5447 natus

2077 5481 2154 5536 Ad
2184 5479 2398 5534 veniam
2422 5487 2650 5534 cunctos
2682 5479 3025 5551 Iaxandaque
3052 5481 3255 5551 probra
3284 5495 3525 5540 vocaret.

2077 5567 2350 5624 Convenit
2378 5583 2510 5640 ergo
2523 5582 2739 5634 omnes,
2759 5568 3004 5624 monitus
3023 5569 3124 5624 hac
3152 5587 3306 5639 voce,
3331 5575 3603 5638 Quirinus,
