3970 6200
164 365 267 418 637
766 359 849 413 DE
889 357 1148 413 CHRISTI
1188 359 1552 416 TRIUMPHIS
1590 364 1764 419 APUD
1805 363 2071 419 ITALIAM
2114 364 2290 419 LIBHI
2329 363 2438 417 XIV
2505 393 2569 403 —
2613 364 2734 417 LIB.
2781 365 2891 418 IlI.-

167 488 507 553 Accelerent,
548 484 746 539 Christi
778 484 1011 554 cupiunt
1032 485 1126 555 qui
1154 501 1307 539 sacra
1332 486 1544 552 subire,

165 580 229 633 Et
260 578 515 649 baptizati
550 584 781 648 pergant
812 591 911 645 pro
951 576 1091 629 velle
1130 576 1314 630 soluti.

170 675 551 743 ApprOperant
581 671 747 741 igitur
777 669 906 724 tidei
934 686 993 723 se
1016 668 1255 725 subdere
1281 670 1497 734 cuncti;

169 761 319 825 Quos
350 758 545 813 affatus
574 758 880 812 Alexander
909 758 1171 827 mysteria
1200 758 1399 827 promit

166 854 419 909 Caelestis
440 853 676 916 Domini,
710 852 908 906 cuzlum
942 859 1254 922 terramque
1286 852 1550 925 regentis.

165 946 361 1001 Omnia
386 953 695 1001 servantem
731 945 890 999 terris
920 952 980 999 ut
1008 945 1228 999 mittere
1258 945 1487 998 Gnatum

164 1038 392 1108 Virgine
424 1038 771 1111 progenitum
804 1038 959 1109 legit,
986 1053 1158 1111 genus
1183 1052 1347 1091 omne
1374 1036 1586 1091 vocavit

169 1127 386 1197 Quique
417 1127 699 1181 hominum
733 1125 911 1191 cmlis,
936 1124 1161 1179 firmans
1180 1124 1434 1179 aﬂ'amina
1450 1123 1644 1197 signis,

172 1218 239 1272 Ut
272 1216 489 1271 dederit
513 1217 701 1282 vitam,
733 1215 919 1270 tulerit
950 1214 1270 1285 postomnia
1297 1222 1525 1267 mortem
1552 1229 1566 1276 ;

170 1310 344 1373 Quam
378 1307 777 1379 postcaleatam
810 1322 1044 1380 surgens
1076 1305 1443 1375 penetraverit
1467 1304 1715 1367 aathram,

3389 361 3499 417 638

1806 503 1855 567 Α
1883 488 2100 543 Mandat
2129 487 2518 553 Alexandrum,
2549 488 2711 542 lateat
2740 503 2861 558 quae
2891 502 3055 542 causa
3094 486 3327 557 requirit

1883 580 2034 643 Quod
2054 579 2228 651 magis
2248 578 2422 633 occidi
2448 578 2633 633 tendat
2653 595 2816 650 quam
2844 578 3114 632 absistere
3139 576 3353 647 emptis.

1887 687 1910 716 α
1937 667 2217 732 Nonlicct,
2236 666 2757 737 inquitAlexander,
2779 666 3012 720 canibus
3028 666 3155 720 dare
3177 672 3444 719 sanetum.
3472 687 3497 709 ιο

1892 755 2080 810 Fervet
2108 756 2175 810 ad
2211 736 2346 821 haec,
2377 771 2609 826 seseque
2639 771 2831 810 canem
2866 756 2997 809 furit
3037 755 3127 808 ille
3158 761 3429 809 vocatum.
3498 736 3508 745 ’

1891 848 2115 904 Indiciis
2146 849 2346 920 pI‘IBSIII
2379 850 2573 919 probat
2605 856 2664 903 ut
2694 865 2829 905 cane
2859 849 3094 920 nequior
3124 857 3332 915 exstet;

1892 941 2023 995 Fixo
2055 941 2255 995 divinis
2285 942 2525 997 minatur
2552 942 2721 1016 ﬂagra
2751 950 3040 1013 tyrannus;

1891 1031 2133 1101 Despicit
2165 1032 2268 1087 iste
2294 1033 2472 1087 minas
2506 1034 2826 1101 jactantem,
2860 1033 3071 1102 spernit
3097 1032 3334 1087 honores

1890 1122 2208 1178 Punitorum
2239 1124 2306 1177 ab
2337 1140 2403 1179 eo
2437 1124 2608 1179 fastus
2638 1134 2693 1179 et
2722 1125 2964 1179 culmina
2995 1124 3232 1194 praefert.

1890 1216 2144 1271 Exsecrat
2174 1217 2483 1289 intrepidus
2513 1218 2763 1272 rabidum
2798 1218 3101 1288 temnitque
3134 1218 3433 1271 furentem.

1890 1304 1988 1368 Qui
2024 1304 2171 1359 ferus
2190 1321 2496 1375 appensum
2529 1306 2771 1376 torqueri
2805 1306 3050 1375 praecipit
3072 1306 3297 1369 almum,

173 1400 565 1470 Subjectisque
594 1404 921 1469 potestatem
953 1398 1090 1452 dans
1118 1398 1253 1451 mira
1284 1395 1555 1467 patrandi,

171 1493 474 1546 Venturum
506 1506 567 1544 se
595 1490 901 1559 prodiderit
929 1488 1031 1543 sub
1054 1489 1226 1544 limite
1254 1488 1422 1553 saecli,

176 1587 243 1639 Ut
274 1586 419 1639 bona
449 1584 541 1638 det
566 1583 751 1651 justis,
786 1582 1005 1651 injustis
1035 1582 1200 1649 digna
1222 1580 1510 1652 rependat.
1555 1601 1578 1631 ι

176 1677 490 1745 Subjiciunt
518 1690 713 1730 omnes
743 1676 859 1729 htec
888 1675 954 1729 ad
988 1674 1319 1728 documenta
1348 1674 1541 1728 salutis

182 1772 395 1826 Audita:
421 1780 637 1826 mentes
666 1770 813 1836 fidei,
850 1770 1215 1841 manibusque
1236 1770 1412 1825 beatae

179 1863 495 1933 Presbyteri
523 1862 796 1932 impositis
824 1863 950 1917 vita;
974 1862 1060 1916 his
1090 1861 1394 1931 primordia
1422 1860 1631 1931 legant,

182 1957 312 2011 Cum
344 1957 530 2031 genita
562 1957 767 2027 pariter
796 1957 1042 2022 Balbina,
1072 1956 1335 2027 omnique
1366 1954 1626 2019 Quirinus

185 2049 355 2104 Fonte
380 2048 548 2102 domu
572 2058 784 2114 sancto,
804 2049 1121 2120 junctisque
1147 2055 1389 2102 sacratur
1415 2044 1663 2100 adauctis

180 2142 450 2196 Omnibus
481 2142 770 2196 ecclesiam
802 2143 952 2197 vicus
980 2143 1095 2212 (sic)
1137 2143 1229 2196 dat
1255 2157 1471 2197 carcere
1502 2138 1731 2194 abactis.

182 2232 495 2301 Compertis
526 2232 749 2302 quibus,
770 2232 942 2286 iratus
968 2233 1119 2287 'ubet
1144 2233 1471 2287 Aurelianus

181 2320 415 2386 Adduei,
440 2321 580 2387 sisti,
611 2322 835 2376 ductum
867 2322 1172 2393 affaturque
1194 2322 1475 2387 Quirinum
1501 2339 1515 2386 ;

186 2410 429 2464 Dilectus
458 2409 564 2463 sibi
594 2426 715 2465 cum
748 2411 931 2476 fuerit,
955 2412 1099 2482 quod
1126 2412 1303 2465 riserit
1332 2412 1529 2482 ipsum.

184 2499 283 2552 Ille
310 2498 415 2552 sub
444 2498 559 2552 haec
585 2515 597 2551 :
646 2519 670 2548 α
710 2498 792 2553 Me
824 2498 1197 2553 Christicolam
1222 2499 1536 2569 pernoscito
1560 2498 1801 2562 factum;

184 2590 276 2642 Vis
297 2590 572 2656 occidere,
595 2592 678 2645 vis
700 2592 854 2646 duris
884 2593 1239 2647 substernere
1262 2593 1448 2667 lignis,

190 2681 361 2735 Urere
402 2697 502 2736 seu
534 2682 791 2749 ﬂammis,
822 2684 967 2737 aliud
996 2684 1107 2751 jam
1143 2699 1250 2738 non
1284 2699 1377 2737 ero
1400 2683 1546 2753 quod
1580 2699 1731 2745 sum;

192 2769 427 2823 Exhibui
449 2769 661 2825 Christo
690 2771 975 2827 devinctos
991 2788 1208 2827 carcere
1238 2780 1483 2833 cunctos.

184 2860 495 2932 Dimisique
522 2862 671 2915 exire
702 2877 852 2928 suos,
888 2862 985 2916 sed
1018 2878 1245 2935 pergere
1276 2879 1547 2933 nusquam

184 2951 399 3019 Conati,
431 2961 665 3023 poscunt
698 2970 936 3028 pugnam
978 2971 1287 3027 pugnaque
1316 2971 1595 3019 coronam,

190 3040 640 3113 Criminibusque
674 3042 775 3096 fuit
804 3043 933 3096 dum
965 3042 1103 3097 forte
1137 3043 1317 3113 perire
1349 3044 1598 3114 patratis,

185 3130 355 3193 Quam
390 3130 588 3185 melius
621 3139 878 3201 reputant
915 3131 1128 3185 animas
1166 3130 1449 3186 effundere
1483 3132 1732 3196 Christo;

186 3222 283 3275 Hic
308 3222 531 3277 Hermes
551 3230 605 3277 et
628 3223 957 3288 Alexander,
1000 3223 1246 3295 clarique
1278 3224 1489 3296 piique,

190 3310 449 3365 Esuriens
474 3310 708 3381 dapidus
729 3312 896 3366 veluti
924 3312 1165 3386 gaudere
1193 3314 1395 3384 paratis

188 3400 447 3469 Martyrio
477 3401 715 3473 cwlique
744 3404 1283 3474 manentsplendere
1308 3404 1508 3459 nitore.
1554 3425 1581 3453 ››

186 3488 280 3543 His
312 3488 404 3543 ille
430 3490 695 3561 acceptis,
728 3490 1044 3546 ﬂammante
1086 3491 1364 3547 incensior
1394 3492 1472 3546 ira

190 3578 320 3632 Tam
346 3578 534 3647 patulo
561 3593 743 3632 coram
785 3577 883 3631 fari
915 3594 1173 3633 sermone
1204 3578 1351 3649 quod
1373 3594 1506 3632 ausu

186 3666 303 3721 Non
344 3665 547 3731 timuit,
578 3667 845 3737 plectrum
870 3667 1031 3735 jubet
1057 3667 1413 3722 abscindatur
1433 3674 1493 3721 ut
1514 3667 1646 3733 oris,

186 3756 251 3810 Et
278 3771 485 3825 pensus
516 3755 691 3810 lanios
720 3763 1172 3827 spectatoresque
1204 3756 1413 3829 fatiget.

188 3844 291 3910 Qui
324 3860 544 3916 quoque
574 3845 905 3900 continuans
935 3847 1150 3916 probris
1179 3846 1385 3921 agitare
1417 3852 1731 3917 tyrannum,

190 3936 412 3991 Abscidi
438 3952 704 3991 mucrone
730 3954 1035 4010 manusque
1068 3940 1350 4009 pedesque
1367 3939 1661 4008 jubentur;

186 4029 321 4083 Tum
347 4027 542 4102 jugulo
574 4028 781 4099 expleri
812 4029 1154 4101 canibusque
1184 4030 1463 4084 vorandus
1492 4028 1697 4095 omitti;

188 4118 283 4173 Cui
316 4119 403 4173 via
434 4128 703 4189 praerepto
736 4118 945 4187 ajustis
974 4119 1130 4174 dedit
1160 4120 1333 4191 Appia
1360 4119 1625 4174 tumbam.

187 4209 513 4285 Virginitate
537 4210 718 4265 nitens
747 4211 912 4279 hujus
933 4211 1063 4266 dum
1096 4210 1207 4265 filia
1227 4226 1379 4266 sacra

188 4299 458 4354 Saniferae
489 4300 684 4354 crebro
715 4299 1025 4374 praefigeret
1052 4302 1241 4355 oscula
1264 4302 1429 4368 Boize,

189 4392 423 4445 Sanctus
450 4391 643 4445 doctor
666 4391 1002 4444 Alexander:
1044 4389 1175 4444 Sine
1206 4390 1426 4445 vincula
1458 4399 1639 4446 nostra

188 4482 478 4549 Lambere,
511 4498 633 4553 quae
674 4482 879 4553 repetis
913 4481 1026 4553 [ms
1062 4483 1115 4549 2,
1152 4498 1336 4554 quaere
1376 4482 1540 4553 Petri]
1572 4482 1812 4555 Domini,

1191 4571 1273 4641 [ac
1301 4571 1600 4626 vincimina
1621 4587 1798 4627 come.

189 4662 284 4717 Sic
314 4678 486 4732 opera
511 4670 732 4733 sumpta
769 4662 1063 4734 studioque
1095 4670 1362 4733 sequente
1384 4663 1625 4737 benigno

188 4754 405 4809 Invenit
431 4755 549 4809 haec
576 4755 773 4822 sancti,
797 4755 1076 4826 traditque
1106 4764 1326 4825 reperta
1355 4754 1528 4809 sorori

187 4847 493 4903 Theodoraa
521 4848 791 4903 Hermetis
816 4848 1105 4919 probitatis
1124 4849 1331 4903 honore
1362 4847 1631 4915 colendae,

190 4937 320 5002 Quae
353 4936 609 4991 decollati
635 4937 844 4991 studuit
872 4937 1001 4992 dare
1044 4935 1290 4990 membra
1320 4937 1574 5007 sepulcro

188 5029 470 5096 Germani,
504 5030 691 5099 procul
718 5030 823 5083 hac
853 5046 957 5084 nec
981 5030 1050 5083 ab
1069 5030 1205 5083 urbe
1229 5030 1439 5085 Salaria
1468 5029 1736 5100 sumpsit;

191 5120 323 5191 Ipsa
356 5119 451 5174 ubi
482 5122 790 5191 promeruit
820 5130 943 5193 post
982 5122 1329 5193 martyrizata
1354 5122 1455 5176 sub
1486 5122 1605 5192 ipso

188 5210 395 5264 Iudice
426 5225 749 5280 corpoream
782 5210 931 5265 fratri
970 5212 1177 5267 sociata
1206 5212 1472 5283 quietem,

190 5303 363 5366 Quem
384 5309 677 5372 postquam
702 5303 974 5377 jugulavit
1001 5312 1153 5360 atrox
1173 5320 1359 5361 comes
1386 5302 1711 5359 Aurelianus

191 5396 444 5471 Flagitiis
484 5396 729 5469 reliquos
759 5399 919 5453 cacis
947 5400 999 5453 in
1024 5416 1242 5455 carcere
1275 5401 1415 5457 lotos

192 5487 448 5558 Antiquae
479 5486 768 5555 impositos
796 5488 989 5558 puppi,
1012 5490 1267 5561 saxisque
1283 5498 1534 5564 gravatos

194 5576 367 5642 Colla,
401 5574 526 5629 vehi
567 5582 907 5647 cunctosque
957 5578 1126 5631 altum
1162 5579 1321 5649 jubet
1352 5580 1406 5633 in
1438 5596 1587 5635 mare
1621 5581 1815 5653 mergi.

194 5666 403 5722 Deduci
444 5665 691 5735 posthaec
722 5682 917 5736 papam
949 5666 1187 5739 sistique
1228 5669 1452 5723 beatum

270 5789 523 5859 (175-77)
554 5789 729 5847 Locus
754 5801 1068 5865 corruptus,
1104 5802 1164 5852 ut
1192 5795 1287 5850 alii
1317 5796 1463 5853 bene
1494 5797 1673 5853 multi.

1892 1397 2178 1471 Unguibus
2210 1404 2265 1451 et
2304 1397 2443 1465 radi,
2472 1397 2588 1452 face
2620 1397 3081 1469 Iampadibusque
3104 1398 3353 1479 cremari.

1898 1491 2004 1545 Ista
2034 1492 2127 1545 diu
2160 1507 2380 1561 passum
2412 1492 2560 1545 nulla
2592 1506 2853 1545 resonare
2881 1508 3107 1545 severus

1897 1582 2040 1637 Voce
2068 1590 2253 1653 stupet
2278 1589 2548 1649 sanctum,
2580 1583 2887 1657 rogitatque
2913 1583 3132 1637 silentia
3162 1582 3332 1644 mira;

1899 1672 1995 1726 Ille
2027 1674 2137 1727 Deo
2170 1672 2268 1727 fari
2300 1689 2360 1727 se
2378 1674 2732 1743 deposcendo
2761 1673 2979 1739 fatetur,

1901 1765 2153 1835 Increpat
2183 1774 2238 1820 et
2257 1766 2517 1820 stolidum
2550 1766 2837 1819 tormentis
2874 1781 3025 1819 sacra
3053 1771 3369 1835 rogantem;

1820 1813 1875 1882 B
1898 1813 2174 1908 Annorum
2205 1861 2394 1908 monet
2420 1854 2513 1907 ille
2541 1853 2656 1907 fere
2698 1813 3199 1927 trigintajuvenfm,

1902 1945 2111 2018 Cogitet
2136 1946 2396 1999 invictum
2426 1945 2649 2006 mentis,
2681 1945 2827 1999 hunc
2854 1944 2954 1997 iste
2976 1942 3441 2010 salute(175-77),

1905 2036 2124 2108 Hocque
2164 2052 2355 2091 cruore
2386 2037 2681 2107 palaestrita
2710 2036 2837 2090 dum
2866 2036 3093 2089 sudatur
3122 2050 3320 2109 agone,

1904 2124 2029 2178 Dira
2058 2141 2117 2178 se
2149 2124 2448 2194 perhibens
2476 2125 2807 2179 viduandam
2842 2132 3014 2178 morte
3037 2122 3215 2176 mariti
3250 2123 3287 2189 (1
3303 2122 3415 2185 '78),

1902 2216 2075 2270 Pilato
2102 2224 2161 2269 ut
2191 2216 2324 2269 visis
2350 2214 2479 2269 olim
2515 2215 2801 2285 perterrita
2830 2215 3051 2282 conjux,

1901 2307 2062 2361 Mittit
2081 2314 2137 2361 et
2161 2306 2371 2362 absolvi
2402 2307 2593 2360 suadet
2623 2305 2818 2361 fortem
2840 2322 2977 2359 uxor
3006 2303 3262 2358 athletam
3286 2320 3300 2367 ;

1900 2398 2076 2452 Verba
2102 2396 2254 2451 ferox
2276 2413 2549 2468 spernens
2578 2397 2759 2451 socios
2789 2403 3066 2451 certamen
3096 2394 3238 2448 inire

1904 2488 2123 2542 Mandat
2149 2488 2470 2553 Alexandri;
2506 2488 2757 2561 relegunt
2785 2486 3016 2560 vestigia
3048 2486 3180 2547 laeti,

1902 2581 2141 2652 Jamque
2169 2582 2342 2636 Patris
2369 2582 2577 2652 palmas
2608 2582 2784 2637 stadio
2816 2581 3137 2655 contingere
3167 2579 3324 2642 certi,

1907 2674 2132 2746 Ignibus
2162 2674 2351 2728 infelix
2383 2674 2584 2744 Stygiis
2609 2674 2855 2728 feraliter
2880 2673 3078 2727 ardens

1906 2766 1972 2820 Ut
2001 2766 2185 2836 prodit
2212 2766 2447 2821 invictos
2477 2774 2634 2838 urget
2662 2765 2876 2821 fervere
2904 2764 3178 2820 caminum
3205 2782 3220 2827 ;

1904 2860 2054 2914 Tunc
2083 2870 2161 2924 ut,
2196 2861 2519 2925 Alexander,
2548 2860 2726 2928 jubet,
2769 2867 2933 2931 atque
2964 2857 3255 2925 Eventius,L
3278 2871 3453 2909 annos

1906 2949 2195 3021 Octoginta
2219 2966 2441 3020 gerens,
2484 2949 2658 3004 aversi
2690 2949 2849 3004 dorsa
2871 2949 3133 3021 ligentur,

1908 3040 2293 3112 Candentique
2323 3041 2434 3096 dati
2468 3041 2703 3096 ﬂammis
2743 3041 2963 3096 fornace
2994 3046 3337 3102 crementur;

1906 3133 2099 3187 Astans
2127 3132 2446 3187 Theodulus
2468 3150 2751 3204 poenarum
2794 3134 3019 3188 horrore
3048 3136 3347 3201 prematur,

1833 3179 1883 3248 Ο
1904 3225 1967 3279 At
1996 3224 2235 3280 fornacis
2265 3179 2569 3279 Alexander
2595 3226 2886 3280 furibunda
2920 3179 3294 3293 triumphans:

1833 3388 1839 3395 .
1906 3340 1932 3362 «ε
1973 3315 2277 3382 Theodule,
2310 3316 2555 3371 accelera
2588 3316 2896 3381 nobiseum,
2938 3316 3127 3379 frater,
3153 3322 3207 3368 et
3234 3312 3391 3387 algc;

1906 3405 2000 3460 Ille
2028 3405 2233 3459 etenim
2265 3411 2375 3458 tres
2404 3405 2497 3475 qui
2528 3420 2730 3475 pueros
2758 3406 3015 3475 apparuit
3045 3404 3187 3458 inter

1905 3497 2167 3552 Hebraeos
2195 3504 2442 3567 quartus,
2475 3496 2759 3550 nobiscum
2792 3498 3027 3551 exsultet
3055 3505 3109 3549 et
3149 3494 3345 3558 isthic;
3392 3515 3413 3542 ι

1903 3586 2218 3642 Theodulus
2239 3586 2457 3639 ﬂamma
2486 3586 2796 3654 irrumpens
2820 3586 3114 3639 intersecat
3132 3584 3312 3659 ignes,

1906 3675 2036 3730 Cum
2067 3675 2344 3747 sociisque
2375 3675 2485 3729 Deo
2517 3682 2700 3747 grates
2732 3672 3035 3743 laudesque
3062 3672 3402 3742 rependens,

1905 3762 2188 3818 Concinit:
2234 3781 2259 3812 «ι
2304 3762 2441 3817 Ecce
2470 3770 2592 3816 tuos
2611 3759 2879 3814 examinis
2913 3759 3038 3833 igne
3070 3759 3313 3829 probasti

1911 3852 2040 3918 Nos,
2062 3852 2240 3917 Pater,
2272 3852 2452 3919 istius,
2486 3850 2647 3906 nobis
2676 3866 2775 3904 nec
2807 3848 3051 3903 adluerct
3078 3848 3353 3920 iniquum,

1913 3947 2045 4021 Igne
2077 3945 2264 4000 furens
2291 3946 2436 4001 victo
2468 3945 2780 3999 ﬂammatur
2810 3951 2994 3998 mente
3027 3950 3316 4013 tyrannus:

1912 4034 2095 4101 Effert,
2130 4036 2395 4096 hortatur,
2424 4034 2707 4105 dubioque
2742 4034 2796 4087 in
2830 4032 3066 4087 crimine
3097 4030 3365 4100 pendens,

1911 4122 2249 4194 Presbyteris
2279 4123 2498 4177 tandem
2524 4122 2767 4177 cervices
2795 4120 3026 4176 demetit
3055 4136 3208 4174 ense.

1910 4219 2020 4273 Nec
2044 4224 2228 4271 tamen
2264 4218 2367 4273 hoc
2389 4217 2593 4288 patitur
2623 4232 2779 4287 papa:
2806 4215 2964 4269 finire
2997 4214 3327 4285 palaestram,

1916 4307 2334 4379 Visceribusque
2354 4308 2591 4362 animam
2620 4308 2848 4362 rimatur
2874 4307 2928 4360 in
2955 4304 3214 4359 omnibus
3235 4303 3422 4369 altam,

1918 4402 2190 4458 Multifora
2223 4402 2509 4457 terebrans
2538 4402 2835 4457 fortissima
2867 4400 3095 4471 cuspide
3116 4397 3385 4463 membra,

1920 4493 2008 4547 Sic
2031 4492 2252 4547 decorat
2282 4491 2393 4545 triti
2427 4499 2577 4547 tanto
2600 4490 2881 4546 molimine
2912 4488 3066 4544 floris

1920 4581 2183 4656 Egregius
2212 4579 2434 4635 rutilum
2458 4580 2706 4635 meritam
2749 4579 2887 4651 petit
2917 4579 3122 4633 aethera
3152 4576 3364 4642 sedem,

1916 4677 2166 4746 Dumque
2192 4673 2415 4728 insultat
2444 4681 2503 4727 ut
2542 4672 2821 4743 implicitis
2851 4677 3127 4746 grassator
3152 4682 3391 4733 amarus,

1917 4767 1993 4821 En
2021 4766 2171 4820 visus
2193 4764 2414 4833 juvenis
2436 4763 2661 4837 gerulus
2691 4762 3015 4837 gestaminis
3047 4762 3173 4835 igne

1914 4857 2141 4912 Accensi
2171 4853 2421 4925 chalybis
2438 4853 2603 4927 virgae
2640 4852 2795 4925 quasi
2823 4868 2987 4924 quam
3014 4850 3148 4920 jacit
3176 4856 3303 4904 ante

1914 4948 2039 5003 Ilaec
2068 4945 2325 5000 addendo
2347 4944 2545 5015 pedes:
2589 4964 2617 4993 (ι
2658 4943 2929 5008 Meritum,
2955 4942 3263 5006 Aureliane,
3283 4951 3539 5013 capesse,

1917 5037 2181 5091 Tartareae
2215 5034 2370 5107 nigra
2395 5049 2634 5104 namque
2664 5038 2854 5104 patent
2884 5031 2981 5086 tibi
3022 5037 3239 5105 guttura
3272 5032 3465 5098 portae,

1920 5128 2015 5181 Ast
2044 5127 2246 5199 quibus
2278 5124 2564 5179 infrendes
2592 5122 2831 5194 paradisi
2854 5130 3113 5193 aptantur
3139 5118 3393 5175 ammnis.
3441 5138 3465 5167 (ι

1922 5217 2408 5283 Attremuitdictis,
2440 5216 2719 5286 febrisque
2744 5213 3062 5269 accenditur
3090 5213 3253 5286 igne;

1919 5306 2071 5361 Mens
2088 5307 2246 5382 fugit,
2276 5323 2339 5361 ac
2366 5305 2517 5360 rabie
2552 5304 2777 5375 rapitur,
2806 5301 3155 5374 quatiturquc
3180 5298 3430 5371 phrnesi,

1924 5398 2130 5469 Lingua
2158 5399 2361 5464 editur,
2390 5398 2499 5453 vita
2523 5396 2743 5451 tetricas
2771 5400 3015 5464 raptatur
3036 5393 3091 5445 in
3119 5390 3364 5457 umbras,

1920 5494 2093 5563 Atque
2119 5492 2396 5546 Severinze
2423 5508 2668 5565 praesaga
2699 5489 2908 5561 profata
2935 5486 3148 5541 marita:

1924 5583 2060 5636 Vera
2092 5582 2334 5652 quidem,
2363 5581 2462 5635 sed
2485 5596 2609 5635 sero
2634 5580 2862 5651 probat;
2893 5594 3017 5649 quae
3041 5573 3248 5641 saucia,
3280 5573 3469 5648 gestis,

1922 5673 2164 5729 Membra
2204 5674 2363 5727 beata
2391 5672 2532 5742 rapit
2555 5674 2786 5745 haecque
2808 5672 2863 5727 in
2897 5686 2996 5726 sua
3026 5667 3233 5741 praedia
3263 5666 3433 5732 ducit,

1993 5804 2141 5874 (I78)
2182 5803 2347 5858 Deest
2375 5799 2604 5871 aliquid.
