3970 6200
449 334 555 388 639
1147 326 1514 381 FLODOARDI
1555 325 1857 380 CANONlCl
1899 323 2223 381 REMENSIS
2262 322 2601 383 OPUSCULA
2637 322 2945 381 METBICA.
3683 326 3785 382 640

450 465 624 536 lnque
652 463 742 517 via
769 462 1108 517 Nomentana
1138 458 1328 530 procul
1357 457 1499 512 Urbe
1529 457 1781 513 recondit
2087 464 2138 529 Α
2162 455 2422 526 Tegmine
2448 453 2679 527 ciniphii
2710 469 2912 525 corpus
2939 460 3193 510 tenerum
3222 461 3444 526 asperat
3473 456 3642 519 hirci,

449 555 689 610 Millibus
719 561 778 609 ut
801 559 1034 624 septem,
1065 568 1188 607 cum
1220 566 1363 621 papa
1399 549 1660 605 Eventius
1689 548 1822 616 illic,
2165 548 2341 619 Atque
2370 549 2655 603 beatorum
2683 546 2908 602 tumulis
2935 553 3137 603 astrata
3165 548 3465 613 recumbit;

452 647 801 720 SarCOphago
828 654 888 700 ut
910 644 1085 711 juncti
1128 642 1362 698 ﬂammis
1400 642 1741 697 tumulentur
1770 641 1824 695 in
1856 657 1988 698 uno.
2164 636 2384 690 Obtinet
2413 652 2442 690 a
2471 641 2659 690 sancto
2691 635 2947 705 precibus
2984 635 3114 691 dum
3146 634 3385 706 praesule
3411 636 3571 691 Sixto

448 734 792 790 Theodulum
823 733 1020 804 recipit
1048 732 1213 787 modo
1233 746 1464 801 corpore
1490 730 1678 785 tumba
1702 746 1987 797 seorsum;
2167 725 2291 779 Haec
2312 725 2366 778 in
2394 740 2519 778 rura
2539 723 2661 779 loco
2691 730 2937 779 sacretur
2965 724 3262 796 episcopus
3292 725 3385 781 illo

450 822 685 893 Spiritus
716 840 745 877 a
775 822 939 878 sociis
968 829 1022 876 at
1052 837 1162 876 non
1190 820 1525 876 discernitur
1549 820 1739 874 aethra.
2162 812 2485 885 Martyribus
2515 812 2744 886 dignum
2774 821 2900 885 post
2927 813 3274 869 exhibiturus
3301 815 3608 879 honorem;

450 914 809 971 Membrorum
843 915 1014 968 Imma
1041 913 1478 983 triumphantum
1497 910 1695 968 devota
1718 909 1983 982 sepultrix
2164 906 2487 964 Pontiﬁcem
2507 907 2588 965 sic
2616 907 2746 963 inde
2764 907 2920 964 locus
2943 915 3243 965 consuetus
3264 909 3490 965 habere.

1934 1032 2140 1088 CAPUT
2191 1032 2285 1089 Ill.

1275 1137 1353 1196 De
1387 1136 1685 1197 relatione
1712 1135 1914 1196 Plinii
1941 1142 1993 1194 et
2022 1136 2259 1194 ultione
2288 1134 2474 1193 tertia:
2494 1134 2949 1211 persecutionis.

447 1276 695 1347 Denique
724 1282 779 1331 et
807 1276 897 1332 hic
924 1277 1110 1347 plures
1137 1276 1304 1331 variis
1329 1284 1384 1331 et
1410 1275 1661 1346 partibus
1696 1274 1847 1330 orbis
2160 1274 2299 1328 Dum
2319 1272 2441 1330 caeli
2476 1272 2736 1341 flammis,
2771 1274 2988 1330 cineres
3014 1275 3267 1331 consedit
3294 1276 3351 1330 in
3381 1276 3542 1332 imos.

446 1365 791 1436 Tempestate
822 1365 924 1420 sub
964 1366 1066 1421 hac
1097 1364 1377 1420 terrestria
1407 1380 1577 1437 regna
1608 1364 1986 1435 triumphant;
2161 1362 2279 1418 Mox
2309 1363 2539 1418 Romani
2560 1361 2713 1417 orbis
2735 1363 2857 1419 loca
2877 1364 3090 1419 telluris
3118 1365 3221 1420 tria
3236 1365 3494 1437 quaedam

448 1456 750 1511 Funeribus
776 1472 1010 1527 quorum
1035 1463 1315 1526 permotus
1356 1455 1567 1510 Plinius
1596 1471 1742 1510 unus
2162 1453 2429 1509 Funditus
2456 1454 2719 1509 absiliunt
2742 1454 2882 1509 Asiae
2907 1471 3176 1512 concussa
3204 1464 3477 1523 tremore;

447 1547 704 1603 Ecclesiae
730 1556 1056 1603 vastatorem
1088 1547 1190 1602 fert
1218 1554 1433 1618 sceptra
1455 1546 1669 1621 regenti
2162 1545 2427 1609 Quattuor
2453 1561 2752 1617 exaequans
2781 1545 2944 1602 tellus
2972 1545 3080 1601 sibi
3106 1547 3324 1602 subruit
3346 1547 3534 1602 urbes.

445 1635 674 1704 Trajano
706 1636 981 1691 monitus:
1028 1656 1054 1687 α
1096 1636 1389 1692 Hominum
1424 1636 1714 1691 mitissima
1742 1650 1888 1691 saevo
2088 1669 2136 1736 Β
2163 1636 2367 1691 Graecia
2397 1651 2507 1708 quo
2534 1636 2784 1711 geminas
2813 1647 2985 1703 motu,
3019 1654 3129 1710 quo
3157 1638 3329 1694 Gallia
3360 1639 3570 1710 perdit,

446 1728 602 1782 Omni
635 1738 775 1799 pene
804 1728 892 1783 die
931 1738 1154 1784 ruerent
1184 1736 1242 1783 ut
1272 1728 1446 1783 millia
1478 1728 1622 1783 ferro
2088 1725 2134 1736 “’
2160 1725 2520 1797 Antiochique
2550 1728 2697 1798 Syrae
2738 1742 2865 1797 pars
2884 1726 3121 1782 maxima
3149 1728 3393 1783 concidit
3416 1728 3599 1783 urbis.

446 1816 529 1870 Nil
554 1824 743 1872 contra
775 1819 927 1891 leges
955 1818 1309 1889 Romanaque
1335 1818 1459 1887 jura
1497 1824 1809 1892 gerentum,
2159 1817 2270 1872 Nec
2288 1817 2459 1872 solam
2487 1818 2608 1873 hanc
2638 1816 2912 1885 homines,
2943 1817 3077 1889 quin
3108 1818 3339 1889 perculit
3366 1819 3500 1874 ultio
3528 1818 3714 1886 divos,

443 1904 554 1959 Nec
577 1906 802 1961 sceleris
823 1923 959 1961 nece
985 1905 1261 1977 plectendi
1289 1906 1561 1977 cujusque
1591 1921 1830 1972 reorum,
2160 1908 2296 1963 Dum
2326 1907 2483 1980 quasi
2506 1913 2826 1963 cunctorum
2849 1910 3099 1981 quaedam
3132 1910 3296 1965 simul
3321 1911 3448 1965 aula
3473 1911 3710 1967 deorum

445 1996 716 2053 NiChristi
748 2015 848 2068 pro
872 1998 1031 2053 laude
1064 1998 1183 2065 Dei,
1210 2006 1265 2053 et
1293 1999 1658 2055 conventibus
1688 1997 1884 2070 aequis.
1933 2024 1955 2045 «
2160 2000 2443 2055 Pantheon
2474 1999 2658 2055 Romae
2685 2000 2872 2056 divino
2904 2001 3217 2056 incenditur
3246 2002 3397 2077 igne,

444 2090 715 2145 Rescribit
752 2091 1016 2159 Trajanus
1054 2090 1121 2145 ad
1155 2091 1308 2145 haec:
1356 2114 1380 2139 α
1423 2091 1498 2145 Ne
1538 2091 1773 2162 quisque
1820 2090 2060 2162 requirat
2160 2088 2312 2143 Tunc
2338 2087 2506 2142 veluti
2536 2089 2816 2159 quondam
2846 2090 3101 2161 ciniphes
3131 2090 3347 2146 Pelusia
3373 2107 3500 2146 rura

446 2177 796 2233 Christicolas
816 2178 1007 2247 judex,
1034 2186 1089 2233 at
1116 2178 1310 2249 puniat
1340 2186 1712 2251 interceptos;
1753 2199 1778 2228 ι)
2163 2177 2400 2232 Emersae
2431 2177 2634 2243 subito,
2666 2186 2919 2249 quateret
2939 2179 3069 2234 dum
3094 2180 3253 2235 tertia
3285 2180 3465 2256 plaga,

444 2268 881 2340 Semisoporatus
903 2270 1161 2341 perquod
1187 2269 1488 2326 ferventior
1519 2270 1662 2343 ignis
2162 2267 2287 2323 Orta
2316 2268 2423 2322 situ
2451 2275 2505 2323 et
2546 2269 2821 2340 squallore
2852 2270 2987 2326 locis
3017 2271 3317 2326 animantia
3346 2271 3530 2339 ῐωόίε,

447 2361 624 2427 Visus,
655 2361 953 2417 amicorum
982 2362 1197 2416 insidiis
1224 2362 1367 2417 haud
1394 2362 1617 2433 dempta
1636 2362 1885 2429 facultas,
2162 2358 2334 2412 Omne
2361 2373 2537 2427 genus
2555 2358 2838 2413 hominum
2863 2367 3018 2415 sueta
3037 2376 3102 2416 ac
3122 2376 3293 2431 pecus
3318 2376 3480 2416 urere
3500 2377 3712 2426 morsu,

452 2452 565 2507 lmo
581 2453 722 2507 dolis
756 2451 933 2507 furum
954 2460 1223 2509 vexantur
1249 2463 1428 2508 castra
1458 2453 1693 2524 piorum.
2164 2449 2443 2504 Dcnsatim
2475 2465 2650 2504 saevos
2679 2449 2735 2503 in
2764 2450 3051 2506 vibravere
3090 2452 3320 2508 colonos
3345 2469 3361 2507 :

450 2542 514 2595 At
541 2557 650 2597 non
681 2541 771 2597 ille
796 2542 988 2598 oculus
1004 2542 1132 2617 vigil
1154 2542 1375 2597 lsraelis
1403 2550 1635 2609 amator,
2161 2543 2335 2599 Judaei
2362 2544 2527 2599 variis
2553 2542 2713 2599 effusi
2746 2544 2816 2600 ita
2833 2546 3081 2616 partibus
3106 2547 3280 2615 orbis,

453 2630 662 2702 Pupilla
687 2632 925 2688 obducta
963 2633 1070 2705 legi
1101 2631 1246 2687 favet
1271 2632 1412 2687 altor
1440 2632 1670 2704 iniquae,
2163 2631 2471 2707 Egyptum,
2502 2633 2743 2705 Libyam,
2781 2633 3146 2707 Cyprumque,
3181 2636 3428 2709 aliasque
3470 2639 3658 2694 calore

452 2724 568 2779 lmo
595 2724 709 2795 pari
748 2724 927 2780 rutilis
948 2739 1315 2794 compensans
1344 2723 1531 2779 omnia
1552 2724 1710 2780 lance
2172 2724 2346 2779 Emoti
2380 2732 2550 2779 terras
2578 2724 2758 2780 subito
2790 2724 3101 2782 infestando
3138 2726 3357 2798 quietos

455 2813 791 2885 Praepollens
813 2814 1050 2868 auctoris
1080 2828 1222 2884 opus
1250 2814 1479 2885 hujusce
1515 2812 1738 2869 nefandi
2168 2816 2437 2887 Turbant,
2465 2833 2529 2873 ac
2554 2831 2755 2874 vacuos
2784 2817 2899 2873 fere
2930 2816 3062 2873 dant
3093 2818 3396 2875 cultoribus
3432 2835 3622 2895 agros.

457 2902 661 2959 Evortit
698 2901 948 2966 sceleris,
971 2902 1170 2958 domus
1196 2918 1362 2957 aurea
1390 2909 1533 2958 tacta
1553 2902 1786 2960 Neronis

1960 3006 2167 3063 CAPUT
2212 3007 2294 3063 ιν.

1769 3116 1844 3175 De
1870 3124 2075 3176 sancto
2109 3114 2281 3176 Sixto
2313 3133 2494 3195 papa.

456 3250 637 3305 Sixtus
665 3248 1031 3304 Alexandrum
1062 3249 1331 3322 sequitur,
1354 3250 1448 3322 qui
1479 3249 1721 3307 culmina
1755 3251 1905 3306 sedis
2092 3255 2142 3324 Ο
2171 3251 2557 3325 Subjectisque
2588 3253 2751 3324 hujus
2782 3256 3077 3312 moderans
3102 3254 3345 3331 insignia
3373 3255 3550 3323 sedis,

455 3342 656 3397 Nactus
685 3342 1025 3411 apostolicis,
1058 3343 1305 3418 regimen
1327 3343 1573 3415 disponit
1600 3344 1854 3410 honeste,
2170 3342 2269 3407 Qui
2292 3350 2498 3415 martyr
2529 3352 2847 3417 penetrans,
2880 3347 3120 3402 Adriano
3146 3347 3399 3419 principe
3423 3348 3653 3414 caelum,

461 3432 605 3487 Dans
636 3431 919 3487 tractanda
958 3432 1053 3487 Dei
1074 3432 1206 3488 solis
1228 3448 1383 3488 sacra
1411 3448 1542 3489 vasa
1566 3432 1852 3499 ministris,
2171 3432 2337 3487 Busta
2371 3449 2533 3489 secus
2562 3433 2704 3489 Petri
2734 3435 2928 3490 tumuli
2960 3436 3186 3493 sortitur
3215 3437 3507 3492 honorem.

1973 3560 2181 3616 CAPUT
2227 3560 2287 3615 V.

1372 3662 1454 3722 De
1477 3663 1706 3723 sanctis
1734 3659 2003 3735 Gaetulia,
2037 3663 2318 3723 Amantio
2347 3671 2400 3723 et
2426 3666 2608 3724 sociis
2644 3681 2872 3725 eorum.

459 3821 715 3894 plerique
746 3822 869 3877 om“
899 3837 1070 3895 regna
1097 3820 1247 3875 dicto
1278 3819 1529 3891 principe
2178 3798 2242 3854 Ut
2267 3800 2361 3872 qui
2382 3808 2572 3858 tenere
2603 3802 2939 3861 Christianos
2966 3812 3196 3860 venerat

462 3915 714 3971 Mercede
743 3915 851 3970 fusi
891 3920 1305 3986 consequuntur
1338 3914 1649 3991 sanguinis,

2175 3894 2253 3950 Sit
2282 3894 2399 3966 ipse
2430 3902 2642 3962 tentus;
2664 3897 2758 3969 qui
2778 3896 3013 3953 salutem
3040 3897 3232 3954 tollere

459 4005 767 4062 Bacchame
795 4005 940 4060 nube
961 3984 1105 4058 rem}
1144 4004 1309 4075 coepti
1342 3984 1598 4059 ιητιςίηίε,
1752 4000 1769 4011 *
2178 3984 2509 4056 PrOperabat
2537 3984 2717 4052 almis,
2749 3986 2932 4042 salvus
2956 3986 3104 4042 idem
3128 3986 3362 4043 fulserit.

461 4097 675 4151 paravit
698 4104 844 4152 astra
873 4110 1037 4151 came
1069 4100 1197 4151 tunc
1226 4096 1503 4160 (ωιυιίυε,
2178 4078 2330 4134 Hunc
2367 4094 2573 4149 praeses
2602 4093 2742 4133 arcae
2784 4076 3151 4133 Christianum
3188 4077 3401 4133 aerariae

457 4185 537 4239 Ad
567 4201 735 4256 quem
767 4184 1066 4240 tenendum
1087 4184 1233 4256 quod
1264 4182 1374 4239 fide
1412 4183 1762 4240 firmissimus
2174 4169 2402 4267 quidam
2426 4168 2663 4267 Αςξτὶεηο
2690 4168 3118 4267 (Ξεερτξῗξθξιξῖθξιε
3146 4168 3397 4235 ῐὶιιηῐίειις

464 4279 525 4334 Et
554 4278 863 4350 disciplinis
900 4278 1129 4351 degeret
1158 4277 1531 4344 doctissimus,

2173 4259 2273 4325 Qui
2313 4258 2659 4314 consularem
2679 4257 2866 4333 dirigit
2892 4257 3181 4325 Licinium,

462 4349 727 4428 Sermone
755 4370 957 4427 multos
980 4349 1310 4441 iactibusque
1341 4370 1609 4425 roborans
2174 4350 2290 4450 9‘10
2331 4349 2609 4450 οετθξειίθίη
2639 4349 2840 4450 Vinciat

463 4461 521 4514 ln
545 4459 666 4534 lege
706 4459 924 4526 Christi,
956 4458 1193 4515 Cerealis
1220 4439 1475 4524 mittitur,

2176 4444 2306 4499 Cum
2325 4459 2434 4517 quo
2466 4442 2662 4498 beatus
2689 4439 2974 4515 stringitur
3004 4439 3287 4506 Gaetulius,

462 4531 685 4625 Collega
713 4550 871 4619 cujus
904 4549 1161 4605 militarat
1189 4548 1494 4615 Amantius,

2099 4585 2153 4653 D
2179 4541 2251 4594 Ac
2278 4536 2590 4593 Primitivus
2618 4550 2854 4605 cumque
2880 4532 2961 4587 eis
2987 4531 3291 4599 Amantius,

2179 4630 2310 4653 "IL-..
2351 4625 2555 4653 0-..-..“
2590 4623 2892 4653 ηηηοιειση-ἶο
2922 4620 3163 4653 ξηρρ-,πηῃ
3187 4638 3201 4650 .

460 4641 562 4708 Qui
583 4620 748 4698 carne
774 4640 941 4696 frater
970 4656 1033 4696 ac
1062 4638 1173 4694 ﬁde
1201 4639 1413 4695 Gaetulii
1445 4657 1460 4706 ;

2099 4620 2153 4653 υ
2179 4630 2314 4684 Tum
2351 4625 2558 4683 Cereali
2588 4623 2894 4680 consularis
2922 4620 3200 4677 infremit:

460 4738 701 4809 Uterque
729 4743 916 4811 gratus
941 4733 1178 4790 Adriano
1204 4733 1462 4805 principi,
2180 4738 2210 4811 fr
2248 4716 2381 4770 Vitae
2400 4713 2497 4811 tibi
2525 4710 2605 4767 sic
2631 4711 2772 4811 facta
2798 4710 3113 4811 desperatio

462 4797 677 4886 Duceiis
703 4797 957 4901 repertus
986 4797 1252 4900 plurimos
1282 4797 1543 4882 Cael-ullus
2179 4808 2455 4901 Ρηὲοβρῐδ
2478 4809 2693 4901 iam?“
2721 4806 3006 4901 υῖ-ῐξτοθδξί
3034 4797 3442 4901 άΫωίηξηίίυηι

461 4922 702 4977 Fratrem
733 4888 1013 4985 tribunum
1055 4918 1361 4992 propalavit
1399 4916 1708 4973 Amantium
2180 4902 2239 4956 In
2262 4897 2507 4992 universi
2536 4895 2705 4992 rebus
2723 4892 2877 4950 orbis
2906 4888 3268 4992 principum?
3313 4913 3334 4941 ι

466 5014 610 5070 Metu
637 4980 862 5068 Adriani
894 5012 987 5084 qui
1020 4980 1222 5067 latebat
1248 5010 1506 5075 abditus;
2182 4988 2565 5084 CuiCerealisf
2613 5007 2634 5084 ς
2679 4980 3240 5084 Insupercontradidi

466 5104 637 5169 Quem
669 5071 1077 5159 Cerealis.haud
1108 5100 1276 5170 opine
1302 5106 1575 5155 contuens
2182 5078 2520 5139 Visitationis
2549 5077 2774 5150 integrae
2799 5071 3082 5174 molimine
3144 5161 3156 5174 ‘
3182 5160 3215 5174 ν

467 5160 666 5251 Plenus
692 5195 899 5252 sodalis
923 5192 984 5249 ﬁt
1006 5160 1184 5249 salute
1212 5191 1438 5268 gaudio,
2185 5176 2388 5232 Census
2415 5173 2660 5247 fugaces,
2686 5175 2741 5225 et
2764 5165 2957 5268 redegi
2994 5163 3049 5266 in
3065 5160 3375 5268 publicum,

470 5285 757 5356 Vitamque
785 5283 952 5339 sumit
979 5284 1087 5340 hoc
1118 5252 1336 5352 reperto
1364 5252 1628 5352 spiritus:
2184 5271 2525 5342 Semperque
2545 5280 2642 5359 .me
2670 5260 2875 5359 servire
2905 5255 3117 5359 Christo
3156 5252 3445 5359 spondeo;

470 5376 600 5431 Nam
630 5347 927 5449 diligenter
951 5347 1199 5429 veritatis
1225 5347 1433 5427 lumine
2182 5358 2301 5414 Vita
2330 5353 2559 5452 perenni
2586 5347 2980 5452 perfruincredo
3019 5352 3076 5448 et
3113 5348 3260 5447 peto.
3309 5362 3339 5452 ι,

468 5435 774 5539 Christique
811 5465 960 5521 cultu
988 5465 1057 5520 ab
1078 5465 1165 5519 his
1195 5465 1428 5521 docetur
1452 5459 1722 5516 Patribus.
2180 5454 2313 5508 Tum
2343 5446 2679 5543 consularis:
2723 5464 2749 5495 α
2914 5439 3054 5543 mori
3079 5454 3146 5543 an
3178 5436 3262 5543 vis
3290 5435 3522 5491 vivere?

470 5529 698 5612 Romani
727 5555 858 5609 inde
889 5562 1145 5629 pergunt,
1175 5560 1342 5625 atque
1372 5553 1522 5609 Sixto
1544 5545 1760 5622 praesuli
2184 5543 2317 5609 Qui:
2364 5561 2388 5591 α
2430 5539 2571 5594 Luce
2601 5536 2726 5592 vitae
2763 5534 2816 5589 ni
2840 5532 2945 5630 frui
2976 5529 3398 5630 contenderem,

469 5646 588 5701 Mox
617 5622 1020 5714 haptizanduni'
1038 5622 1315 5701 Cerealem
1338 5646 1676 5719 suggerunt:
2185 5633 2381 5691 Christi
2410 5644 2706 5701 supernam
2736 5642 2848 5682 non
2890 5622 3372 5719 faterer-gloriam.
3412 5640 3438 5671 ι

475 5713 803 5802 Factumque
824 5732 988 5789 Saulo
1014 5735 1155 5789 sicut
1174 5735 1305 5789 olim
1331 5713 1582 5807 contigit,
2256 5724 2470 5781 Relisus
2490 5723 2586 5778 ille
2609 5718 2863 5777 ﬁrmitate
2893 5713 3167 5784 martyris,
