3970 6200
199 387 294 443 641
808 383 888 436 DE
930 382 1187 437 CHRISTI
1229 381 1587 436 TRIUMPHIS
1629 382 1799 437 APUD
1843 381 2106 437 ITALIAM
2148 383 2322 438 LIBRI
2362 384 2491 438 XIV.
2535 415 2599 424 —
2642 384 2765 440 LIB.
2811 388 2899 440 Ill.
3434 395 3539 449 642

206 513 451 567 Umbone
474 510 625 579 rupis
643 516 701 563 ut
728 511 961 563 minacis
980 509 1188 574 alveus,

204 601 342 654 Petit
382 601 693 654 columnam
737 599 1025 669 praecluem
1057 597 1364 665 Cmtulium,

204 691 397 744 Libare
420 690 593 754 Marti,
620 706 716 742 seu
750 688 864 743 Jovi
893 688 1098 755 jubens
1138 703 1285 751 cum,

204 781 366 834 Ridet
398 781 587 833 beatus
625 777 877 848 dissipati
920 777 1213 843 insaniam,

206 873 408 925 I‘haros
438 869 673 924 furentis
698 878 757 923 ut
788 870 1083 939 procellam
1103 869 1351 929 Doridos.

208 965 270 1014 At
298 960 463 1014 corda
495 959 589 1029 qui
613 958 859 1029 nequivit
890 959 997 1013 alta
1020 958 1217 1013 laedere

206 1051 282 1103 Ad
314 1050 595 1105 laesionem
625 1056 803 1104 vertat
833 1064 983 1103 arma
1005 1049 1253 1119 corporis
1282 1066 1297 1113 ;

205 1142 394 1195 Carnis
411 1140 644 1195 amictus
677 1140 954 1210 impudice
986 1140 1197 1211 diripit,

206 1233 497 1303 Quamque
520 1232 723 1285 mentis
750 1241 909 1302 septa
930 1231 1383 1304 inexpugnabilis
1417 1249 1430 1295 ;

210 1324 558 1394 Firmumque
590 1323 759 1378 robur
793 1331 852 1377 ut
872 1324 1111 1378 renoscit
1141 1330 1460 1394 martyrum,

208 1416 390 1469 Victus
412 1422 629 1468 coercet
649 1415 949 1488 gloriantes
978 1430 1216 1480 carcere,

209 1508 323 1569 Quo
348 1521 443 1575 per
472 1506 592 1560 dies
619 1512 673 1559 et
696 1519 945 1558 mansere
984 1512 1193 1574 septem
1224 1511 1278 1558 et
1308 1504 1396 1557 bis
1421 1503 1632 1569 decem,

210 1595 446 1664 Postque
472 1594 709 1648 Adriano
742 1592 1065 1646 nuntiantur
1090 1592 1281 1657 vividi,

211 1687 537 1759 Christoque
570 1686 663 1740 ﬁdi
688 1703 717 1740 a
739 1702 848 1758 quo
874 1687 1143 1755 jubentur
1173 1687 1398 1760 ignibus

208 1777 388 1830 Tradi.
430 1777 625 1830 Beatus
647 1776 714 1829 ad
746 1791 937 1848 rogum
969 1774 1230 1828 Gzetulius

211 1871 409 1924 Vivens
436 1870 753 1940 triumphat,
782 1869 1134 1941 fustibusque
1162 1884 1287 1925 mox
1314 1881 1479 1941 caput

214 1961 393 2014 Laesus
420 1959 651 2024 divellit,
684 1959 910 2029 corripit
947 1959 1253 2021 victoriam,

208 2055 490 2109 Tredecim
516 2053 695 2108 ﬁdelis
723 2062 868 2109 meta
897 2055 1089 2125 agonis
1119 2055 1365 2109 millibus

213 2141 289 2194 Ab
322 2141 459 2195 urbe
490 2142 666 2211 ponit,
694 2143 933 2213 hincque
964 2150 1211 2213 penetrat
1241 2144 1477 2210 aethera;

208 2232 532 2304 Tiberisque
559 2233 628 2287 ab
656 2234 821 2288 undis
849 2234 1220 2304 Symphorosa
1251 2235 1538 2308 colligens,

214 2322 356 2377 Uxor
386 2322 531 2377 beati
554 2324 867 2379 condecens
894 2323 1133 2391 Gzetulii,

211 2413 320 2465 Suo
349 2412 547 2467 relatos
574 2412 861 2467 collocavit
902 2413 1111 2482 praedio
1137 2430 1151 2479 ;

209 2510 337 2569 Quae
369 2520 471 2559 nec
496 2504 590 2559 diu
616 2512 739 2576 post
769 2505 1022 2578 conjugis
1050 2496 1373 2571 certamina,

209 2596 511 2651 Sodalitate
536 2594 773 2651 ﬁliorum
807 2597 1060 2667 praedita,

210 2689 547 2760 Martyrisata
573 2690 787 2744 scandit
815 2690 1001 2743 aethrm
1036 2690 1300 2746 culmina.

211 2784 360 2846 Quae,
395 2798 535 2836 οξεδει
566 2782 765 2853 palmis
795 2788 850 2836 et
884 2781 1081 2836 librata
1111 2783 1384 2850 crinibus,

216 2869 364 2924 Elata
388 2870 549 2925 terris
580 2870 640 2926 ﬁt
670 2870 798 2942 polo
822 2871 1191 2940 contermina,

1839 510 1891 579 Α
1921 508 2162 579 Coalique
2191 510 2351 563 discit
2373 511 2653 565 ambulare
2683 512 2930 567 semitas.

1920 599 2124 655 Invicta
2155 602 2311 654 terris
2342 609 2400 655 ut
2428 603 2689 670 probatur
2718 618 2867 667 aere,

1920 688 2177 743 Devincta
2201 705 2330 743 saxo
2363 691 2627 763 mergitur
2644 690 2745 744 sub
2782 692 3034 759 ﬁumine,

1921 784 1992 837 Ex
2018 800 2126 855 quo
2150 785 2493 856 triumphans
2522 786 2756 840 sumitur
2780 804 2934 843 mens
2961 790 3166 844 aethere

1919 880 2222 935 Germanus
2260 882 2380 949 ejus
2414 882 2735 952 principalis
2765 882 2979 937 Tiburis

1921 969 2141 1023 Lectum
2176 970 2409 1024 cadaver
2438 970 2700 1023 auferens
2729 971 3028 1044 Eugenius,

1925 1059 2215 1129 Terraeque
2245 1060 2515 1113 mandans
2546 1060 2791 1114 membra
2816 1063 3005 1116 condit
3032 1070 3225 1117 terrea.

1926 1148 2131 1201 Aurora
2159 1148 2421 1201 Phoebum
2461 1146 2611 1201 ducit
2640 1149 2746 1202 alto
2777 1158 2835 1202 ut
2860 1151 3068 1215 Indico,

1926 1238 2145 1306 Septem
2178 1236 2478 1306 imperator
2505 1238 2727 1290 mandat
2761 1237 2874 1291 indi
2918 1239 3132 1308 stipites

1927 1325 2099 1379 llumo
2131 1325 2327 1396 hisque
2360 1340 2529 1379 nexos
2558 1325 2939 1395 Symphorosze
2982 1327 3123 1381 ﬁlios

1924 1416 2022 1470 Tot
2051 1418 2270 1471 onerari
2300 1432 2357 1471 se
2380 1417 2529 1489 jugis
2558 1416 2891 1471 cruciatibus
2920 1435 2934 1483 ;

1923 1507 2083 1561 Tensi
2115 1507 2395 1572 trochleis,
2428 1509 2535 1561 tela
2564 1507 2826 1562 Crescens
2856 1516 3077 1583 gutture

1928 1599 2203 1665 Exhaurit,
2229 1599 2336 1652 alto
2362 1598 2612 1653 Julianus
2636 1606 2882 1669 pectore,

1926 1688 2181 1743 Nemesio
2208 1686 2311 1741 sub
2338 1688 2502 1742 corde
2535 1688 2740 1742 ferrum
2763 1690 3044 1754 conditur,

1849 1809 1896 1875 Β
1928 1780 2027 1875 Per
2050 1780 2379 1875 umbilicum
2412 1780 2692 1835 Primitivo
2713 1781 2900 1875 ﬁgitur
2934 1800 2946 1835 :

1923 1866 2172 1920 Justinus
2197 1883 2391 1923 omnes
2422 1879 2626 1924 tractus
2642 1878 2791 1922 artus
2818 1869 3093 1924 scinditur

1924 1957 2252 2029 Cunctisque
2279 1960 2461 2014 carnis
2488 1960 2597 2014 vita
2628 1960 2798 2014 frenis
2837 1961 3060 2030 pellitur
3093 1980 3106 2025 ;

1926 2050 2072 2106 Silva
2102 2052 2232 2105 inde
2260 2051 2509 2107 Stacteus
2540 2051 2692 2107 fusus
2722 2052 2830 2107 alte
2872 2053 3048 2107 ferrea

1930 2145 2006 2198 Ab
2038 2145 2375 2215 spiculorum
2408 2146 2629 2200 turbine
2660 2147 2824 2201 intrat
2853 2148 3056 2201 azthera

1928 2236 1967 2288 A
1991 2246 2213 2305 pectore
2244 2238 2423 2290 alvum
2458 2235 2621 2291 ﬁssus
2653 2237 2742 2291 hic
2774 2237 3052 2310 Eugenius

1927 2329 2129 2384 Exutus
2159 2330 2281 2385 imis
2307 2338 2451 2385 astra
2480 2331 2743 2384 membris
2764 2332 3002 2385 ducitur.

1928 2418 2132 2473 Maestis
2162 2427 2326 2473 eunte
2360 2420 2412 2472 in
2444 2420 2742 2474 crastinum
2771 2419 3056 2493 jugalibus

1930 2509 2144 2575 Titane,
2179 2509 2575 2584 demerguntur
2605 2510 2712 2564 alta
2751 2510 2819 2563 ab
2843 2509 3097 2563 hostibus

1933 2600 2110 2655 Fovea
2137 2608 2347 2655 sacrata
2377 2600 2656 2655 lancinata
2696 2616 2931 2672 corpora
2966 2618 2979 2667 ;

1933 2696 2154 2767 Septem
2187 2707 2453 2751 vocarunt
2482 2696 2549 2750 ad
2574 2696 2931 2751 Biothanatos
2963 2696 3165 2758 locum,

1935 2786 2107 2842 Claris
2146 2787 2365 2859 piorum
2396 2787 2563 2842 lucidi
2592 2787 2862 2843 victoriis.

1718 2974 1927 3030 CAPUT
1970 2975 2057 3029 Vl.

1373 3074 1450 3133 De
1476 3077 1703 3136 sanctis
1731 3074 2027 3153 Seraphin
2056 3086 2108 3138 et
2136 3078 2386 3139 Sabina.

209 3193 480 3264 Tempore
508 3194 661 3265 virgo
686 3194 790 3249 sub
823 3194 1218 3266 hoc'Seraphia
1244 3213 1406 3267 passa
1433 3198 1673 3265 renidet,

218 3288 497 3361 Sanguine
537 3304 699 3358 quam
730 3289 951 3362 generis
979 3290 1317 3364 signavimus
1347 3291 1765 3357 Antiochenam,

219 3377 394 3442 Illam,
427 3378 558 3431 dum
580 3377 788 3431 laribus
817 3377 965 3433 fovet
986 3378 1191 3449 hospes
1220 3380 1364 3433 clara
1401 3380 1623 3445 Sabina,

217 3467 414 3522 Iuncta
435 3468 743 3534 Valentino,
772 3470 1051 3540 quondam
1083 3471 1169 3524 cui
1198 3470 1324 3525 fana
1352 3471 1540 3525 decori

220 3559 477 3630 Principe
507 3566 632 3613 nata
658 3561 1001 3615 metallorum
1034 3562 1325 3636 prsesignis
1350 3562 1565 3617 Herode

220 3649 479 3703 Przesidis
504 3649 691 3703 audita
720 3650 943 3720 rapiunt
972 3650 1137 3706 laude
1168 3650 1470 3715 ofﬁciales;

223 3743 383 3798 Facta
404 3744 520 3799 viro
544 3762 803 3816 praesens,
835 3746 920 3799 dis
939 3745 1247 3800 sacriﬁcare
1271 3746 1515 3815 jubetur.

224 3835 321 3888 Illa
364 3835 569 3888 :Deum
603 3835 792 3900 timeo,
823 3835 1116 3890 Dominum
1164 3836 1286 3891 colo
1315 3835 1501 3890 cuncti
1534 3843 1837 3906 potentem,

223 3925 325 3989 Qui
354 3926 478 3980 caeli
510 3933 781 3998 terraeque
798 3936 979 3993 sator;
1006 3943 1129 3981 nam
1165 3926 1395 3981 numina
1420 3942 1561 3982 vana

224 4016 394 4080 Queis
424 4017 599 4071 libare
623 4017 809 4086 jubes,
844 4034 954 4073 non
988 4018 1085 4079 dii,
1135 4017 1232 4072 sed
1274 4017 1555 4072 dmmones
1581 4023 1795 4072 exstant
1825 4035 1839 4084 ;

223 4108 336 4163 Nec
356 4108 485 4164 licet
514 4110 615 4165 hos
643 4125 799 4165 orare
819 4110 977 4176 mihi,
1010 4126 1132 4181 quae
1149 4109 1329 4165 servio
1356 4108 1568 4165 Christo
1608 4134 1621 4155 ο

230 4199 479 4268 Dumque
509 4196 673 4251 ﬁdem
704 4198 905 4253 celsam
923 4198 1087 4252 dictis
1109 4198 1304 4254 attollit
1334 4200 1558 4271 apertis,

227 4287 466 4343 Lascivis
486 4295 676 4358 stupro
705 4288 944 4363 geminis
969 4290 1264 4345 mandatur
1292 4290 1546 4361 ephebis,

227 4381 271 4433 A
297 4379 499 4451 quibus
530 4380 749 4435 obscuri
769 4381 825 4435 in
852 4382 1159 4452 penetralia
1190 4398 1335 4438 ezeca
1364 4383 1562 4437 cubilis

229 4471 533 4540 Clauditur,
560 4480 732 4543 utque
762 4482 960 4544 petunt
982 4474 1190 4529 inceste
1214 4475 1487 4549 attingere
1509 4481 1737 4540 castam,

231 4564 429 4619 Intima
454 4580 721 4619 concusso
745 4564 909 4619 tellus
937 4566 1162 4621 eliditur
1179 4573 1358 4621 antro.

232 4660 630 4731 Exanimesque
660 4668 825 4714 ruunt
862 4662 1010 4715 omni
1044 4662 1247 4716 virtute
1269 4661 1465 4716 relicti.

228 4752 324 4803 Ast
352 4749 447 4803 ubi
474 4750 586 4817 jam
612 4749 834 4804 rediens
863 4750 1024 4804 terris
1054 4765 1248 4805 aurora
1279 4750 1520 4821 virisque

228 4842 514 4912 Purpureo
535 4841 686 4896 vehit
708 4856 804 4897 ore
833 4841 1003 4909 diem,
1037 4857 1377 4916 cognoscere
1402 4840 1605 4896 factum

232 4932 486 4988 Praesidis
516 4933 751 5006 ingressi
782 4940 1029 4988 sanctam
1062 4934 1325 4988 invenere
1345 4933 1577 4988 ministri

235 5026 535 5079 lnstantem
568 5024 850 5095 precibus,
882 5031 1080 5081 stratos
1111 5032 1170 5079 ut
1199 5034 1372 5080 morte
1413 5024 1664 5094 petulcos
1694 5041 1708 5090 ;

234 5115 485 5184 Dumque
516 5129 657 5184 opus
682 5118 979 5169 wthereum
1012 5115 1275 5169 mirantes
1304 5113 1548 5184 undique
1566 5112 1724 5168 mulli

234 5204 424 5259 Visere
448 5214 802 5271 concurrunt,
831 5221 1035 5275 praeses
1060 5204 1220 5272 jubet
1260 5212 1385 5258 ante
1402 5203 1643 5257 tribunal

232 5296 522 5353 Victricem
550 5296 750 5369 subigi,
783 5296 1028 5368 ferrique
1058 5303 1288 5368 stupore
1310 5296 1560 5364 jacentes
1598 5313 1611 5357 ;

235 5392 383 5454 Quos
409 5388 552 5443 votis
578 5387 760 5462 tetigit
790 5386 1152 5442 mandansita
1180 5386 1334 5457 virgo
1361 5384 1605 5455 profusis
1632 5402 1645 5437 :

240 5480 509 5554 «Surgite,
540 5488 594 5535 et
628 5480 684 5533 in
717 5479 913 5534 Christi
936 5478 1219 5534 consistite
1242 5478 1465 5531 nomine
1493 5476 1651 5531 recti.
1681 5498 1700 5525 υ

233 5576 507 5637 Actutum,
541 5571 692 5626 velut
720 5586 949 5625 excusso
974 5569 1244 5640 pulsoque
1272 5582 1494 5637 sopore,

235 5665 547 5721 Incolumes
569 5670 805 5736 surgunt
832 5661 1179 5731 pedibusque
1209 5658 1460 5712 insistere
1491 5657 1754 5732 gaudent.

234 5754 520 5827 Cognitor,
543 5759 605 5807 ut
634 5749 855 5815 mulier,
896 5747 1115 5819 rogitat,
1155 5745 1446 5800 mutaverit
1483 5745 1628 5813 illos,

1940 3201 2196 3257 Amentes
2221 3203 2454 3269 dederit,
2477 3205 2677 3259 virtute
2710 3203 2993 3259 resolverit
3025 3210 3163 3265 acta,

1941 3290 2023 3343 Illi
2058 3308 2070 3344 :
2101 3316 2125 3337 ‹‹
2154 3290 2245 3345 Sol
2264 3292 2411 3345 velut
2441 3294 2725 3363 ingressus
2769 3292 3114 3361 resplenduit
3143 3291 3270 3353 alte,

1942 3381 2503 3451 Prazccllensjuvenis
2534 3384 2704 3437 mirus
2734 3399 2967 3454 visuque
2999 3383 3255 3448 decorus,

1943 3474 2052 3527 Nos
2081 3474 2223 3527 inter
2252 3474 2345 3544 qui
2369 3490 2429 3527 se
2451 3474 2723 3541 objiciens
2752 3476 3025 3546 istamque
3058 3474 3319 3544 puellam,

1944 3562 2169 3617 Defectu
2202 3562 2413 3636 fulgore
2434 3578 2533 3617 suo
2562 3580 2662 3618 nos
2686 3572 2854 3635 atque
2876 3574 3115 3619 tremore

1944 3652 2246 3708 Concussit.
2280 3678 2301 3700 ι»
2320 3651 2508 3705 ‘Judex
2540 3652 2771 3707 furiatus
2800 3655 3039 3708 subdere
3068 3654 3210 3707 divis

1942 3741 2202 3811 Praecipit
2239 3742 2379 3796 hanc
2408 3741 2677 3807 animum,
2709 3743 2860 3812 quod
2893 3750 3017 3817 agat
3045 3743 3170 3805 nisi,
3204 3742 3310 3796 fata
3325 3743 3564 3796 minatur

1942 3832 2134 3886 Patris.
2170 3832 2232 3886 At
2255 3832 2346 3886 illa
2379 3849 2391 3884 :
2427 3851 2450 3881 α
2479 3830 2576 3886 Tui
2611 3832 2825 3886 Satanze
2858 3850 3142 3905 nunquam
3171 3832 3559 3903 impleojussa,

1943 3922 2140 3978 Christi
2168 3923 2446 3994 praecipuo
2468 3938 2589 3994 quae
2603 3923 2827 3977 nomine
2851 3922 2982 3978 fulta
3003 3924 3227 3978 resulto.
3253 3947 3272 3973 ι

1945 4015 2247 4086 Lampades
2278 4016 2494 4071 invictae
2519 4015 2679 4084 jubet
2707 4023 3057 4085 apponantur
3079 4018 3342 4086 utrinque

1941 4108 2209 4162 Ardentes
2231 4108 2386 4162 lateri
2421 4125 2435 4174 ;
2470 4113 2918 4178 maturantesque
2951 4107 3188 4162 ministri

1945 4196 2093 4251 Pone
2123 4195 2346 4263 cadunt,
2380 4194 2500 4251 forti
2536 4195 2747 4249 rabiem
2774 4194 3034 4249 vincente
3069 4195 3275 4264 puella.

1943 4284 2301 4354 Attolensque
2324 4283 2523 4337 iterum
2552 4288 2734 4354 caput,
2767 4283 2881 4337 haec
2905 4282 3163 4337 exsibilat
3188 4284 3385 4358 anguis
3420 4301 3431 4337 :

1953 4393 1978 4423 α
1998 4372 2131 4427 Pare
2161 4373 2325 4439 clam,
2350 4373 2759 4439 biothanata,et
2791 4388 2970 4446 maga,
2996 4372 3214 4446 legibus
3246 4374 3423 4444 aequis

1946 4461 2196 4533 Effugere
2225 4471 2284 4518 ut
2320 4463 2503 4518 valeas
2531 4479 2723 4534 poenas
2753 4462 3057 4517 consultior
3087 4469 3249 4517 atras.
3290 4488 3313 4509 »ι

1950 4551 2045 4606 Illa
2079 4569 2137 4605 ;‹‹
2172 4552 2330 4607 Bioth
2362 4551 2753 4620 natosjreddit)
2783 4566 2879 4606 vos
2907 4566 3027 4605 esse
3062 4549 3358 4620 probatur,

1948 4642 2357 4716 Prtestigiisque
2391 4642 2598 4716 nigros,
2631 4643 2813 4697 vivum
2844 4657 3148 4712 verumque
3191 4641 3406 4707 negatis

1948 4731 2048 4796 Qui
2079 4731 2390 4796 Dominum,
2421 4730 2710 4802 larvasque
2741 4729 2976 4785 colendo
3007 4728 3257 4798 peribitis
3288 4728 3392 4798 ipsi

1951 4822 2229 4878 Hazrentes
2252 4837 2389 4896 ;ego
2414 4837 2673 4891 supremo
2704 4822 3048 4892 Dominoque
3067 4822 3287 4890 Deoque

1865 4892 1923 4960 D
1951 4913 2129 4970 Offero
2152 4913 2492 4980 sacriﬁcans,
2514 4930 2601 4968 me
2633 4930 2720 4968 me
2743 4914 3003 4988 dignetur
3031 4922 3092 4968 ut
3119 4913 3237 4983 ipse

1953 5006 2206 5072 Sumere,
2231 5002 2504 5075 peccatrix
2526 5004 2673 5070 licet,
2702 5011 2757 5059 at
2772 5019 2893 5057 sum
2919 5002 3149 5058 vernula
3174 4998 3395 5056 Christi.
3430 5018 3454 5047 ι)

1958 5097 2193 5153 Czeditur
2232 5098 2359 5152 hinc
2385 5097 2538 5151 duris
2566 5097 2791 5151 robusta
2817 5096 2969 5170 virgo
2993 5094 3230 5157 bacillis,

1960 5189 2415 5262 Ponderibusque
2445 5188 2737 5265 ﬂagellatis
2770 5189 2967 5243 humus
2996 5187 3240 5242 intremit
3266 5185 3413 5249 imis,

1958 5282 2021 5336 Et
2050 5284 2331 5352 pavefacta
2362 5283 2508 5353 piam
2542 5281 2806 5336 collidere
2835 5280 2989 5354 virga
3020 5280 3261 5351 puellam

1956 5371 2263 5444 Frangitur,
2293 5390 2355 5428 ac
2387 5373 2567 5428 valido
2592 5373 2779 5426 lumen
2806 5371 2943 5441 petit
2968 5370 3173 5440 impete
3204 5368 3308 5422 diri

1908 5504 1914 5509 ς
1956 5469 2229 5532 Praesidis,
2258 5476 2421 5539 atque
2452 5468 2636 5522 attrita
2672 5466 2823 5541 gravi
2857 5464 3066 5535 pupilla
3094 5464 3307 5529 dolore,

1955 5556 2169 5612 Caecum
2200 5558 2367 5612 corde
2393 5564 2547 5611 notat
2577 5557 2838 5610 restincto
2864 5553 3070 5608 lumine
3096 5553 3329 5609 luscum.

1957 5652 2050 5706 Ille
2074 5650 2263 5704 furens
2284 5651 2452 5704 cruda
2474 5651 2710 5721 demptae
2732 5650 2867 5706 facis
2887 5650 3086 5705 acriter
3115 5649 3215 5715 ira,

1959 5746 2098 5821 Lege
2127 5744 2277 5800 velut
2301 5743 2481 5812 posita
2502 5746 2757 5813 capitalis
2784 5752 2846 5802 ut
2864 5746 2999 5801 ultio
3021 5744 3198 5815 tollat,
