3970 6200
487 367 594 422 643
1228 360 1594 418 FLODOARDI
1635 361 1938 418 CANONlCl
1981 361 2310 418 REMENSIS
2351 363 2691 419 OPUSCULA
2733 363 3040 420 METRICA.
3743 371 3839 424 641

488 491 842 546 Temnentem
876 488 1041 542 dictat
1075 503 1328 558 proceres
1349 497 1402 542 et
1435 488 1656 559 publica
1677 490 1821 558 jura,
2127 493 2179 558 Α
2208 490 2508 562 Relliquias
2537 491 2764 562 capiens
2791 491 3038 562 pretioso
3061 505 3290 545 munere
3317 491 3625 547 claustrum

493 588 632 639 Dans
661 584 888 656 magicis
919 590 1125 652 patrata
1157 584 1247 637 Dei
1274 584 1472 638 virtute
1500 582 1713 658 figuris,
2207 581 2542 638 Condecorai
2574 583 2843 640 mausolei
2876 584 2983 638 sibi
3013 586 3115 640 rite
3149 586 3320 656 parati
3351 603 3365 646 ;

492 676 636 728 Hanc
655 689 842 727 rursus
873 679 1071 726 metam
1094 688 1222 727 mox
1245 673 1389 727 clara
1412 674 1618 729 Sabino
1651 682 1932 744 petentem
2205 671 2471 743 Huncque
2502 673 2846 744 interpositis
2866 674 3422 746 aliquotcomprensa
3465 675 3700 742 diebus,

489 762 1058 834 ProsequiturChristi
1087 761 1214 815 fidei
1239 761 1493 816 devincta
1515 778 1610 831 per
1643 764 1845 832 ipsam,
2201 759 2422 815 Sistitur
2442 761 2676 830 Elpidio,
2710 777 2907 816 censor
2937 762 3030 834 qui
3055 762 3142 817 his
3159 763 3304 818 hanc
3342 771 3499 838 rogat
3528 765 3680 820 orsis
3717 783 3731 818 :

489 855 586 909 Cui
618 871 820 925 praeses
853 872 864 907 :
901 883 911 897 ι
945 854 1082 918 Quid
1115 853 1435 923 dedecoras,
1469 857 1746 929 vilemque
1769 857 1957 912 fateris
2203 873 2232 902 α
2266 851 2416 908 Tunc
2445 853 2718 908 Valentini
2747 854 3026 925 quondam
3059 855 3323 926 praeclara
3349 855 3566 911 Sabina

494 947 601 1000 Hoc
633 953 802 1000 temet
823 961 930 1016 quo
959 944 1300 1001 Christicolis
1328 955 1659 1002 connectere
1693 949 1868 1014 cultu,
2206 944 2368 1013 Uxor,
2389 952 2442 1000 et
2475 945 2704 1000 illustris
2732 945 2915 1016 proles
2955 945 3183 1002 Herodis
3206 946 3428 1002 haberis
3461 947 3490 1001 ?
3516 969 3548 998 υ

491 1044 739 1116 Coniugii
776 1042 1116 1097 monimenta
1146 1039 1428 1108 decusque
1459 1037 1629 1091 oblita
1651 1045 1959 1106 parentum,
2205 1033 2307 1087 llla
2335 1051 2348 1087 :
2386 1059 2410 1080 ιι
2446 1033 2555 1105 Ego
2581 1049 2723 1099 sum,
2755 1040 2940 1107 grates
2980 1033 3193 1089 Christo
3223 1034 3531 1106 laudesque
3565 1036 3838 1120 rependo,

488 1135 912 1204 Aspernansque
939 1129 1075 1184 deos
1099 1142 1332 1199 quorum
1365 1135 1418 1179 te
1441 1125 1720 1180 incurrere
1747 1133 1930 1181 motus
2205 1124 2304 1188 Qui
2335 1125 2696 1197 peccatricem
2732 1141 2817 1179 me
2849 1125 3110 1180 sordibus
3146 1127 3292 1181 eruit
3322 1127 3479 1194 atris,

493 1225 693 1277 Ilorreo
721 1222 748 1274 ?
778 1221 916 1284 Quin
948 1233 1131 1273 remea
1162 1215 1525 1287 propriasque
1539 1222 1811 1270 revertere
1836 1217 1899 1270 ad
1933 1216 2101 1281 aedes,
2205 1217 2371 1270 Serva
2402 1216 2586 1270 nitens
2608 1216 2728 1284 ejus
2745 1214 2877 1269 dum
2905 1231 2994 1269 me
3024 1214 3291 1285 Seraphia
3315 1215 3515 1270 vinclis

488 1315 662 1381 Atque
695 1308 946 1378 relinque
975 1321 1187 1379 magam
1212 1321 1332 1376 quae
1365 1304 1568 1358 multos
1597 1304 1806 1360 artibus
1833 1306 1963 1359 atris
2205 1305 2449 1362 Absolvit
2480 1307 2774 1372 lemurum,
2811 1306 3102 1361 Dominum
3135 1305 3274 1360 dans
3308 1321 3544 1362 noscere
3566 1323 3785 1362 verum.
3812 1329 3835 1354 ι

490 1407 525 1456 A
560 1401 708 1456 cultu
733 1414 1022 1455 removens
1052 1397 1180 1451 fecit
1207 1397 1467 1451 secedere
1492 1397 1696 1451 divum.
1725 1417 1741 1444 ο
2207 1394 2371 1458 Queis
2392 1394 2505 1449 bile
2527 1394 2755 1448 incensa
2780 1393 3057 1448 sententia
3082 1393 3274 1462 judice
3300 1393 3470 1458 dicta,

492 1493 644 1546 Alma
665 1489 868 1543 Sabina
905 1506 916 1540 :
957 1510 973 1536 ι
1013 1486 1196 1553 Hujus,
1229 1501 1448 1555 pravam
1477 1501 1640 1556 quam
1670 1483 1805 1552 fare,
1839 1483 2034 1554 puellae
2208 1486 2494 1541 Praeteritis
2533 1501 2824 1557 procerum
2855 1485 3071 1556 probris
3096 1492 3422 1557 temptuque
3449 1485 3718 1554 deorum,

492 1580 716 1636 Artibus
740 1593 1002 1637 osuasus,
1037 1575 1202 1627 veluti
1235 1590 1353 1628 sum
1376 1590 1558 1637 suasa,
1590 1573 1820 1634 valeres,
2210 1577 2273 1631 Et
2292 1577 2428 1632 cadi
2455 1576 2640 1648 gladio
2665 1574 2822 1630 fortis
2851 1574 3073 1629 decreta
3101 1574 3324 1643 Sabina,

497 1671 664 1740 Impia
703 1683 1025 1739 spurcorum
1052 1665 1345 1720 simulacra
1373 1664 1604 1734 probare
1635 1664 1890 1718 deorum.
2211 1669 2455 1744 Egregiae
2474 1668 2632 1723 dotes
2651 1667 2825 1722 titulis
2857 1665 3136 1721 fiscalibus
3159 1667 3310 1733 addi,

496 1760 552 1813 Et
571 1775 754 1812 verum
789 1771 1059 1830 cognosse
1093 1756 1260 1810 Deum
1295 1755 1409 1827 qui,
1444 1753 1844 1824 prmmiajustis
2131 1808 2174 1830 ἢ
2212 1758 2376 1827 Cujus
2401 1758 2468 1813 ab
2500 1758 2727 1812 illustris
2747 1756 2926 1812 meriti
2955 1756 3442 1811 sublatalocantur

491 1849 723 1903 ZEterna}
756 1808 1002 1901 tribttjiens
1032 1844 1188 1908 lucis,
1221 1844 1312 1897 dat
1341 1844 1559 1897 Tartara
1591 1843 1789 1913 pravis.
1826 1861 1855 1890 ι)
2210 1847 2454 1902 Membra
2483 1847 2615 1901 viris
2646 1847 2767 1918 ipso
2795 1846 2904 1917 ξιαο
2935 1845 3259 1900 condiderat
3288 1844 3626 1899 veneranda}

495 1940 614 1992 Ilaec
643 1938 711 1991 ad
743 1936 910 1990 verba
932 1951 1130 1990 verens
1156 1949 1366 2004 praeses
1390 1933 1520 1987 sinit
1546 1932 1622 1986 ire
1655 1931 1936 1986 Sabinam.
2211 1937 2345 1994 ossa
2366 1952 2481 1992 suae
2512 1935 2722 1991 tumulo
2743 1933 2872 1989 ﬁdei
2905 1949 3216 2006 pugnaeque
3244 1933 3547 2008 magistra),

490 2029 729 2101 Virginis
757 2028 847 2082 illa
870 2029 972 2098 piae
997 2026 1161 2081 finem
1196 2027 1544 2097 palmamque
1579 2023 1843 2095 triumphi
2212 2032 2379 2086 Arcus
2403 2028 2669 2095 Faustini,
2694 2027 2847 2084 Jovis
2874 2043 3006 2082 area
3035 2026 3370 2082 Vindiciani.

495 2125 780 2197 Exsequiis
809 2124 1096 2179 celebrans
1126 2122 1308 2196 dignis
1331 2123 1592 2194 claroque
1624 2121 1824 2186 nitore,

1987 2219 2195 2275 CAPUT
2238 2219 2348 2275 Vll.

1609 2323 1687 2382 De
1712 2331 1922 2383 sancta
1956 2321 2186 2400 Sophia
2217 2329 2270 2382 et
2296 2320 2540 2397 ﬁliabus
2573 2320 2722 2396 ejus.

496 2467 786 2540 Virgineus
817 2467 984 2522 decor
1005 2466 1095 2522 hic
1126 2466 1268 2522 trino
1302 2466 1597 2537 splendore
1619 2482 1885 2523 coruscus
2226 2464 2377 2520 Tunc
2397 2464 2657 2529 Charitas,
2680 2461 2840 2533 Spes,
2868 2470 3030 2532 atque
3055 2460 3236 2526 Fides,
3255 2474 3380 2514 cum
3409 2467 3586 2513 matre
3610 2457 3822 2528 SOphia.

507 2557 745 2630 Martyrii
779 2557 1136 2614 meruitncxa
1166 2559 1346 2613 radice
1381 2572 1664 2624 coronam,

1979 2653 2186 2709 CAPUT
2233 2654 2371 2710 VIII.

1795 2753 1875 2813 De
1914 2763 2122 2815 sancto
2166 2752 2513 2813 Eustachio.

497 2899 688 2955 Fertur
713 2915 778 2954 eo
812 2898 1157 2967 Eustachius,
1190 2898 1446 2953 Placidus
1477 2899 1813 2972 cognomine
1836 2899 2039 2967 dictus,
2215 2895 2502 2962 Quomodo
2531 2893 2820 2966 quaesitus,
2854 2907 2964 2964 qua
2985 2898 3107 2962 post
3136 2890 3398 2965 indagine
3415 2891 3572 2944 visus

492 2988 733 3042 Turbine
763 3003 886 3041 cum
919 2987 1123 3057 genitis
1145 2989 1309 3040 Simul
1340 2987 1567 3060 Agapio,
1601 2987 1916 3058 Theopisto,
2216 2985 2418 3041 Militiae
2436 2984 2664 3054 antiquo
2695 2981 2770 3038 sit
2797 2988 3133 3037 restauratus
3150 2982 3347 3036 honori
3392 2998 3407 3046 ;

491 3081 688 3134 .luncta
716 3093 905 3144 uxore,
926 3078 1310 3149 triumphalem
1339 3079 1609 3134 meruisse
1640 3079 1899 3146 nitorem,
2216 3077 2480 3148 Repperit
2508 3082 2569 3130 ut
2589 3083 2747 3131 natos
2779 3075 3098 3146 sociamque
3111 3074 3362 3128 abiturus
3377 3073 3432 3127 in
3455 3073 3692 3136 hostem,

495 3173 732 3235 Quorum
765 3179 919 3226 actus
949 3171 1088 3225 mira
1113 3171 1320 3242 stupidi
1340 3172 1553 3227 ratione
1585 3173 1862 3247 leguntur.
2215 3167 2431 3240 Quique
2457 3167 2807 3239 triumphatis
2829 3167 3018 3222 reduci
3049 3167 3189 3222 redit
3215 3166 3470 3223 hostibus
3499 3179 3660 3226 ense,

498 3261 698 3314 Militiae
723 3261 981 3331 princeps
995 3267 1188 3330 captus
1213 3261 1341 3315 dum
1373 3262 1541 3337 figere
1560 3279 1782 3317 cervum
2145 3281 2195 3349 Ο
2219 3257 2704 3329 Contemnensque
2725 3258 2881 3322 deos,
2907 3254 3033 3311 fana
3059 3265 3384 3327 aspernatus
3405 3254 3579 3315 abire,

495 3349 734 3418 Appetit,
767 3348 1005 3403 utfuerit
1034 3349 1266 3405 Domino
1287 3358 1525 3406 venante
1553 3365 1870 3422 sequacem,
2157 3343 2193 3349 '
2216 3345 2471 3407 Traditus
2497 3353 2556 3399 ut
2581 3345 2760 3400 belvis
2788 3344 2924 3400 abiit
2953 3355 3248 3401 veneratus
3273 3344 3342 3399 ab
3376 3343 3534 3415 ipsis,

500 3437 564 3491 Ut
593 3437 719 3492 data
750 3437 1272 3507 perdideritterreni
1305 3454 1536 3494 munera
1561 3454 1785 3504 census,
2221 3434 2449 3490 Clausus
2470 3451 2594 3491 cum
2627 3437 2829 3509 genitis
2853 3444 3134 3509 nuptaque
3165 3435 3475 3490 Phalaridis
3516 3436 3643 3508 igne

500 3527 729 3597 Insuper
746 3542 996 3594 uxorem,
1030 3535 1320 3600 natosque,
1345 3537 1398 3583 et
1424 3545 1638 3600 pauper
1665 3529 1720 3583 in
1743 3527 1890 3601 agris
2224 3527 2290 3582 Ut
2316 3527 2480 3582 simul
2507 3536 2652 3584 astra
2683 3529 2817 3600 petit
2847 3536 3121 3585 tormento
3157 3529 3369 3583 illaesus
3409 3528 3609 3583 aheno.

501 3615 768 3672 Ruricolae
796 3616 1033 3672 ediderit
1062 3617 1229 3672 vitam
1268 3617 1523 3673 mercede
1555 3617 1806 3672 laborum
1832 3633 1847 3682 ;

2001 3713 2208 3769 CAPUT
2255 3713 2322 3768 IX

1667 3814 1747 3874 De
1772 3822 1978 3876 sancto
2008 3814 2358 3876 Eleutherio
2387 3823 2440 3875 et
2471 3815 2676 3877 Antia.

495 3950 644 4004 Tunc
677 3949 1024 4004 Eleutherius
1053 3947 1250 4002 virtute
1282 3954 1337 4003 et
1363 3947 1631 4021 sanguine
1661 3948 1863 4018 clarus,
2215 3948 2498 4004 Ferventis
2526 3949 2670 4021 pice,
2697 3950 2852 4022 pinu,
2885 3950 3008 4007 oleo
3032 3952 3327 4027 sartaginis
3347 3952 3526 4028 ignes,

501 4043 750 4096 Messana
778 4040 986 4095 celebri
1008 4040 1209 4112 praesul
1233 4039 1435 4111 pietate
1463 4041 1707 4114 regebat,
2214 4041 2500 4096 Craticula:
2528 4058 2733 4113 prunas
2763 4043 2990 4098 robusto
3019 4053 3241 4114 pectore
3269 4044 3457 4112 vincit,

500 4131 599 4194 Qui
624 4129 837 4186 fervore
861 4129 956 4183 Dei
988 4135 1252 4200 castoque
1284 4129 1486 4186 decore
1529 4138 1798 4186 venustus
2218 4133 2621 4206 Expositusque
2647 4135 2777 4190 feris
2802 4147 3027 4208 superat
3049 4138 3253 4208 pietate
3283 4139 3495 4195 leones.

502 4221 794 4293 Captantes
823 4221 996 4276 ubise
1013 4229 1240 4292 captans
1269 4222 1361 4277 dat
1383 4223 1486 4276 sub
1508 4221 1644 4296 juga
1663 4221 1885 4276 Christi.
2219 4223 2309 4278 Sic
2337 4223 2579 4296 gladium
2608 4227 2801 4300 jugulo
2830 4228 3050 4298 rapiens
3077 4243 3201 4282 cum
3221 4235 3393 4284 matre
3426 4229 3651 4296 recedit,

506 4312 742 4386 Ignitum
766 4309 1019 4383 Chalybis
1044 4311 1268 4381 lectum,
1291 4327 1391 4383 pro
1423 4310 1586 4366 laude
1604 4309 1885 4382 Tonantis,
2223 4316 2514 4389 Antiaquaa
2542 4316 2670 4374 felix
2700 4319 2847 4376 felici
2873 4321 3104 4396 pignore
3125 4323 3348 4398 gaudet.

2001 4469 2210 4527 CAPUT
2255 4473 2320 4530 X.

1122 4574 1200 4634 De
1231 4575 1512 4654 apotogia
1545 4575 1844 4645 Quadrati
1871 4583 1924 4634 et
1953 4577 2264 4652 Aristidis,
2303 4589 2356 4640 et
2383 4584 2737 4645 remissione
2763 4587 3213 4662 persecutionis.

496 4710 634 4765 Dum
675 4709 950 4765 bacehans
981 4708 1183 4780 passim
1214 4723 1313 4778 per
1340 4723 1487 4772 rura,
1517 4722 1617 4777 per
1636 4706 1842 4777 oppida
1859 4706 1982 4760 talis
2129 4716 2181 4784 [)
2207 4710 2700 4786 Przesidiisetgraii
2739 4713 3813 4790 [cod.2granu[capienseonsultaSereni1

499 4805 559 4859 In
586 4814 808 4860 sanctos
835 4804 954 4860 vice
984 4808 1264 4876 grassatur
1290 4799 1553 4856 violentia
1584 4800 1746 4876 legis,
2216 4803 2292 4859 Re
2321 4820 2489 4876 super
2520 4805 2622 4860 hac
2637 4805 2824 4872 mites,
2849 4820 2960 4861 non
3001 4805 3320 4876 impellente
3341 4817 3518 4874 reatu,

495 4900 682 4956 Fontis
707 4899 997 4971 apostolici
1022 4896 1302 4953 restabant
1329 4896 1586 4968 dogmate
1615 4895 1772 4963 clari,
2216 4897 2567 4954 Christicolas
2586 4897 2810 4953 sceleris
2837 4897 3023 4970 puniri
3053 4899 3232 4953 cernit
3257 4897 3511 4970 iniquum
3538 4916 3552 4962 ;

496 4995 859 5070 lnsignesque
889 4994 1014 5062 viri,
1046 5007 1280 5065 quorum
1311 4991 1620 5056 Quadratus
1653 4990 1861 5057 herilis,
2216 4987 2471 5044 Damnari
2501 4987 2750 5043 illicitum
2774 5004 3011 5044 censens
3037 4988 3161 5043 sine
3190 4987 3424 5043 crimine
3450 4997 3678 5053 nostros,

494 5083 723 5140 Effultus
755 5083 883 5139 fidei
913 5083 1167 5140 doctrina
1196 5087 1250 5137 et
1281 5080 1503 5136 flamine
1532 5089 1686 5137 vates
2214 5083 2336 5138 Mox
2374 5082 2491 5137 Iace
2512 5079 2710 5156 flagitii
2740 5079 2970 5137 furiatos
2996 5081 3148 5136 caede
3179 5090 3457 5152 repressat

493 5177 746 5244 Sidereo,
774 5175 1107 5248 scriptisque
1125 5175 1266 5230 viam
1286 5181 1599 5249 propugnat
1628 5181 1685 5229 et
1714 5187 1810 5229 ore
1844 5190 1859 5239 ;
2212 5171 2436 5226 Summa
2462 5170 2702 5237 Iudaeos,
2744 5170 2893 5225 ultus
2911 5185 3052 5242 quos
3083 5169 3478 5225 excruciabant

494 5271 709 5342 Quique
737 5271 1081 5345 apologetica
1112 5287 1212 5342 pro
1245 5269 1540 5343 relligione
1566 5270 1826 5324 volumen
2212 5263 2440 5320 Sanctos
2471 5262 2621 5334 quod
2650 5262 2784 5318 socii
2803 5261 2907 5317 sibi
2941 5277 3052 5318 non
3077 5261 3430 5317 traherentur
3459 5262 3513 5316 in
3545 5275 3684 5316 arma

493 5362 834 5436 Christigena
861 5363 1008 5418 serie
1040 5362 1343 5434 expediens
1368 5361 1601 5425 illustre,
1634 5360 1824 5433 vigore
2212 5355 2489 5410 Romanos
2512 5359 2702 5409 contra
2743 5371 2758 5418 ;
2791 5353 3125 5425 Solymaque
3151 5353 3251 5409 hos
3270 5363 3442 5418 arcet,
3484 5366 3703 5424 eamque

493 5455 548 5509 Id
583 5455 698 5509 veri
725 5455 934 5510 vallans
962 5454 1198 5510 Adriano
1216 5452 1415 5510 offerre
1440 5452 1662 5526 sategit.
2215 5443 2531 5499 Restituens
2558 5442 2727 5497 muris
2749 5443 2896 5498 cedit
2917 5441 3223 5503 cultoribus
3241 5441 3422 5507 almis,

487 5541 639 5596 Tunc
668 5558 809 5614 opus
824 5549 879 5598 et
899 5541 1176 5612 quoddam
1201 5542 1488 5615 egregium
1519 5540 1732 5596 ratione
1751 5552 1862 5610 nec
1909 5535 2109 5606 impar,
2215 5537 2278 5591 Et
2309 5543 2458 5609 patet
2489 5535 2577 5590 his
2600 5535 2791 5607 patriae
2821 5535 3034 5589 meritis
3071 5535 3191 5590 sine
3217 5549 3371 5590 more
3397 5541 3622 5591 vocatus

493 5632 767 5691 Praemissi
798 5636 1040 5692 aetherea
1069 5635 1330 5689 redolens
1356 5634 1615 5690 Aristidis
1645 5649 1800 5698 aura,
2215 5623 2529 5678 Priscorum
2559 5622 2761 5690 coniux
2789 5623 3054 5696 Augusta,
3074 5622 3290 5677 favente
3305 5632 3505 5678 Senatu
3540 5641 3552 5679 ε

493 5718 736 5787 Suscipit
759 5724 852 5777 hic
877 5721 1138 5790 princeps
1167 5729 1368 5777 nostrae
1394 5722 1498 5777 sub
1529 5721 1694 5778 laude
1723 5720 1880 5776 fidei.
2217 5718 2326 5774 Sed
2353 5718 2530 5776 victor
2557 5717 2719 5774 bellis
2750 5731 2866 5772 rem
2898 5717 3118 5790 legibus
3146 5717 3368 5773 ordinat
3396 5717 3594 5790 aequis.
