  <div class='ocr_page' id='page_1' title='image "/cluster/home/n/w/nwhite01/storage/ocr_20150623/134-135/uva.x000829784/908.png"; bbox 0 0 3970 6200; ppageno 0'>
   <div class='ocr_carea' id='block_1_1' title="bbox 241 372 2973 433">
    <p class='ocr_par' dir='ltr' id='par_1_1' title="bbox 241 372 2973 433">
     <span class='ocr_line' id='line_1_1' title="bbox 241 372 2973 433; baseline 0.001 -6"><span class='ocrx_word' id='word_1_1' title='bbox 241 373 350 427; x_wconf 70' lang='lat'><strong>645</strong></span> <span class='ocrx_word' id='word_1_2' title='bbox 544 398 549 401; x_wconf 63' lang='grc' dir='ltr'><em>ι</em></span> <span class='ocrx_word' id='word_1_3' title='bbox 862 372 945 427; x_wconf 84' lang='lat' dir='ltr'><strong>DE</strong></span> <span class='ocrx_word' id='word_1_4' title='bbox 987 372 1246 430; x_wconf 83' lang='lat' dir='ltr'><strong>CHRISTI</strong></span> <span class='ocrx_word' id='word_1_5' title='bbox 1286 374 1651 433; x_wconf 83' lang='lat' dir='ltr'><strong>TRIUMPHIS</strong></span> <span class='ocrx_word' id='word_1_6' title='bbox 1692 377 1863 433; x_wconf 84' lang='lat' dir='ltr'><strong>APUD</strong></span> <span class='ocrx_word' id='word_1_7' title='bbox 1906 375 2172 432; x_wconf 85' lang='lat' dir='ltr'><strong>ITALIAM</strong></span> <span class='ocrx_word' id='word_1_8' title='bbox 2213 377 2388 432; x_wconf 85' lang='lat' dir='ltr'><strong>LIBRI</strong></span> <span class='ocrx_word' id='word_1_9' title='bbox 2429 375 2559 432; x_wconf 83' lang='lat' dir='ltr'><strong>XIV.</strong></span> <span class='ocrx_word' id='word_1_10' title='bbox 2604 408 2671 417; x_wconf 92' lang='lat'><strong>—</strong></span> <span class='ocrx_word' id='word_1_11' title='bbox 2712 377 2815 431; x_wconf 86' lang='lat' dir='ltr'><strong>LIB</strong></span> <span class='ocrx_word' id='word_1_12' title='bbox 2884 378 2973 431; x_wconf 91' lang='lat' dir='ltr'><strong>III.</strong></span> 
     </span>
    </p>
   </div>
   <div class='ocr_carea' id='block_1_2' title="bbox 1734 533 2071 589">
    <p class='ocr_par' dir='ltr' id='par_1_2' title="bbox 1734 533 2071 589">
     <span class='ocr_line' id='line_1_2' title="bbox 1734 533 2071 589; baseline -0.003 0"><span class='ocrx_word' id='word_1_13' title='bbox 1734 533 1944 589; x_wconf 82' lang='lat' dir='ltr'>CAPUT</span> <span class='ocrx_word' id='word_1_14' title='bbox 1984 534 2071 588; x_wconf 84' lang='lat' dir='ltr'><strong>XI.</strong></span> 
     </span>
    </p>
   </div>
   <div class='ocr_carea' id='block_1_3' title="bbox 1423 636 2407 713">
    <p class='ocr_par' dir='ltr' id='par_1_3' title="bbox 1423 636 2407 713">
     <span class='ocr_line' id='line_1_3' title="bbox 1423 636 2407 713; baseline 0.002 -21"><span class='ocrx_word' id='word_1_15' title='bbox 1423 636 1496 693; x_wconf 81' lang='lat' dir='ltr'><strong>De</strong></span> <span class='ocrx_word' id='word_1_16' title='bbox 1533 636 1875 712; x_wconf 73' lang='lat' dir='ltr'><strong>Telesplzoro</strong></span> <span class='ocrx_word' id='word_1_17' title='bbox 1908 644 1958 694; x_wconf 82' lang='lat' dir='ltr'><strong>et</strong></span> <span class='ocrx_word' id='word_1_18' title='bbox 1994 637 2255 713; x_wconf 78' lang='lat' dir='ltr'><strong>Hiygino</strong></span> <span class='ocrx_word' id='word_1_19' title='bbox 2299 638 2407 695; x_wconf 88' lang='lat' dir='ltr'><strong>PP.</strong></span> 
     </span>
    </p>
   </div>
   <div class='ocr_carea' id='block_1_4' title="bbox 242 744 1653 817">
    <p class='ocr_par' dir='ltr' id='par_1_4' title="bbox 242 744 1653 817">
     <span class='ocr_line' id='line_1_4' title="bbox 242 744 1653 817; baseline 0 -16"><span class='ocrx_word' id='word_1_20' title='bbox 242 748 368 803; x_wconf 90' lang='lat' dir='ltr'><strong>Post</strong></span> <span class='ocrx_word' id='word_1_21' title='bbox 398 747 605 801; x_wconf 79' lang='lat' dir='ltr'><strong>Sixtum</strong></span> <span class='ocrx_word' id='word_1_22' title='bbox 639 745 825 799; x_wconf 71' lang='lat' dir='ltr'><strong>Roma:</strong></span> <span class='ocrx_word' id='word_1_23' title='bbox 849 744 1047 799; x_wconf 85' lang='lat' dir='ltr'><strong>solium</strong></span> <span class='ocrx_word' id='word_1_24' title='bbox 1078 745 1446 817; x_wconf 87' lang='lat' dir='ltr'><strong>Telesphorus</strong></span> <span class='ocrx_word' id='word_1_25' title='bbox 1476 754 1653 814; x_wconf 89' lang='lat' dir='ltr'><strong>ornat,</strong></span> 
     </span>
    </p>
   </div>
   <div class='ocr_carea' id='block_1_5' title="bbox 238 835 1431 907">
    <p class='ocr_par' dir='ltr' id='par_1_5' title="bbox 238 835 1431 907">
     <span class='ocr_line' id='line_1_5' title="bbox 238 835 1431 907; baseline 0 -16"><span class='ocrx_word' id='word_1_26' title='bbox 238 838 387 892; x_wconf 86' lang='lat' dir='ltr'><strong>Juris</strong></span> <span class='ocrx_word' id='word_1_27' title='bbox 412 835 701 907; x_wconf 79' lang='lat' dir='ltr'><strong>apostolici</strong></span> <span class='ocrx_word' id='word_1_28' title='bbox 735 835 981 889; x_wconf 90' lang='lat' dir='ltr'><strong>delectus</strong></span> <span class='ocrx_word' id='word_1_29' title='bbox 1010 844 1069 889; x_wconf 90' lang='lat' dir='ltr'><strong>ut</strong></span> <span class='ocrx_word' id='word_1_30' title='bbox 1100 837 1431 892; x_wconf 89' lang='lat' dir='ltr'><strong>anachoreta</strong></span> 
     </span>
    </p>
   </div>
   <div class='ocr_carea' id='block_1_6' title="bbox 240 925 1609 997">
    <p class='ocr_par' dir='ltr' id='par_1_6' title="bbox 240 925 1609 997">
     <span class='ocr_line' id='line_1_6' title="bbox 240 925 1609 997; baseline 0 -18"><span class='ocrx_word' id='word_1_31' title='bbox 240 926 499 997; x_wconf 78' lang='lat' dir='ltr'><strong>Angelica</strong></span> <span class='ocrx_word' id='word_1_32' title='bbox 524 925 757 996; x_wconf 90' lang='lat' dir='ltr'><strong>populos</strong></span> <span class='ocrx_word' id='word_1_33' title='bbox 770 941 933 995; x_wconf 91' lang='lat' dir='ltr'><strong>quam</strong></span> <span class='ocrx_word' id='word_1_34' title='bbox 966 934 1115 980; x_wconf 89' lang='lat' dir='ltr'><strong>vasta</strong></span> <span class='ocrx_word' id='word_1_35' title='bbox 1140 942 1237 997; x_wconf 91' lang='lat' dir='ltr'><strong>per</strong></span> <span class='ocrx_word' id='word_1_36' title='bbox 1265 935 1454 997; x_wconf 88' lang='lat' dir='ltr'><strong>egerat</strong></span> <span class='ocrx_word' id='word_1_37' title='bbox 1483 942 1609 979; x_wconf 89' lang='lat' dir='ltr'><strong>arva</strong></span> 
     </span>
    </p>
   </div>
   <div class='ocr_carea' id='block_1_7' title="bbox 241 1014 1440 1086">
    <p class='ocr_par' dir='ltr' id='par_1_7' title="bbox 241 1014 1440 1086">
     <span class='ocr_line' id='line_1_7' title="bbox 241 1014 1440 1086; baseline 0 -17"><span class='ocrx_word' id='word_1_38' title='bbox 241 1018 540 1070; x_wconf 86' lang='lat' dir='ltr'><strong>lnstrueret</strong></span> <span class='ocrx_word' id='word_1_39' title='bbox 565 1014 695 1081; x_wconf 89' lang='lat' dir='ltr'><strong>vita,</strong></span> <span class='ocrx_word' id='word_1_40' title='bbox 726 1014 897 1069; x_wconf 86' lang='lat' dir='ltr'><strong>sobrii</strong></span> <span class='ocrx_word' id='word_1_41' title='bbox 929 1017 1023 1086; x_wconf 88' lang='lat' dir='ltr'><strong>qui</strong></span> <span class='ocrx_word' id='word_1_42' title='bbox 1056 1017 1269 1070; x_wconf 89' lang='lat' dir='ltr'><strong>tradere</strong></span> <span class='ocrx_word' id='word_1_43' title='bbox 1310 1015 1440 1070; x_wconf 86' lang='lat' dir='ltr'>belli</span> 
     </span>
    </p>
   </div>
   <div class='ocr_carea' id='block_1_8' title="bbox 245 1103 1657 1175">
    <p class='ocr_par' dir='ltr' id='par_1_8' title="bbox 245 1103 1657 1175">
     <span class='ocr_line' id='line_1_8' title="bbox 245 1103 1657 1175; baseline -0.001 -17"><span class='ocrx_word' id='word_1_44' title='bbox 245 1107 610 1159; x_wconf 91' lang='lat' dir='ltr'><strong>Instrumenta</strong></span> <span class='ocrx_word' id='word_1_45' title='bbox 639 1103 770 1157; x_wconf 87' lang='lat' dir='ltr'><strong>viris</strong></span> <span class='ocrx_word' id='word_1_46' title='bbox 801 1103 1039 1167; x_wconf 77' lang='lat' dir='ltr'><strong>fervens,</strong></span> <span class='ocrx_word' id='word_1_47' title='bbox 1072 1105 1383 1175; x_wconf 63' lang='lat' dir='ltr'><strong>praecedere</strong></span> <span class='ocrx_word' id='word_1_48' title='bbox 1410 1117 1657 1160; x_wconf 87' lang='lat' dir='ltr'><strong>sanctum</strong></span> 
     </span>
    </p>
   </div>
   <div class='ocr_carea' id='block_1_9' title="bbox 241 1192 1569 1261">
    <p class='ocr_par' dir='ltr' id='par_1_9' title="bbox 241 1192 1569 1261">
     <span class='ocr_line' id='line_1_9' title="bbox 241 1192 1569 1261; baseline -0.002 -14"><span class='ocrx_word' id='word_1_49' title='bbox 241 1195 370 1257; x_wconf 68' lang='lat' dir='ltr'><strong>Qua:</strong></span> <span class='ocrx_word' id='word_1_50' title='bbox 400 1200 549 1247; x_wconf 92' lang='lat' dir='ltr'><strong>tenet</strong></span> <span class='ocrx_word' id='word_1_51' title='bbox 580 1192 823 1247; x_wconf 84' lang='lat' dir='ltr'><strong>Ecclesia</strong></span> <span class='ocrx_word' id='word_1_52' title='bbox 841 1193 1027 1248; x_wconf 86' lang='lat' dir='ltr'><strong>statuit</strong></span> <span class='ocrx_word' id='word_1_53' title='bbox 1058 1192 1285 1261; x_wconf 82' lang='lat' dir='ltr'><strong>jejunia,</strong></span> <span class='ocrx_word' id='word_1_54' title='bbox 1318 1193 1524 1247; x_wconf 79' lang='lat' dir='ltr'><strong>Pascha</strong></span> <span class='ocrx_word' id='word_1_55' title='bbox 1557 1210 1569 1244; x_wconf 93' lang='lat'>:</span> 
     </span>
    </p>
   </div>
   <div class='ocr_carea' id='block_1_10' title="bbox 244 1279 1365 1355">
    <p class='ocr_par' dir='ltr' id='par_1_10' title="bbox 244 1279 1365 1355">
     <span class='ocr_line' id='line_1_10' title="bbox 244 1279 1365 1355; baseline 0 -20"><span class='ocrx_word' id='word_1_56' title='bbox 244 1282 447 1335; x_wconf 80' lang='lat' dir='ltr'><strong>Natalis</strong></span> <span class='ocrx_word' id='word_1_57' title='bbox 476 1281 663 1355; x_wconf 83' lang='lat' dir='ltr'><strong>peragi</strong></span> <span class='ocrx_word' id='word_1_58' title='bbox 687 1279 879 1335; x_wconf 89' lang='lat' dir='ltr'><strong>Christi</strong></span> <span class='ocrx_word' id='word_1_59' title='bbox 898 1280 1153 1351; x_wconf 87' lang='lat' dir='ltr'><strong>mysteria</strong></span> <span class='ocrx_word' id='word_1_60' title='bbox 1186 1288 1365 1335; x_wconf 92' lang='lat' dir='ltr'><strong>nocte.</strong></span> 
     </span>
    </p>
   </div>
   <div class='ocr_carea' id='block_1_11' title="bbox 239 1374 1493 1445">
    <p class='ocr_par' dir='ltr' id='par_1_11' title="bbox 239 1374 1493 1445">
     <span class='ocr_line' id='line_1_11' title="bbox 239 1374 1493 1445; baseline 0.001 -18"><span class='ocrx_word' id='word_1_61' title='bbox 239 1374 421 1429; x_wconf 88' lang='lat' dir='ltr'><strong>Tertia</strong></span> <span class='ocrx_word' id='word_1_62' title='bbox 452 1390 554 1429; x_wconf 91' lang='lat' dir='ltr'><strong>nec</strong></span> <span class='ocrx_word' id='word_1_63' title='bbox 584 1382 783 1445; x_wconf 63' lang='lat' dir='ltr'><strong>preeter</strong></span> <span class='ocrx_word' id='word_1_64' title='bbox 815 1375 917 1429; x_wconf 88' lang='lat' dir='ltr'><strong>nisi</strong></span> <span class='ocrx_word' id='word_1_65' title='bbox 958 1375 1193 1430; x_wconf 88' lang='lat' dir='ltr'><strong>candeat</strong></span> <span class='ocrx_word' id='word_1_66' title='bbox 1223 1375 1357 1429; x_wconf 91' lang='lat' dir='ltr'><strong>hora</strong></span> <span class='ocrx_word' id='word_1_67' title='bbox 1385 1374 1493 1429; x_wconf 90' lang='lat' dir='ltr'><strong>diei</strong></span> 
     </span>
    </p>
   </div>
   <div class='ocr_carea' id='block_1_12' title="bbox 242 1462 1569 1536">
    <p class='ocr_par' dir='ltr' id='par_1_12' title="bbox 242 1462 1569 1536">
     <span class='ocr_line' id='line_1_12' title="bbox 242 1462 1569 1536; baseline 0.001 -20"><span class='ocrx_word' id='word_1_68' title='bbox 242 1468 357 1527; x_wconf 74' lang='lat' dir='ltr'><strong>Qua</strong></span> <span class='ocrx_word' id='word_1_69' title='bbox 381 1462 561 1517; x_wconf 92' lang='lat' dir='ltr'><strong>crucis</strong></span> <span class='ocrx_word' id='word_1_70' title='bbox 581 1464 855 1517; x_wconf 56' lang='lat' dir='ltr'><strong>aethereus</strong></span> <span class='ocrx_word' id='word_1_71' title='bbox 878 1463 1049 1517; x_wconf 83' lang='lat' dir='ltr'><strong>subiit</strong></span> <span class='ocrx_word' id='word_1_72' title='bbox 1080 1462 1343 1518; x_wconf 86' lang='lat' dir='ltr'><strong>miracula</strong></span> <span class='ocrx_word' id='word_1_73' title='bbox 1367 1463 1569 1536; x_wconf 84' lang='lat' dir='ltr'><strong>fulgor,</strong></span> 
     </span>
    </p>
   </div>
   <div class='ocr_carea' id='block_1_13' title="bbox 247 1556 1712 1629">
    <p class='ocr_par' dir='ltr' id='par_1_13' title="bbox 247 1556 1712 1629">
     <span class='ocr_line' id='line_1_13' title="bbox 247 1556 1712 1629; baseline 0.001 -20"><span class='ocrx_word' id='word_1_74' title='bbox 247 1557 489 1627; x_wconf 82' lang='lat' dir='ltr'><strong>Hymnus</strong></span> <span class='ocrx_word' id='word_1_75' title='bbox 514 1566 567 1610; x_wconf 93' lang='lat' dir='ltr'><strong>et</strong></span> <span class='ocrx_word' id='word_1_76' title='bbox 606 1556 886 1629; x_wconf 88' lang='lat' dir='ltr'><strong>angelicus</strong></span> <span class='ocrx_word' id='word_1_77' title='bbox 914 1564 1102 1611; x_wconf 91' lang='lat' dir='ltr'><strong>monet</strong></span> <span class='ocrx_word' id='word_1_78' title='bbox 1130 1558 1273 1611; x_wconf 89' lang='lat' dir='ltr'><strong>inter</strong></span> <span class='ocrx_word' id='word_1_79' title='bbox 1292 1573 1447 1613; x_wconf 87' lang='lat' dir='ltr'><strong>sacra</strong></span> <span class='ocrx_word' id='word_1_80' title='bbox 1470 1558 1712 1612; x_wconf 85' lang='lat' dir='ltr'><strong>resultet.</strong></span> 
     </span>
    </p>
   </div>
   <div class='ocr_carea' id='block_1_14' title="bbox 246 1651 1772 1724">
    <p class='ocr_par' dir='ltr' id='par_1_14' title="bbox 246 1651 1772 1724">
     <span class='ocr_line' id='line_1_14' title="bbox 246 1651 1772 1724; baseline 0.001 -21"><span class='ocrx_word' id='word_1_81' title='bbox 246 1652 381 1706; x_wconf 92' lang='lat' dir='ltr'><strong>Hinc</strong></span> <span class='ocrx_word' id='word_1_82' title='bbox 404 1658 604 1722; x_wconf 84' lang='lat' dir='ltr'><strong>martyr</strong></span> <span class='ocrx_word' id='word_1_83' title='bbox 631 1651 878 1706; x_wconf 88' lang='lat' dir='ltr'><strong>renitens</strong></span> <span class='ocrx_word' id='word_1_84' title='bbox 906 1652 1167 1724; x_wconf 89' lang='lat' dir='ltr'><strong>claroque</strong></span> <span class='ocrx_word' id='word_1_85' title='bbox 1196 1654 1253 1706; x_wconf 91' lang='lat' dir='ltr'><strong>in</strong></span> <span class='ocrx_word' id='word_1_86' title='bbox 1286 1651 1395 1707; x_wconf 84' lang='lat' dir='ltr'><strong>fine</strong></span> <span class='ocrx_word' id='word_1_87' title='bbox 1426 1652 1772 1722; x_wconf 85' lang='lat' dir='ltr'><strong>triumphans</strong></span> 
     </span>
    </p>
   </div>
   <div class='ocr_carea' id='block_1_15' title="bbox 243 1742 1698 1816">
    <p class='ocr_par' dir='ltr' id='par_1_15' title="bbox 243 1742 1698 1816">
     <span class='ocr_line' id='line_1_15' title="bbox 243 1742 1698 1816; baseline 0.001 -21"><span class='ocrx_word' id='word_1_88' title='bbox 243 1742 507 1797; x_wconf 82' lang='lat' dir='ltr'><strong>Conditur</strong></span> <span class='ocrx_word' id='word_1_89' title='bbox 533 1743 601 1797; x_wconf 91' lang='lat' dir='ltr'><strong>ad</strong></span> <span class='ocrx_word' id='word_1_90' title='bbox 632 1744 807 1798; x_wconf 90' lang='lat' dir='ltr'><strong>sancti</strong></span> <span class='ocrx_word' id='word_1_91' title='bbox 830 1756 1053 1800; x_wconf 89' lang='lat' dir='ltr'><strong>sanctus</strong></span> <span class='ocrx_word' id='word_1_92' title='bbox 1079 1760 1234 1799; x_wconf 88' lang='lat' dir='ltr'><strong>sacra</strong></span> <span class='ocrx_word' id='word_1_93' title='bbox 1266 1744 1502 1816; x_wconf 82' lang='lat' dir='ltr'><strong>pignora</strong></span> <span class='ocrx_word' id='word_1_94' title='bbox 1534 1744 1698 1798; x_wconf 91' lang='lat' dir='ltr'><strong>Petri.</strong></span> 
     </span>
    </p>
   </div>
   <div class='ocr_carea' id='block_1_16' title="bbox 1743 1858 2101 1914">
    <p class='ocr_par' dir='ltr' id='par_1_16' title="bbox 1743 1858 2101 1914">
     <span class='ocr_line' id='line_1_16' title="bbox 1743 1858 2101 1914; baseline -0.006 0"><span class='ocrx_word' id='word_1_95' title='bbox 1743 1858 1949 1914; x_wconf 80' lang='lat' dir='ltr'><strong>CAPUT</strong></span> <span class='ocrx_word' id='word_1_96' title='bbox 1990 1859 2101 1913; x_wconf 80' lang='lat' dir='ltr'><strong>XII.</strong></span> 
     </span>
    </p>
   </div>
   <div class='ocr_carea' id='block_1_17' title="bbox 1535 1961 2303 2023">
    <p class='ocr_par' dir='ltr' id='par_1_17' title="bbox 1535 1961 2303 2023">
     <span class='ocr_line' id='line_1_17' title="bbox 1535 1961 2303 2023; baseline -0.007 0"><span class='ocrx_word' id='word_1_97' title='bbox 1535 1964 1613 2023; x_wconf 88' lang='lat' dir='ltr'><strong>De</strong></span> <span class='ocrx_word' id='word_1_98' title='bbox 1655 1963 1881 2023; x_wconf 84' lang='lat' dir='ltr'><strong>Novato</strong></span> <span class='ocrx_word' id='word_1_99' title='bbox 1925 1971 1978 2021; x_wconf 87' lang='lat' dir='ltr'><strong>et</strong></span> <span class='ocrx_word' id='word_1_100' title='bbox 2026 1961 2303 2020; x_wconf 10' lang='lat' dir='ltr'><strong>Prudente.</strong></span> 
     </span>
    </p>
   </div>
   <div class='ocr_carea' id='block_1_18' title="bbox 253 2064 3294 2142">
    <p class='ocr_par' dir='ltr' id='par_1_18' title="bbox 253 2064 3294 2142">
     <span class='ocr_line' id='line_1_18' title="bbox 253 2064 3294 2142; baseline -0.001 -15"><span class='ocrx_word' id='word_1_101' title='bbox 253 2074 362 2129; x_wconf 92' lang='lat' dir='ltr'><strong>Hoc</strong></span> <span class='ocrx_word' id='word_1_102' title='bbox 384 2073 599 2127; x_wconf 87' lang='lat' dir='ltr'><strong>nituere</strong></span> <span class='ocrx_word' id='word_1_103' title='bbox 632 2071 732 2125; x_wconf 86' lang='lat' dir='ltr'><strong>viri</strong></span> <span class='ocrx_word' id='word_1_104' title='bbox 764 2070 969 2142; x_wconf 79' lang='lat' dir='ltr'><strong>egregii</strong></span> <span class='ocrx_word' id='word_1_105' title='bbox 995 2070 1097 2124; x_wconf 90' lang='lat' dir='ltr'><strong>sub</strong></span> <span class='ocrx_word' id='word_1_106' title='bbox 1140 2070 1375 2140; x_wconf 63' lang='lat' dir='ltr'><strong>praesule</strong></span> <span class='ocrx_word' id='word_1_107' title='bbox 1398 2070 1585 2140; x_wconf 90' lang='lat' dir='ltr'><strong>plures</strong></span> <span class='ocrx_word' id='word_1_108' title='bbox 1614 2076 1628 2122; x_wconf 73' lang='grc' dir='ltr'><strong><em>ξ</em></strong></span> <span class='ocrx_word' id='word_1_109' title='bbox 1895 2073 1945 2140; x_wconf 80' lang='grc' dir='ltr'>Β</span> <span class='ocrx_word' id='word_1_110' title='bbox 1968 2066 2285 2137; x_wconf 88' lang='lat' dir='ltr'><strong>Discipulus</strong></span> <span class='ocrx_word' id='word_1_111' title='bbox 2312 2064 2484 2131; x_wconf 88' lang='lat' dir='ltr'><strong>Pauli,</strong></span> <span class='ocrx_word' id='word_1_112' title='bbox 2516 2065 2732 2119; x_wconf 91' lang='lat' dir='ltr'><strong>titulum</strong></span> <span class='ocrx_word' id='word_1_113' title='bbox 2760 2065 2853 2137; x_wconf 90' lang='lat' dir='ltr'><strong>qui</strong></span> <span class='ocrx_word' id='word_1_114' title='bbox 2882 2066 3105 2121; x_wconf 91' lang='lat' dir='ltr'><strong>nomine</strong></span> <span class='ocrx_word' id='word_1_115' title='bbox 3122 2070 3294 2123; x_wconf 85' lang='lat' dir='ltr'><strong>sancti</strong></span> 
     </span>
    </p>
   </div>
   <div class='ocr_carea' id='block_1_19' title="bbox 252 2160 1725 2234">
    <p class='ocr_par' dir='ltr' id='par_1_19' title="bbox 252 2160 1725 2234">
     <span class='ocr_line' id='line_1_19' title="bbox 252 2160 1725 2234; baseline -0.004 -16"><span class='ocrx_word' id='word_1_116' title='bbox 252 2165 501 2234; x_wconf 87' lang='lat' dir='ltr'><strong>Namque</strong></span> <span class='ocrx_word' id='word_1_117' title='bbox 518 2168 797 2232; x_wconf 86' lang='lat' dir='ltr'><strong>superstes</strong></span> <span class='ocrx_word' id='word_1_118' title='bbox 827 2160 1007 2214; x_wconf 92' lang='lat' dir='ltr'><strong>adhuc</strong></span> <span class='ocrx_word' id='word_1_119' title='bbox 1030 2160 1263 2215; x_wconf 84' lang='lat' dir='ltr'><strong>ﬂorebat</strong></span> <span class='ocrx_word' id='word_1_120' title='bbox 1293 2161 1499 2215; x_wconf 88' lang='lat' dir='ltr'><strong>honore</strong></span> <span class='ocrx_word' id='word_1_121' title='bbox 1527 2160 1725 2213; x_wconf 89' lang='lat' dir='ltr'><strong>beatus</strong></span> 
     </span>
    </p>
   </div>
   <div class='ocr_carea' id='block_1_20' title="bbox 258 2248 1623 2322">
    <p class='ocr_par' dir='ltr' id='par_1_20' title="bbox 258 2248 1623 2322">
     <span class='ocr_line' id='line_1_20' title="bbox 258 2248 1623 2322; baseline -0.004 -16"><span class='ocrx_word' id='word_1_122' title='bbox 258 2269 268 2305; x_wconf 89' lang='lat' dir='ltr'><strong>l</strong></span> <span class='ocrx_word' id='word_1_123' title='bbox 300 2255 420 2307; x_wconf 91' lang='lat' dir='ltr'><strong>ucis</strong></span> <span class='ocrx_word' id='word_1_124' title='bbox 437 2251 753 2322; x_wconf 80' lang='lat' dir='ltr'><strong>apostolicae</strong></span> <span class='ocrx_word' id='word_1_125' title='bbox 786 2250 1005 2303; x_wconf 88' lang='lat' dir='ltr'><strong>radians</strong></span> <span class='ocrx_word' id='word_1_126' title='bbox 1034 2249 1331 2319; x_wconf 90' lang='lat' dir='ltr'><strong>splendore</strong></span> <span class='ocrx_word' id='word_1_127' title='bbox 1365 2248 1623 2314; x_wconf 84' lang='lat' dir='ltr'><strong>Novatus,</strong></span> 
     </span>
    </p>
   </div>
   <div class='ocr_carea' id='block_1_21' title="bbox 246 2340 1868 2413">
    <p class='ocr_par' dir='ltr' id='par_1_21' title="bbox 246 2340 1868 2413">
     <span class='ocr_line' id='line_1_21' title="bbox 246 2340 1868 2413; baseline -0.006 -12"><span class='ocrx_word' id='word_1_128' title='bbox 246 2345 521 2401; x_wconf 89' lang='lat' dir='ltr'><strong>Timothei</strong></span> <span class='ocrx_word' id='word_1_129' title='bbox 563 2344 751 2407; x_wconf 85' lang='lat' dir='ltr'><strong>frater,</strong></span> <span class='ocrx_word' id='word_1_130' title='bbox 786 2342 1000 2398; x_wconf 88' lang='lat' dir='ltr'><strong>Domini</strong></span> <span class='ocrx_word' id='word_1_131' title='bbox 1027 2358 1202 2412; x_wconf 92' lang='lat' dir='ltr'><strong>usque</strong></span> <span class='ocrx_word' id='word_1_132' title='bbox 1256 2357 1515 2413; x_wconf 89' lang='lat' dir='ltr'><strong>suprema</strong></span> <span class='ocrx_word' id='word_1_133' title='bbox 1566 2340 1868 2405; x_wconf 88' lang='lat' dir='ltr'><strong>minister;</strong></span> 
     </span>
    </p>
   </div>
   <div class='ocr_carea' id='block_1_22' title="bbox 251 2431 1658 2506">
    <p class='ocr_par' dir='ltr' id='par_1_22' title="bbox 251 2431 1658 2506">
     <span class='ocr_line' id='line_1_22' title="bbox 251 2431 1658 2506; baseline -0.005 -14"><span class='ocrx_word' id='word_1_134' title='bbox 251 2438 349 2492; x_wconf 88' lang='lat' dir='ltr'><strong>Ille</strong></span> <span class='ocrx_word' id='word_1_135' title='bbox 374 2438 593 2491; x_wconf 91' lang='lat' dir='ltr'><strong>Pudens</strong></span> <span class='ocrx_word' id='word_1_136' title='bbox 621 2436 784 2491; x_wconf 88' lang='lat' dir='ltr'><strong>etiam</strong></span> <span class='ocrx_word' id='word_1_137' title='bbox 818 2434 1149 2506; x_wconf 76' lang='lat' dir='ltr'><strong>cognomine</strong></span> <span class='ocrx_word' id='word_1_138' title='bbox 1180 2442 1237 2489; x_wconf 90' lang='lat' dir='ltr'><strong>et</strong></span> <span class='ocrx_word' id='word_1_139' title='bbox 1262 2448 1388 2488; x_wconf 88' lang='lat' dir='ltr'><strong>arce</strong></span> <span class='ocrx_word' id='word_1_140' title='bbox 1411 2431 1658 2503; x_wconf 89' lang='lat' dir='ltr'><strong>pudoris,</strong></span> 
     </span>
    </p>
   </div>
   <div class='ocr_carea' id='block_1_23' title="bbox 1734 2536 2122 2594">
    <p class='ocr_par' dir='ltr' id='par_1_23' title="bbox 1734 2536 2122 2594">
     <span class='ocr_line' id='line_1_23' title="bbox 1734 2536 2122 2594; baseline -0.008 0"><span class='ocrx_word' id='word_1_141' title='bbox 1734 2536 1942 2594; x_wconf 85' lang='lat' dir='ltr'><strong>CAPUT</strong></span> <span class='ocrx_word' id='word_1_142' title='bbox 1981 2536 2122 2592; x_wconf 85' lang='lat' dir='ltr'><strong>XIII.</strong></span> 
     </span>
    </p>
   </div>
   <div class='ocr_carea' id='block_1_24' title="bbox 1355 2635 2489 2705">
    <p class='ocr_par' dir='ltr' id='par_1_24' title="bbox 1355 2635 2489 2705">
     <span class='ocr_line' id='line_1_24' title="bbox 1355 2635 2489 2705; baseline -0.01 -1"><span class='ocrx_word' id='word_1_143' title='bbox 1355 2646 1433 2705; x_wconf 85' lang='lat' dir='ltr'><strong>De</strong></span> <span class='ocrx_word' id='word_1_144' title='bbox 1459 2645 1683 2703; x_wconf 81' lang='lat' dir='ltr'><strong>sanctis</strong></span> <span class='ocrx_word' id='word_1_145' title='bbox 1716 2640 1979 2702; x_wconf 73' lang='lat' dir='ltr'><strong>Pramede</strong></span> <span class='ocrx_word' id='word_1_146' title='bbox 2020 2648 2071 2699; x_wconf 88' lang='lat' dir='ltr'><strong>et</strong></span> <span class='ocrx_word' id='word_1_147' title='bbox 2109 2635 2489 2698; x_wconf 78' lang='lat' dir='ltr'><strong>Potentiana.</strong></span> 
     </span>
    </p>
   </div>
   <div class='ocr_carea' id='block_1_25' title="bbox 1978 2744 3301 2819">
    <p class='ocr_par' dir='ltr' id='par_1_25' title="bbox 1978 2744 3301 2819">
     <span class='ocr_line' id='line_1_25' title="bbox 1978 2744 3301 2819; baseline 0 -17"><span class='ocrx_word' id='word_1_148' title='bbox 1978 2747 2257 2819; x_wconf 90' lang='lat' dir='ltr'><strong>Sequique</strong></span> <span class='ocrx_word' id='word_1_149' title='bbox 2289 2744 2482 2799; x_wconf 90' lang='lat' dir='ltr'><strong>Christi</strong></span> <span class='ocrx_word' id='word_1_150' title='bbox 2512 2744 2566 2799; x_wconf 91' lang='lat' dir='ltr'><strong>in</strong></span> <span class='ocrx_word' id='word_1_151' title='bbox 2591 2744 2734 2800; x_wconf 90' lang='lat' dir='ltr'><strong>bella</strong></span> <span class='ocrx_word' id='word_1_152' title='bbox 2759 2745 2916 2819; x_wconf 84' lang='lat' dir='ltr'><strong>signa</strong></span> <span class='ocrx_word' id='word_1_153' title='bbox 2942 2746 3301 2817; x_wconf 90' lang='lat' dir='ltr'><strong>promptulos.</strong></span> 
     </span>
    </p>
   </div>
   <div class='ocr_carea' id='block_1_26' title="bbox 1978 2839 2923 2911">
    <p class='ocr_par' dir='ltr' id='par_1_26' title="bbox 1978 2839 2923 2911">
     <span class='ocr_line' id='line_1_26' title="bbox 1978 2839 2923 2911; baseline -0.002 -15"><span class='ocrx_word' id='word_1_154' title='bbox 1978 2842 2100 2896; x_wconf 82' lang='lat' dir='ltr'><strong>Istis</strong></span> <span class='ocrx_word' id='word_1_155' title='bbox 2126 2856 2346 2896; x_wconf 89' lang='lat' dir='ltr'><strong>sorores</strong></span> <span class='ocrx_word' id='word_1_156' title='bbox 2368 2840 2584 2911; x_wconf 65' lang='lat' dir='ltr'><strong>inclytae</strong></span> <span class='ocrx_word' id='word_1_157' title='bbox 2606 2839 2923 2905; x_wconf 87' lang='lat' dir='ltr'><strong>virtutibus,</strong></span> 
     </span>
    </p>
   </div>
   <div class='ocr_carea' id='block_1_27' title="bbox 1980 2929 3141 2999">
    <p class='ocr_par' dir='ltr' id='par_1_27' title="bbox 1980 2929 3141 2999">
     <span class='ocr_line' id='line_1_27' title="bbox 1980 2929 3141 2999; baseline -0.002 -15"><span class='ocrx_word' id='word_1_158' title='bbox 1980 2930 2107 2984; x_wconf 90' lang='lat' dir='ltr'><strong>Post</strong></span> <span class='ocrx_word' id='word_1_159' title='bbox 2138 2929 2309 2999; x_wconf 84' lang='lat' dir='ltr'><strong>patris</strong></span> <span class='ocrx_word' id='word_1_160' title='bbox 2339 2945 2448 2983; x_wconf 58' lang='lat' dir='ltr'><strong>aera</strong></span> <span class='ocrx_word' id='word_1_161' title='bbox 2466 2944 2767 2999; x_wconf 87' lang='lat' dir='ltr'><strong>pauperum</strong></span> <span class='ocrx_word' id='word_1_162' title='bbox 2795 2946 2899 2999; x_wconf 90' lang='lat' dir='ltr'><strong>per</strong></span> <span class='ocrx_word' id='word_1_163' title='bbox 2931 2929 3141 2983; x_wconf 80' lang='lat' dir='ltr'><strong>viscera</strong></span> 
     </span>
    </p>
   </div>
   <div class='ocr_carea' id='block_1_28' title="bbox 1977 3018 3115 3093">
    <p class='ocr_par' dir='ltr' id='par_1_28' title="bbox 1977 3018 3115 3093">
     <span class='ocr_line' id='line_1_28' title="bbox 1977 3018 3115 3093; baseline -0.001 -19"><span class='ocrx_word' id='word_1_164' title='bbox 1977 3019 2173 3074; x_wconf 90' lang='lat' dir='ltr'><strong>Christi</strong></span> <span class='ocrx_word' id='word_1_165' title='bbox 2206 3018 2409 3087; x_wconf 86' lang='lat' dir='ltr'><strong>refusa,</strong></span> <span class='ocrx_word' id='word_1_166' title='bbox 2451 3026 2574 3090; x_wconf 91' lang='lat' dir='ltr'><strong>post</strong></span> <span class='ocrx_word' id='word_1_167' title='bbox 2603 3035 2811 3093; x_wconf 84' lang='lat' dir='ltr'><strong>agones</strong></span> <span class='ocrx_word' id='word_1_168' title='bbox 2844 3018 3115 3089; x_wconf 90' lang='lat' dir='ltr'><strong>plurimos</strong></span> 
     </span>
    </p>
   </div>
   <div class='ocr_carea' id='block_1_29' title="bbox 1978 3110 3131 3180">
    <p class='ocr_par' dir='ltr' id='par_1_29' title="bbox 1978 3110 3131 3180">
     <span class='ocr_line' id='line_1_29' title="bbox 1978 3110 3131 3180; baseline -0.003 -14"><span class='ocrx_word' id='word_1_169' title='bbox 1978 3110 2187 3166; x_wconf 61' lang='lat' dir='ltr'><strong>Caelum</strong></span> <span class='ocrx_word' id='word_1_170' title='bbox 2219 3116 2415 3180; x_wconf 92' lang='lat' dir='ltr'><strong>petunt</strong></span> <span class='ocrx_word' id='word_1_171' title='bbox 2443 3126 2541 3180; x_wconf 92' lang='lat' dir='ltr'><strong>pro</strong></span> <span class='ocrx_word' id='word_1_172' title='bbox 2569 3110 2815 3165; x_wconf 87' lang='lat' dir='ltr'><strong>castitate</strong></span> <span class='ocrx_word' id='word_1_173' title='bbox 2837 3111 3131 3175; x_wconf 90' lang='lat' dir='ltr'><strong>exercitos,</strong></span> 
     </span>
    </p>
   </div>
   <div class='ocr_carea' id='block_1_30' title="bbox 1980 3200 2979 3271">
    <p class='ocr_par' dir='ltr' id='par_1_30' title="bbox 1980 3200 2979 3271">
     <span class='ocr_line' id='line_1_30' title="bbox 1980 3200 2979 3271; baseline -0.002 -16"><span class='ocrx_word' id='word_1_174' title='bbox 1980 3201 2057 3255; x_wconf 93' lang='lat' dir='ltr'><strong>Pii</strong></span> <span class='ocrx_word' id='word_1_175' title='bbox 2092 3200 2300 3255; x_wconf 86' lang='lat' dir='ltr'><strong>laboris</strong></span> <span class='ocrx_word' id='word_1_176' title='bbox 2327 3200 2686 3254; x_wconf 65' lang='lat' dir='ltr'><strong>munerandze</strong></span> <span class='ocrx_word' id='word_1_177' title='bbox 2717 3200 2979 3271; x_wconf 84' lang='lat' dir='ltr'><strong>praemiis,</strong></span> 
     </span>
    </p>
   </div>
   <div class='ocr_carea' id='block_1_31' title="bbox 1980 3290 3020 3346">
    <p class='ocr_par' dir='ltr' id='par_1_31' title="bbox 1980 3290 3020 3346">
     <span class='ocr_line' id='line_1_31' title="bbox 1980 3290 3020 3346; baseline 0 -1"><span class='ocrx_word' id='word_1_178' title='bbox 1980 3291 2306 3346; x_wconf 66' lang='lat' dir='ltr'><strong>Caameterio</strong></span> <span class='ocrx_word' id='word_1_179' title='bbox 2335 3290 2551 3345; x_wconf 81' lang='lat' dir='ltr'><strong>decorae</strong></span> <span class='ocrx_word' id='word_1_180' title='bbox 2585 3290 2847 3344; x_wconf 72' lang='lat' dir='ltr'><strong>Priscilla:</strong></span> <span class='ocrx_word' id='word_1_181' title='bbox 2870 3291 3020 3345; x_wconf 91' lang='lat' dir='ltr'><strong>edito</strong></span> 
     </span>
    </p>
   </div>
   <div class='ocr_carea' id='block_1_32' title="bbox 1978 3381 3063 3451">
    <p class='ocr_par' dir='ltr' id='par_1_32' title="bbox 1978 3381 3063 3451">
     <span class='ocr_line' id='line_1_32' title="bbox 1978 3381 3063 3451; baseline 0 -16"><span class='ocrx_word' id='word_1_182' title='bbox 1978 3383 2147 3437; x_wconf 91' lang='lat' dir='ltr'><strong>Secus</strong></span> <span class='ocrx_word' id='word_1_183' title='bbox 2178 3382 2446 3437; x_wconf 83' lang='lat' dir='ltr'><strong>Pudentis</strong></span> <span class='ocrx_word' id='word_1_184' title='bbox 2471 3396 2595 3435; x_wconf 88' lang='lat' dir='ltr'><strong>ossa</strong></span> <span class='ocrx_word' id='word_1_185' title='bbox 2612 3381 2781 3451; x_wconf 85' lang='lat' dir='ltr'><strong>patris</strong></span> <span class='ocrx_word' id='word_1_186' title='bbox 2804 3382 3063 3448; x_wconf 66' lang='lat' dir='ltr'><strong>condita),</strong></span> 
     </span>
    </p>
   </div>
   <div class='ocr_carea' id='block_1_33' title="bbox 1977 3471 3174 3545">
    <p class='ocr_par' dir='ltr' id='par_1_33' title="bbox 1977 3471 3174 3545">
     <span class='ocr_line' id='line_1_33' title="bbox 1977 3471 3174 3545; baseline 0.001 -17"><span class='ocrx_word' id='word_1_187' title='bbox 1977 3474 2271 3545; x_wconf 86' lang='lat' dir='ltr'><strong>Postquam</strong></span> <span class='ocrx_word' id='word_1_188' title='bbox 2302 3473 2520 3544; x_wconf 92' lang='lat' dir='ltr'><strong>piornm</strong></span> <span class='ocrx_word' id='word_1_189' title='bbox 2555 3471 2725 3526; x_wconf 92' lang='lat' dir='ltr'><strong>multa</strong></span> <span class='ocrx_word' id='word_1_190' title='bbox 2753 3472 2932 3527; x_wconf 88' lang='lat' dir='ltr'><strong>bustis</strong></span> <span class='ocrx_word' id='word_1_191' title='bbox 2954 3489 3174 3529; x_wconf 89' lang='lat' dir='ltr'><strong>comere</strong></span> 
     </span>
    </p>
   </div>
   <div class='ocr_carea' id='block_1_34' title="bbox 1977 3564 3027 3637">
    <p class='ocr_par' dir='ltr' id='par_1_34' title="bbox 1977 3564 3027 3637">
     <span class='ocr_line' id='line_1_34' title="bbox 1977 3564 3027 3637; baseline -0.002 -16"><span class='ocrx_word' id='word_1_192' title='bbox 1977 3566 2250 3622; x_wconf 90' lang='lat' dir='ltr'><strong>Studuere</strong></span> <span class='ocrx_word' id='word_1_193' title='bbox 2270 3565 2514 3619; x_wconf 91' lang='lat' dir='ltr'><strong>membra</strong></span> <span class='ocrx_word' id='word_1_194' title='bbox 2543 3564 2783 3637; x_wconf 87' lang='lat' dir='ltr'><strong>glorioso</strong></span> <span class='ocrx_word' id='word_1_195' title='bbox 2810 3564 3027 3619; x_wconf 89' lang='lat' dir='ltr'><strong>funere.</strong></span> 
     </span>
    </p>
   </div>
   <div class='ocr_carea' id='block_1_35' title="bbox 1979 3652 3222 3723">
    <p class='ocr_par' dir='ltr' id='par_1_35' title="bbox 1979 3652 3222 3723">
     <span class='ocr_line' id='line_1_35' title="bbox 1979 3652 3222 3723; baseline -0.001 -14"><span class='ocrx_word' id='word_1_196' title='bbox 1979 3656 2103 3711; x_wconf 67' lang='lat' dir='ltr'><strong>Haec</strong></span> <span class='ocrx_word' id='word_1_197' title='bbox 2132 3655 2275 3709; x_wconf 92' lang='lat' dir='ltr'><strong>inter</strong></span> <span class='ocrx_word' id='word_1_198' title='bbox 2289 3654 2492 3709; x_wconf 90' lang='lat' dir='ltr'><strong>almum</strong></span> <span class='ocrx_word' id='word_1_199' title='bbox 2510 3660 2801 3723; x_wconf 82' lang='lat' dir='ltr'><strong>martyrem</strong></span> <span class='ocrx_word' id='word_1_200' title='bbox 2834 3652 3222 3723; x_wconf 89' lang='lat' dir='ltr'><strong>Symmetrium</strong></span> 
     </span>
    </p>
   </div>
   <div class='ocr_carea' id='block_1_36' title="bbox 1983 3740 3097 3798">
    <p class='ocr_par' dir='ltr' id='par_1_36' title="bbox 1983 3740 3097 3798">
     <span class='ocr_line' id='line_1_36' title="bbox 1983 3740 3097 3798; baseline -0.004 0"><span class='ocrx_word' id='word_1_201' title='bbox 1983 3744 2110 3798; x_wconf 91' lang='lat' dir='ltr'><strong>Cum</strong></span> <span class='ocrx_word' id='word_1_202' title='bbox 2143 3744 2229 3797; x_wconf 91' lang='lat' dir='ltr'><strong>bis</strong></span> <span class='ocrx_word' id='word_1_203' title='bbox 2259 3744 2448 3798; x_wconf 91' lang='lat' dir='ltr'><strong>decem</strong></span> <span class='ocrx_word' id='word_1_204' title='bbox 2483 3741 2702 3797; x_wconf 91' lang='lat' dir='ltr'><strong>duobus</strong></span> <span class='ocrx_word' id='word_1_205' title='bbox 2733 3748 2787 3795; x_wconf 90' lang='lat' dir='ltr'><strong>et</strong></span> <span class='ocrx_word' id='word_1_206' title='bbox 2813 3740 3097 3796; x_wconf 87' lang='lat' dir='ltr'><strong>sodalibus</strong></span> 
     </span>
    </p>
   </div>
   <div class='ocr_carea' id='block_1_37' title="bbox 1986 3834 3027 3907">
    <p class='ocr_par' dir='ltr' id='par_1_37' title="bbox 1986 3834 3027 3907">
     <span class='ocr_line' id='line_1_37' title="bbox 1986 3834 3027 3907; baseline -0.004 -16"><span class='ocrx_word' id='word_1_207' title='bbox 1986 3836 2264 3891; x_wconf 68' lang='lat' dir='ltr'><strong>Praexedis</strong></span> <span class='ocrx_word' id='word_1_208' title='bbox 2294 3836 2438 3907; x_wconf 87' lang='lat' dir='ltr'><strong>aptis</strong></span> <span class='ocrx_word' id='word_1_209' title='bbox 2468 3843 2675 3891; x_wconf 89' lang='lat' dir='ltr'><strong>texerat</strong></span> <span class='ocrx_word' id='word_1_210' title='bbox 2704 3834 3027 3900; x_wconf 89' lang='lat' dir='ltr'><strong>mausoleis,</strong></span> 
     </span>
    </p>
   </div>
   <div class='ocr_carea' id='block_1_38' title="bbox 1992 3922 3007 3993">
    <p class='ocr_par' dir='ltr' id='par_1_38' title="bbox 1992 3922 3007 3993">
     <span class='ocr_line' id='line_1_38' title="bbox 1992 3922 3007 3993; baseline -0.004 -14"><span class='ocrx_word' id='word_1_211' title='bbox 1992 3924 2137 3989; x_wconf 83' lang='lat' dir='ltr'><strong>Quos</strong></span> <span class='ocrx_word' id='word_1_212' title='bbox 2167 3925 2346 3979; x_wconf 71' lang='lat' dir='ltr'><strong>Caesar</strong></span> <span class='ocrx_word' id='word_1_213' title='bbox 2369 3924 2640 3979; x_wconf 86' lang='lat' dir='ltr'><strong>Antonius</strong></span> <span class='ocrx_word' id='word_1_214' title='bbox 2672 3923 2823 3979; x_wconf 87' lang='lat' dir='ltr'><strong>ensis</strong></span> <span class='ocrx_word' id='word_1_215' title='bbox 2851 3922 3007 3993; x_wconf 90' lang='lat' dir='ltr'><strong>impii</strong></span> 
     </span>
    </p>
   </div>
   <div class='ocr_carea' id='block_1_39' title="bbox 1911 3992 3049 4073">
    <p class='ocr_par' dir='ltr' id='par_1_39' title="bbox 1911 3992 3049 4073">
     <span class='ocr_line' id='line_1_39' title="bbox 1911 3992 3049 4073; baseline -0.003 -2"><span class='ocrx_word' id='word_1_216' title='bbox 1911 3992 1961 4059; x_wconf 66' lang='grc' dir='ltr'><strong>ί)</strong></span> <span class='ocrx_word' id='word_1_217' title='bbox 1991 4016 2094 4071; x_wconf 88' lang='lat' dir='ltr'><strong>Pro</strong></span> <span class='ocrx_word' id='word_1_218' title='bbox 2116 4016 2279 4073; x_wconf 90' lang='lat' dir='ltr'><strong>laude</strong></span> <span class='ocrx_word' id='word_1_219' title='bbox 2306 4017 2505 4073; x_wconf 90' lang='lat' dir='ltr'><strong>Christi</strong></span> <span class='ocrx_word' id='word_1_220' title='bbox 2527 4017 2679 4072; x_wconf 57' lang='lat' dir='ltr'><strong>caede</strong></span> <span class='ocrx_word' id='word_1_221' title='bbox 2713 4015 2845 4071; x_wconf 88' lang='lat' dir='ltr'><strong>fecit</strong></span> <span class='ocrx_word' id='word_1_222' title='bbox 2870 3992 3049 4070; x_wconf 83' lang='lat' dir='ltr'><strong>obrui.</strong></span> 
     </span>
    </p>
   </div>
   <div class='ocr_carea' id='block_1_40' title="bbox 1746 4141 2133 4200">
    <p class='ocr_par' dir='ltr' id='par_1_40' title="bbox 1746 4141 2133 4200">
     <span class='ocr_line' id='line_1_40' title="bbox 1746 4141 2133 4200; baseline 0.01 -4"><span class='ocrx_word' id='word_1_223' title='bbox 1746 4141 1955 4198; x_wconf 85' lang='lat' dir='ltr'><strong>CAPUT</strong></span> <span class='ocrx_word' id='word_1_224' title='bbox 2003 4144 2133 4200; x_wconf 87' lang='lat' dir='ltr'><strong>XIV.</strong></span> 
     </span>
    </p>
   </div>
   <div class='ocr_carea' id='block_1_41' title="bbox 1231 4246 2631 4325">
    <p class='ocr_par' dir='ltr' id='par_1_41' title="bbox 1231 4246 2631 4325">
     <span class='ocr_line' id='line_1_41' title="bbox 1231 4246 2631 4325; baseline 0 -20"><span class='ocrx_word' id='word_1_225' title='bbox 1231 4246 1310 4306; x_wconf 86' lang='lat' dir='ltr'><strong>De</strong></span> <span class='ocrx_word' id='word_1_226' title='bbox 1341 4256 1547 4307; x_wconf 81' lang='lat' dir='ltr'><strong>sancto</strong></span> <span class='ocrx_word' id='word_1_227' title='bbox 1580 4246 1927 4306; x_wconf 72' lang='lat' dir='ltr'><strong>Alexandro</strong></span> <span class='ocrx_word' id='word_1_228' title='bbox 1965 4249 2231 4325; x_wconf 78' lang='lat' dir='ltr'><strong>episcopo</strong></span> <span class='ocrx_word' id='word_1_229' title='bbox 2262 4257 2315 4307; x_wconf 84' lang='lat' dir='ltr'><strong>et</strong></span> <span class='ocrx_word' id='word_1_230' title='bbox 2342 4257 2631 4324; x_wconf 79' lang='lat' dir='ltr'><strong>martyre.</strong></span> 
     </span>
    </p>
   </div>
   <div class='ocr_carea' id='block_1_42' title="bbox 1990 4361 3187 4430">
    <p class='ocr_par' dir='ltr' id='par_1_42' title="bbox 1990 4361 3187 4430">
     <span class='ocr_line' id='line_1_42' title="bbox 1990 4361 3187 4430; baseline -0.002 -15"><span class='ocrx_word' id='word_1_231' title='bbox 1990 4361 2084 4417; x_wconf 92' lang='lat' dir='ltr'><strong>Hic</strong></span> <span class='ocrx_word' id='word_1_232' title='bbox 2115 4362 2382 4417; x_wconf 88' lang='lat' dir='ltr'><strong>excitatus</strong></span> <span class='ocrx_word' id='word_1_233' title='bbox 2398 4377 2533 4417; x_wconf 89' lang='lat' dir='ltr'><strong>voce</strong></span> <span class='ocrx_word' id='word_1_234' title='bbox 2567 4362 2714 4417; x_wconf 89' lang='lat' dir='ltr'><strong>celsa</strong></span> <span class='ocrx_word' id='word_1_235' title='bbox 2742 4362 2862 4415; x_wconf 65' lang='lat' dir='ltr'><strong>haec</strong></span> <span class='ocrx_word' id='word_1_236' title='bbox 2895 4374 3187 4430; x_wconf 90' lang='lat' dir='ltr'><strong>promere:</strong></span> 
     </span>
    </p>
   </div>
   <div class='ocr_carea' id='block_1_43' title="bbox 1993 4445 3233 4520">
    <p class='ocr_par' dir='ltr' id='par_1_43' title="bbox 1993 4445 3233 4520">
     <span class='ocr_line' id='line_1_43' title="bbox 1993 4445 3233 4520; baseline -0.003 -17"><span class='ocrx_word' id='word_1_237' title='bbox 1993 4473 2010 4497; x_wconf 84' lang='grc' dir='ltr'>ι</span> <span class='ocrx_word' id='word_1_238' title='bbox 2056 4449 2275 4516; x_wconf 81' lang='lat' dir='ltr'><strong>Audite,</strong></span> <span class='ocrx_word' id='word_1_239' title='bbox 2308 4449 2497 4520; x_wconf 89' lang='lat' dir='ltr'><strong>coepit,</strong></span> <span class='ocrx_word' id='word_1_240' title='bbox 2539 4465 2637 4504; x_wconf 90' lang='lat' dir='ltr'><strong>vos</strong></span> <span class='ocrx_word' id='word_1_241' title='bbox 2668 4454 2945 4518; x_wconf 84' lang='lat' dir='ltr'><strong>parentes,</strong></span> <span class='ocrx_word' id='word_1_242' title='bbox 2978 4455 3034 4501; x_wconf 88' lang='lat' dir='ltr'><strong>et</strong></span> <span class='ocrx_word' id='word_1_243' title='bbox 3064 4445 3233 4501; x_wconf 91' lang='lat' dir='ltr'><strong>simul</strong></span> 
     </span>
    </p>
   </div>
   <div class='ocr_carea' id='block_1_44' title="bbox 1986 4536 3112 4594">
    <p class='ocr_par' dir='ltr' id='par_1_44' title="bbox 1986 4536 3112 4594">
     <span class='ocr_line' id='line_1_44' title="bbox 1986 4536 3112 4594; baseline -0.003 -2"><span class='ocrx_word' id='word_1_244' title='bbox 1986 4538 2150 4594; x_wconf 89' lang='lat' dir='ltr'><strong>Plebs</strong></span> <span class='ocrx_word' id='word_1_245' title='bbox 2176 4539 2437 4592; x_wconf 89' lang='lat' dir='ltr'><strong>universa</strong></span> <span class='ocrx_word' id='word_1_246' title='bbox 2461 4557 2477 4592; x_wconf 89' lang='lat'><strong><em>:</em></strong></span> <span class='ocrx_word' id='word_1_247' title='bbox 2521 4538 2725 4593; x_wconf 89' lang='lat' dir='ltr'><strong>ductus</strong></span> <span class='ocrx_word' id='word_1_248' title='bbox 2752 4554 2783 4591; x_wconf 88' lang='lat' dir='ltr'><strong>a</strong></span> <span class='ocrx_word' id='word_1_249' title='bbox 2811 4536 3112 4591; x_wconf 90' lang='lat' dir='ltr'><strong>teterrimis</strong></span> 
     </span>
    </p>
   </div>
   <div class='ocr_carea' id='block_1_45' title="bbox 1986 4628 2908 4703">
    <p class='ocr_par' dir='ltr' id='par_1_45' title="bbox 1986 4628 2908 4703">
     <span class='ocr_line' id='line_1_45' title="bbox 1986 4628 2908 4703; baseline -0.003 -18"><span class='ocrx_word' id='word_1_250' title='bbox 1986 4629 2213 4686; x_wconf 88' lang='lat' dir='ltr'><strong>Duobus</strong></span> <span class='ocrx_word' id='word_1_251' title='bbox 2241 4645 2337 4685; x_wconf 90' lang='lat' dir='ltr'><strong>ora</strong></span> <span class='ocrx_word' id='word_1_252' title='bbox 2364 4628 2601 4685; x_wconf 90' lang='lat' dir='ltr'><strong>turbidis</strong></span> <span class='ocrx_word' id='word_1_253' title='bbox 2622 4628 2908 4703; x_wconf 67' lang='lat' dir='ltr'><strong>IEgyptiis.</strong></span> 
     </span>
    </p>
   </div>
   <div class='ocr_carea' id='block_1_46' title="bbox 1986 4716 3233 4791">
    <p class='ocr_par' dir='ltr' id='par_1_46' title="bbox 1986 4716 3233 4791">
     <span class='ocr_line' id='line_1_46' title="bbox 1986 4716 3233 4791; baseline -0.004 -16"><span class='ocrx_word' id='word_1_254' title='bbox 1986 4719 2252 4791; x_wconf 89' lang='lat' dir='ltr'><strong>Pnteique</strong></span> <span class='ocrx_word' id='word_1_255' title='bbox 2278 4719 2483 4773; x_wconf 90' lang='lat' dir='ltr'><strong>missus</strong></span> <span class='ocrx_word' id='word_1_256' title='bbox 2510 4736 2630 4774; x_wconf 85' lang='lat' dir='ltr'><strong>sum</strong></span> <span class='ocrx_word' id='word_1_257' title='bbox 2661 4719 2781 4774; x_wconf 93' lang='lat' dir='ltr'><strong>loco</strong></span> <span class='ocrx_word' id='word_1_258' title='bbox 2808 4716 3195 4774; x_wconf 89' lang='lat' dir='ltr'><strong>obscurissimi</strong></span> <span class='ocrx_word' id='word_1_259' title='bbox 3219 4733 3233 4780; x_wconf 93' lang='lat'><strong>;</strong></span> 
     </span>
    </p>
   </div>
   <div class='ocr_carea' id='block_1_47' title="bbox 1986 4802 3244 4882">
    <p class='ocr_par' dir='ltr' id='par_1_47' title="bbox 1986 4802 3244 4882">
     <span class='ocr_line' id='line_1_47' title="bbox 1986 4802 3244 4882; baseline -0.003 -16"><span class='ocrx_word' id='word_1_260' title='bbox 1986 4802 2257 4866; x_wconf 80' lang='lat' dir='ltr'><strong>Veniente</strong></span> <span class='ocrx_word' id='word_1_261' title='bbox 2282 4810 2500 4882; x_wconf 89' lang='lat' dir='ltr'><strong>ephebo</strong></span> <span class='ocrx_word' id='word_1_262' title='bbox 2539 4811 2637 4865; x_wconf 92' lang='lat' dir='ltr'><strong>sed</strong></span> <span class='ocrx_word' id='word_1_263' title='bbox 2669 4818 2895 4881; x_wconf 87' lang='lat' dir='ltr'><strong>repente</strong></span> <span class='ocrx_word' id='word_1_264' title='bbox 2926 4808 3244 4880; x_wconf 89' lang='lat' dir='ltr'><strong>splendido,</strong></span> 
     </span>
    </p>
   </div>
   <div class='ocr_carea' id='block_1_48' title="bbox 1989 4905 3059 4976">
    <p class='ocr_par' dir='ltr' id='par_1_48' title="bbox 1989 4905 3059 4976">
     <span class='ocr_line' id='line_1_48' title="bbox 1989 4905 3059 4976; baseline -0.004 -14"><span class='ocrx_word' id='word_1_265' title='bbox 1989 4907 2165 4962; x_wconf 89' lang='lat' dir='ltr'><strong>Locus</strong></span> <span class='ocrx_word' id='word_1_266' title='bbox 2188 4914 2427 4961; x_wconf 89' lang='lat' dir='ltr'><strong>tremore</strong></span> <span class='ocrx_word' id='word_1_267' title='bbox 2458 4914 2606 4961; x_wconf 90' lang='lat' dir='ltr'><strong>totus</strong></span> <span class='ocrx_word' id='word_1_268' title='bbox 2632 4906 2751 4976; x_wconf 90' lang='lat' dir='ltr'><strong>ipse</strong></span> <span class='ocrx_word' id='word_1_269' title='bbox 2784 4905 3059 4969; x_wconf 91' lang='lat' dir='ltr'><strong>tunditur,</strong></span> 
     </span>
    </p>
   </div>
   <div class='ocr_carea' id='block_1_49' title="bbox 1989 4992 3157 5067">
    <p class='ocr_par' dir='ltr' id='par_1_49' title="bbox 1989 4992 3157 5067">
     <span class='ocr_line' id='line_1_49' title="bbox 1989 4992 3157 5067; baseline -0.005 -16"><span class='ocrx_word' id='word_1_270' title='bbox 1989 4995 2306 5067; x_wconf 89' lang='lat' dir='ltr'><strong>Clamatque</strong></span> <span class='ocrx_word' id='word_1_271' title='bbox 2331 4993 2556 5063; x_wconf 87' lang='lat' dir='ltr'><strong>juvenis</strong></span> <span class='ocrx_word' id='word_1_272' title='bbox 2587 4993 2681 5048; x_wconf 90' lang='lat' dir='ltr'><strong>ille</strong></span> <span class='ocrx_word' id='word_1_273' title='bbox 2712 4992 3111 5065; x_wconf 87' lang='lat' dir='ltr'><strong>fulgidissimus</strong></span> <span class='ocrx_word' id='word_1_274' title='bbox 3144 5009 3157 5045; x_wconf 86' lang='lat'><strong>:</strong></span> 
     </span>
    </p>
   </div>
   <div class='ocr_carea' id='block_1_50' title="bbox 1995 5082 3249 5149">
    <p class='ocr_par' dir='ltr' id='par_1_50' title="bbox 1995 5082 3249 5149">
     <span class='ocr_line' id='line_1_50' title="bbox 1995 5082 3249 5149; baseline -0.001 -12"><span class='ocrx_word' id='word_1_275' title='bbox 1995 5110 2018 5137; x_wconf 73' lang='grc' dir='ltr'><strong><em>οι</em></strong></span> <span class='ocrx_word' id='word_1_276' title='bbox 2044 5089 2279 5143; x_wconf 89' lang='lat' dir='ltr'><strong>Puerum</strong></span> <span class='ocrx_word' id='word_1_277' title='bbox 2313 5086 2436 5141; x_wconf 88' lang='lat' dir='ltr'><strong>sine</strong></span> <span class='ocrx_word' id='word_1_278' title='bbox 2465 5086 2574 5141; x_wconf 90' lang='lat' dir='ltr'><strong>ulla</strong></span> <span class='ocrx_word' id='word_1_279' title='bbox 2612 5100 2739 5140; x_wconf 90' lang='lat' dir='ltr'><strong>mox</strong></span> <span class='ocrx_word' id='word_1_280' title='bbox 2779 5099 2935 5139; x_wconf 91' lang='lat' dir='ltr'><strong>mora</strong></span> <span class='ocrx_word' id='word_1_281' title='bbox 2965 5082 3249 5149; x_wconf 89' lang='lat' dir='ltr'><strong>remittite,</strong></span> 
     </span>
    </p>
   </div>
   <div class='ocr_carea' id='block_1_51' title="bbox 1992 5179 3334 5254">
    <p class='ocr_par' dir='ltr' id='par_1_51' title="bbox 1992 5179 3334 5254">
     <span class='ocr_line' id='line_1_51' title="bbox 1992 5179 3334 5254; baseline -0.008 -16"><span class='ocrx_word' id='word_1_282' title='bbox 1992 5184 2246 5238; x_wconf 86' lang='lat' dir='ltr'><strong>Famulus</strong></span> <span class='ocrx_word' id='word_1_283' title='bbox 2278 5182 2374 5237; x_wconf 90' lang='lat' dir='ltr'><strong>Dei</strong></span> <span class='ocrx_word' id='word_1_284' title='bbox 2403 5182 2551 5254; x_wconf 90' lang='lat' dir='ltr'><strong>quod</strong></span> <span class='ocrx_word' id='word_1_285' title='bbox 2579 5182 2727 5236; x_wconf 91' lang='lat' dir='ltr'><strong>hunc</strong></span> <span class='ocrx_word' id='word_1_286' title='bbox 2754 5179 3064 5234; x_wconf 87' lang='lat' dir='ltr'><strong>Alexander</strong></span> <span class='ocrx_word' id='word_1_287' title='bbox 3091 5184 3271 5233; x_wconf 89' lang='lat' dir='ltr'><strong>vocat.</strong></span> <span class='ocrx_word' id='word_1_288' title='bbox 3312 5196 3334 5227; x_wconf 78' lang='grc' dir='ltr'>ι</span> 
     </span>
    </p>
   </div>
   <div class='ocr_carea' id='block_1_52' title="bbox 1992 5270 3180 5343">
    <p class='ocr_par' dir='ltr' id='par_1_52' title="bbox 1992 5270 3180 5343">
     <span class='ocr_line' id='line_1_52' title="bbox 1992 5270 3180 5343; baseline -0.004 -14"><span class='ocrx_word' id='word_1_289' title='bbox 1992 5275 2055 5329; x_wconf 87' lang='lat' dir='ltr'><strong>Et</strong></span> <span class='ocrx_word' id='word_1_290' title='bbox 2087 5289 2156 5328; x_wconf 91' lang='lat' dir='ltr'><strong>en</strong></span> <span class='ocrx_word' id='word_1_291' title='bbox 2186 5273 2468 5343; x_wconf 90' lang='lat' dir='ltr'><strong>reductus,</strong></span> <span class='ocrx_word' id='word_1_292' title='bbox 2503 5272 2749 5337; x_wconf 88' lang='lat' dir='ltr'><strong>cernitis,</strong></span> <span class='ocrx_word' id='word_1_293' title='bbox 2792 5287 2912 5326; x_wconf 94' lang='lat' dir='ltr'><strong>sum</strong></span> <span class='ocrx_word' id='word_1_294' title='bbox 2944 5270 3180 5340; x_wconf 92' lang='lat' dir='ltr'><strong>corpori.</strong></span> 
     </span>
    </p>
   </div>
   <div class='ocr_carea' id='block_1_53' title="bbox 1993 5356 3315 5433">
    <p class='ocr_par' dir='ltr' id='par_1_53' title="bbox 1993 5356 3315 5433">
     <span class='ocr_line' id='line_1_53' title="bbox 1993 5356 3315 5433; baseline -0.007 -15"><span class='ocrx_word' id='word_1_295' title='bbox 1993 5365 2168 5429; x_wconf 90' lang='lat' dir='ltr'><strong>Nunc,</strong></span> <span class='ocrx_word' id='word_1_296' title='bbox 2200 5362 2446 5428; x_wconf 86' lang='lat' dir='ltr'><strong>domine,</strong></span> <span class='ocrx_word' id='word_1_297' title='bbox 2472 5362 2697 5433; x_wconf 84' lang='lat' dir='ltr'><strong>lympha</strong></span> <span class='ocrx_word' id='word_1_298' title='bbox 2717 5361 2867 5433; x_wconf 87' lang='lat' dir='ltr'><strong>tinge</strong></span> <span class='ocrx_word' id='word_1_299' title='bbox 2896 5358 3206 5413; x_wconf 84' lang='lat' dir='ltr'><strong>Alexander</strong></span> <span class='ocrx_word' id='word_1_300' title='bbox 3221 5356 3315 5428; x_wconf 90' lang='lat' dir='ltr'><strong>pia</strong></span> 
     </span>
    </p>
   </div>
   <div class='ocr_carea' id='block_1_54' title="bbox 1993 5446 3243 5522">
    <p class='ocr_par' dir='ltr' id='par_1_54' title="bbox 1993 5446 3243 5522">
     <span class='ocr_line' id='line_1_54' title="bbox 1993 5446 3243 5522; baseline -0.005 -15"><span class='ocrx_word' id='word_1_301' title='bbox 1993 5454 2098 5520; x_wconf 86' lang='lat' dir='ltr'><strong>Me,</strong></span> <span class='ocrx_word' id='word_1_302' title='bbox 2130 5466 2199 5505; x_wconf 87' lang='lat' dir='ltr'><strong>ne</strong></span> <span class='ocrx_word' id='word_1_303' title='bbox 2220 5451 2409 5505; x_wconf 88' lang='lat' dir='ltr'><strong>videre</strong></span> <span class='ocrx_word' id='word_1_304' title='bbox 2440 5452 2622 5519; x_wconf 89' lang='lat' dir='ltr'><strong>detur,</strong></span> <span class='ocrx_word' id='word_1_305' title='bbox 2654 5451 2784 5506; x_wconf 89' lang='lat' dir='ltr'><strong>huic</strong></span> <span class='ocrx_word' id='word_1_306' title='bbox 2813 5449 2962 5522; x_wconf 87' lang='lat' dir='ltr'><strong>quod</strong></span> <span class='ocrx_word' id='word_1_307' title='bbox 2993 5448 3099 5503; x_wconf 89' lang='lat' dir='ltr'><strong>hac</strong></span> <span class='ocrx_word' id='word_1_308' title='bbox 3128 5446 3243 5502; x_wconf 90' lang='lat' dir='ltr'><strong>die.</strong></span> 
     </span>
    </p>
   </div>
   <div class='ocr_carea' id='block_1_55' title="bbox 1993 5534 2972 5606">
    <p class='ocr_par' dir='ltr' id='par_1_55' title="bbox 1993 5534 2972 5606">
     <span class='ocr_line' id='line_1_55' title="bbox 1993 5534 2972 5606; baseline -0.002 -11"><span class='ocrx_word' id='word_1_309' title='bbox 1993 5541 2205 5595; x_wconf 90' lang='lat' dir='ltr'><strong>Nomen</strong></span> <span class='ocrx_word' id='word_1_310' title='bbox 2236 5539 2543 5593; x_wconf 88' lang='lat' dir='ltr'><strong>resuscitati</strong></span> <span class='ocrx_word' id='word_1_311' title='bbox 2565 5549 2683 5596; x_wconf 86' lang='lat' dir='ltr'><strong>erat</strong></span> <span class='ocrx_word' id='word_1_312' title='bbox 2719 5534 2972 5606; x_wconf 87' lang='lat' dir='ltr'><strong>Luceius,</strong></span> 
     </span>
    </p>
   </div>
   <div class='ocr_carea' id='block_1_56' title="bbox 1911 5604 3118 5704">
    <p class='ocr_par' dir='ltr' id='par_1_56' title="bbox 1911 5604 3118 5704">
     <span class='ocr_line' id='line_1_56' title="bbox 1911 5604 3118 5704; baseline -0.002 -18"><span class='ocrx_word' id='word_1_313' title='bbox 1911 5604 1966 5670; x_wconf 81' lang='lat' dir='ltr'>D</span> <span class='ocrx_word' id='word_1_314' title='bbox 1994 5631 2125 5686; x_wconf 92' lang='lat' dir='ltr'><strong>Cum</strong></span> <span class='ocrx_word' id='word_1_315' title='bbox 2156 5643 2267 5699; x_wconf 90' lang='lat' dir='ltr'><strong>quo</strong></span> <span class='ocrx_word' id='word_1_316' title='bbox 2287 5629 2485 5683; x_wconf 86' lang='lat' dir='ltr'><strong>sacrati</strong></span> <span class='ocrx_word' id='word_1_317' title='bbox 2507 5629 2657 5686; x_wconf 90' lang='lat' dir='ltr'><strong>fonte</strong></span> <span class='ocrx_word' id='word_1_318' title='bbox 2690 5631 2903 5704; x_wconf 77' lang='lat' dir='ltr'><strong>fulgent</strong></span> <span class='ocrx_word' id='word_1_319' title='bbox 2924 5604 3118 5686; x_wconf 88' lang='lat' dir='ltr'><strong>coelico</strong></span> 
     </span>
    </p>
   </div>
   <div class='ocr_carea' id='block_1_57' title="bbox 1994 5719 3246 5794">
    <p class='ocr_par' dir='ltr' id='par_1_57' title="bbox 1994 5719 3246 5794">
     <span class='ocr_line' id='line_1_57' title="bbox 1994 5719 3246 5794; baseline -0.002 -16"><span class='ocrx_word' id='word_1_320' title='bbox 1994 5721 2226 5778; x_wconf 89' lang='lat' dir='ltr'><strong>Centum</strong></span> <span class='ocrx_word' id='word_1_321' title='bbox 2254 5724 2311 5774; x_wconf 84' lang='lat' dir='ltr'><strong>et</strong></span> <span class='ocrx_word' id='word_1_322' title='bbox 2338 5725 2608 5789; x_wconf 86' lang='lat' dir='ltr'><strong>quaterna</strong></span> <span class='ocrx_word' id='word_1_323' title='bbox 2638 5722 2905 5794; x_wconf 81' lang='lat' dir='ltr'><strong>necphyti</strong></span> <span class='ocrx_word' id='word_1_324' title='bbox 2934 5719 3246 5793; x_wconf 91' lang='lat' dir='ltr'><strong>proportio.</strong></span> 
     </span>
    </p>
   </div>
   <div class='ocr_carea' id='block_1_58' title="bbox 1886 748 3324 822">
    <p class='ocr_par' dir='ltr' id='par_1_58' title="bbox 1886 748 3324 822">
     <span class='ocr_line' id='line_1_58' title="bbox 1886 748 3324 822; baseline -0.001 -17"><span class='ocrx_word' id='word_1_325' title='bbox 1886 754 1935 819; x_wconf 77' lang='grc' dir='ltr'><strong>Α</strong></span> <span class='ocrx_word' id='word_1_326' title='bbox 1962 750 2469 805; x_wconf 91' lang='lat' dir='ltr'><strong>Successorclerum</strong></span> <span class='ocrx_word' id='word_1_327' title='bbox 2499 748 2741 819; x_wconf 91' lang='lat' dir='ltr'><strong>disponit</strong></span> <span class='ocrx_word' id='word_1_328' title='bbox 2766 756 2820 803; x_wconf 91' lang='lat' dir='ltr'><strong>et</strong></span> <span class='ocrx_word' id='word_1_329' title='bbox 2844 755 3000 802; x_wconf 90' lang='lat' dir='ltr'><strong>ornat</strong></span> <span class='ocrx_word' id='word_1_330' title='bbox 3034 749 3276 822; x_wconf 82' lang='lat' dir='ltr'><strong>Hyginus</strong></span> <span class='ocrx_word' id='word_1_331' title='bbox 3310 769 3324 811; x_wconf 87' lang='lat'><strong>;</strong></span> 
     </span>
    </p>
   </div>
   <div class='ocr_carea' id='block_1_59' title="bbox 1960 928 3329 1002">
    <p class='ocr_par' dir='ltr' id='par_1_59' title="bbox 1960 928 3329 1002">
     <span class='ocr_line' id='line_1_59' title="bbox 1960 928 3329 1002; baseline -0.003 -15"><span class='ocrx_word' id='word_1_332' title='bbox 1960 932 2124 996; x_wconf 89' lang='lat' dir='ltr'><strong>Sede,</strong></span> <span class='ocrx_word' id='word_1_333' title='bbox 2155 930 2281 984; x_wconf 81' lang='lat' dir='ltr'><strong>Pius</strong></span> <span class='ocrx_word' id='word_1_334' title='bbox 2312 930 2421 983; x_wconf 90' lang='lat' dir='ltr'><strong>vita</strong></span> <span class='ocrx_word' id='word_1_335' title='bbox 2449 928 2652 983; x_wconf 90' lang='lat' dir='ltr'><strong>celebri</strong></span> <span class='ocrx_word' id='word_1_336' title='bbox 2686 944 2998 1002; x_wconf 89' lang='lat' dir='ltr'><strong>cognomen</strong></span> <span class='ocrx_word' id='word_1_337' title='bbox 3034 930 3329 995; x_wconf 91' lang='lat' dir='ltr'><strong>honorans,</strong></span> 
     </span>
    </p>
   </div>
   <div class='ocr_carea' id='block_1_60' title="bbox 1959 1018 3158 1088">
    <p class='ocr_par' dir='ltr' id='par_1_60' title="bbox 1959 1018 3158 1088">
     <span class='ocr_line' id='line_1_60' title="bbox 1959 1018 3158 1088; baseline -0.002 -14"><span class='ocrx_word' id='word_1_338' title='bbox 1959 1019 2197 1074; x_wconf 89' lang='lat' dir='ltr'><strong>Pastoris</strong></span> <span class='ocrx_word' id='word_1_339' title='bbox 2213 1018 2379 1071; x_wconf 85' lang='lat' dir='ltr'><strong>frater</strong></span> <span class='ocrx_word' id='word_1_340' title='bbox 2410 1018 2613 1087; x_wconf 85' lang='lat' dir='ltr'><strong>pietate</strong></span> <span class='ocrx_word' id='word_1_341' title='bbox 2642 1026 2869 1072; x_wconf 89' lang='lat' dir='ltr'><strong>ornatus</strong></span> <span class='ocrx_word' id='word_1_342' title='bbox 2902 1026 3158 1088; x_wconf 86' lang='lat' dir='ltr'><strong>uterque.</strong></span> 
     </span>
    </p>
   </div>
   <div class='ocr_carea' id='block_1_61' title="bbox 1961 1104 3289 1175">
    <p class='ocr_par' dir='ltr' id='par_1_61' title="bbox 1961 1104 3289 1175">
     <span class='ocr_line' id='line_1_61' title="bbox 1961 1104 3289 1175; baseline -0.001 -14"><span class='ocrx_word' id='word_1_343' title='bbox 1961 1108 2120 1162; x_wconf 88' lang='lat' dir='ltr'><strong>Istius</strong></span> <span class='ocrx_word' id='word_1_344' title='bbox 2158 1106 2258 1160; x_wconf 86' lang='lat' dir='ltr'><strong>sub</strong></span> <span class='ocrx_word' id='word_1_345' title='bbox 2277 1104 2559 1175; x_wconf 86' lang='lat' dir='ltr'><strong>episcOpio</strong></span> <span class='ocrx_word' id='word_1_346' title='bbox 2605 1105 2803 1158; x_wconf 90' lang='lat' dir='ltr'><strong>librum</strong></span> <span class='ocrx_word' id='word_1_347' title='bbox 2836 1105 3007 1158; x_wconf 89' lang='lat' dir='ltr'><strong>edidit</strong></span> <span class='ocrx_word' id='word_1_348' title='bbox 3044 1106 3289 1172; x_wconf 88' lang='lat' dir='ltr'><strong>Hermes,</strong></span> 
     </span>
    </p>
   </div>
   <div class='ocr_carea' id='block_1_62' title="bbox 1965 1650 3261 1723">
    <p class='ocr_par' dir='ltr' id='par_1_62' title="bbox 1965 1650 3261 1723">
     <span class='ocr_line' id='line_1_62' title="bbox 1965 1650 3261 1723; baseline 0.002 -19"><span class='ocrx_word' id='word_1_349' title='bbox 1965 1652 2121 1705; x_wconf 92' lang='lat' dir='ltr'><strong>Credi</strong></span> <span class='ocrx_word' id='word_1_350' title='bbox 2152 1651 2483 1722; x_wconf 84' lang='lat' dir='ltr'><strong>Hieronymo</strong></span> <span class='ocrx_word' id='word_1_351' title='bbox 2524 1650 2723 1723; x_wconf 89' lang='lat' dir='ltr'><strong>dignus</strong></span> <span class='ocrx_word' id='word_1_352' title='bbox 2754 1659 2987 1705; x_wconf 85' lang='lat' dir='ltr'><strong>testante</strong></span> <span class='ocrx_word' id='word_1_353' title='bbox 3020 1652 3261 1707; x_wconf 88' lang='lat' dir='ltr'><strong>libellus.</strong></span> 
     </span>
    </p>
   </div>
   <div class='ocr_carea' id='block_1_63' title="bbox 1974 2337 3319 2395">
    <p class='ocr_par' dir='ltr' id='par_1_63' title="bbox 1974 2337 3319 2395">
     <span class='ocr_line' id='line_1_63' title="bbox 1974 2337 3319 2395; baseline 0.001 -2"><span class='ocrx_word' id='word_1_354' title='bbox 1974 2339 2215 2394; x_wconf 91' lang='lat' dir='ltr'><strong>Insontis</strong></span> <span class='ocrx_word' id='word_1_355' title='bbox 2242 2337 2445 2394; x_wconf 62' lang='lat' dir='ltr'><strong>tunicae</strong></span> <span class='ocrx_word' id='word_1_356' title='bbox 2463 2340 2529 2392; x_wconf 89' lang='lat' dir='ltr'><strong>ad</strong></span> <span class='ocrx_word' id='word_1_357' title='bbox 2562 2337 2727 2392; x_wconf 83' lang='lat' dir='ltr'><strong>tinem</strong></span> <span class='ocrx_word' id='word_1_358' title='bbox 2750 2338 2986 2393; x_wconf 78' lang='lat' dir='ltr'><strong>servavit</strong></span> <span class='ocrx_word' id='word_1_359' title='bbox 3010 2340 3319 2395; x_wconf 82' lang='lat' dir='ltr'><strong>honestum.</strong></span> 
     </span>
    </p>
   </div>
   <div class='ocr_carea' id='block_1_64' title="bbox 261 2752 1327 2826">
    <p class='ocr_par' dir='ltr' id='par_1_64' title="bbox 261 2752 1327 2826">
     <span class='ocr_line' id='line_1_64' title="bbox 261 2752 1327 2826; baseline -0.006 -14"><span class='ocrx_word' id='word_1_360' title='bbox 261 2758 433 2826; x_wconf 88' lang='lat' dir='ltr'><strong>Hujus</strong></span> <span class='ocrx_word' id='word_1_361' title='bbox 454 2755 716 2811; x_wconf 88' lang='lat' dir='ltr'><strong>Pudentis</strong></span> <span class='ocrx_word' id='word_1_362' title='bbox 743 2753 1030 2809; x_wconf 89' lang='lat' dir='ltr'><strong>sanctitate</strong></span> <span class='ocrx_word' id='word_1_363' title='bbox 1058 2752 1327 2824; x_wconf 57' lang='lat' dir='ltr'><strong>prmclues</strong></span> 
     </span>
    </p>
   </div>
   <div class='ocr_carea' id='block_1_65' title="bbox 256 2839 1147 2908">
    <p class='ocr_par' dir='ltr' id='par_1_65' title="bbox 256 2839 1147 2908">
     <span class='ocr_line' id='line_1_65' title="bbox 256 2839 1147 2908; baseline -0.004 -10"><span class='ocrx_word' id='word_1_364' title='bbox 256 2844 519 2899; x_wconf 87' lang='lat' dir='ltr'><strong>Praxedis</strong></span> <span class='ocrx_word' id='word_1_365' title='bbox 549 2859 612 2897; x_wconf 89' lang='lat' dir='ltr'><strong>ac</strong></span> <span class='ocrx_word' id='word_1_366' title='bbox 645 2842 966 2897; x_wconf 89' lang='lat' dir='ltr'><strong>Potentiana</strong></span> <span class='ocrx_word' id='word_1_367' title='bbox 996 2839 1147 2908; x_wconf 70' lang='lat' dir='ltr'><strong>filiae,</strong></span> 
     </span>
    </p>
   </div>
   <div class='ocr_carea' id='block_1_66' title="bbox 257 2928 1384 2995">
    <p class='ocr_par' dir='ltr' id='par_1_66' title="bbox 257 2928 1384 2995">
     <span class='ocr_line' id='line_1_66' title="bbox 257 2928 1384 2995; baseline -0.004 -10"><span class='ocrx_word' id='word_1_368' title='bbox 257 2931 404 2995; x_wconf 83' lang='lat' dir='ltr'><strong>Quas</strong></span> <span class='ocrx_word' id='word_1_369' title='bbox 434 2931 553 2985; x_wconf 92' lang='lat' dir='ltr'><strong>luce</strong></span> <span class='ocrx_word' id='word_1_370' title='bbox 586 2929 745 2984; x_wconf 89' lang='lat' dir='ltr'><strong>Verbi</strong></span> <span class='ocrx_word' id='word_1_371' title='bbox 777 2936 830 2983; x_wconf 90' lang='lat' dir='ltr'><strong>et</strong></span> <span class='ocrx_word' id='word_1_372' title='bbox 859 2928 1120 2983; x_wconf 90' lang='lat' dir='ltr'><strong>castitatis</strong></span> <span class='ocrx_word' id='word_1_373' title='bbox 1141 2929 1384 2983; x_wconf 90' lang='lat' dir='ltr'><strong>educans</strong></span> 
     </span>
    </p>
   </div>
   <div class='ocr_carea' id='block_1_67' title="bbox 258 3022 1361 3097">
    <p class='ocr_par' dir='ltr' id='par_1_67' title="bbox 258 3022 1361 3097">
     <span class='ocr_line' id='line_1_67' title="bbox 258 3022 1361 3097; baseline -0.004 -18"><span class='ocrx_word' id='word_1_374' title='bbox 258 3024 478 3079; x_wconf 88' lang='lat' dir='ltr'><strong>Sorvire</strong></span> <span class='ocrx_word' id='word_1_375' title='bbox 510 3024 726 3083; x_wconf 88' lang='lat' dir='ltr'><strong>Christo</strong></span> <span class='ocrx_word' id='word_1_376' title='bbox 754 3023 1048 3077; x_wconf 86' lang='lat' dir='ltr'><strong>destinavit</strong></span> <span class='ocrx_word' id='word_1_377' title='bbox 1068 3022 1313 3097; x_wconf 85' lang='lat' dir='ltr'><strong>virgines</strong></span> <span class='ocrx_word' id='word_1_378' title='bbox 1347 3040 1361 3087; x_wconf 88' lang='lat'><strong>;</strong></span> 
     </span>
    </p>
   </div>
   <div class='ocr_carea' id='block_1_68' title="bbox 255 3109 1483 3182">
    <p class='ocr_par' dir='ltr' id='par_1_68' title="bbox 255 3109 1483 3182">
     <span class='ocr_line' id='line_1_68' title="bbox 255 3109 1483 3182; baseline -0.001 -18"><span class='ocrx_word' id='word_1_379' title='bbox 255 3112 388 3175; x_wconf 73' lang='lat' dir='ltr'><strong>Quae</strong></span> <span class='ocrx_word' id='word_1_380' title='bbox 419 3118 542 3182; x_wconf 90' lang='lat' dir='ltr'><strong>post</strong></span> <span class='ocrx_word' id='word_1_381' title='bbox 562 3111 806 3182; x_wconf 91' lang='lat' dir='ltr'><strong>parentis</strong></span> <span class='ocrx_word' id='word_1_382' title='bbox 835 3109 1170 3165; x_wconf 89' lang='lat' dir='ltr'><strong>excubantes</strong></span> <span class='ocrx_word' id='word_1_383' title='bbox 1196 3109 1483 3165; x_wconf 90' lang='lat' dir='ltr'><strong>transitum</strong></span> 
     </span>
    </p>
   </div>
   <div class='ocr_carea' id='block_1_69' title="bbox 258 3201 1122 3270">
    <p class='ocr_par' dir='ltr' id='par_1_69' title="bbox 258 3201 1122 3270">
     <span class='ocr_line' id='line_1_69' title="bbox 258 3201 1122 3270; baseline 0 -14"><span class='ocrx_word' id='word_1_384' title='bbox 258 3203 537 3269; x_wconf 88' lang='lat' dir='ltr'><strong>Oratione,</strong></span> <span class='ocrx_word' id='word_1_385' title='bbox 569 3203 844 3269; x_wconf 78' lang='lat' dir='ltr'><strong>laudibus,</strong></span> <span class='ocrx_word' id='word_1_386' title='bbox 871 3201 1122 3270; x_wconf 85' lang='lat' dir='ltr'><strong>jejuniis,</strong></span> 
     </span>
    </p>
   </div>
   <div class='ocr_carea' id='block_1_70' title="bbox 257 3291 1340 3368">
    <p class='ocr_par' dir='ltr' id='par_1_70' title="bbox 257 3291 1340 3368">
     <span class='ocr_line' id='line_1_70' title="bbox 257 3291 1340 3368; baseline -0.002 -21"><span class='ocrx_word' id='word_1_387' title='bbox 257 3295 435 3348; x_wconf 87' lang='lat' dir='ltr'><strong>Vitam</strong></span> <span class='ocrx_word' id='word_1_388' title='bbox 462 3294 722 3368; x_wconf 86' lang='lat' dir='ltr'><strong>benignis</strong></span> <span class='ocrx_word' id='word_1_389' title='bbox 752 3294 1077 3348; x_wconf 83' lang='lat' dir='ltr'><strong>excolebant</strong></span> <span class='ocrx_word' id='word_1_390' title='bbox 1106 3291 1340 3357; x_wconf 91' lang='lat' dir='ltr'><strong>actibus,</strong></span> 
     </span>
    </p>
   </div>
   <div class='ocr_carea' id='block_1_71' title="bbox 263 3381 1519 3455">
    <p class='ocr_par' dir='ltr' id='par_1_71' title="bbox 263 3381 1519 3455">
     <span class='ocr_line' id='line_1_71' title="bbox 263 3381 1519 3455; baseline -0.003 -18"><span class='ocrx_word' id='word_1_391' title='bbox 263 3383 434 3437; x_wconf 91' lang='lat' dir='ltr'><strong>Suum</strong></span> <span class='ocrx_word' id='word_1_392' title='bbox 475 3393 767 3455; x_wconf 86' lang='lat' dir='ltr'><strong>erOgantes</strong></span> <span class='ocrx_word' id='word_1_393' title='bbox 795 3398 958 3437; x_wconf 90' lang='lat' dir='ltr'><strong>omne</strong></span> <span class='ocrx_word' id='word_1_394' title='bbox 987 3381 1184 3435; x_wconf 91' lang='lat' dir='ltr'><strong>Christi</strong></span> <span class='ocrx_word' id='word_1_395' title='bbox 1216 3395 1519 3450; x_wconf 91' lang='lat' dir='ltr'><strong>pauperum</strong></span> 
     </span>
    </p>
   </div>
   <div class='ocr_carea' id='block_1_72' title="bbox 265 3471 1163 3542">
    <p class='ocr_par' dir='ltr' id='par_1_72' title="bbox 265 3471 1163 3542">
     <span class='ocr_line' id='line_1_72' title="bbox 265 3471 1163 3542; baseline -0.001 -17"><span class='ocrx_word' id='word_1_396' title='bbox 265 3472 325 3525; x_wconf 94' lang='lat' dir='ltr'><strong>In</strong></span> <span class='ocrx_word' id='word_1_397' title='bbox 348 3472 725 3526; x_wconf 90' lang='lat' dir='ltr'><strong>sublevatione</strong></span> <span class='ocrx_word' id='word_1_398' title='bbox 746 3471 1163 3542; x_wconf 89' lang='lat' dir='ltr'><strong>patrimonium.</strong></span> 
     </span>
    </p>
   </div>
   <div class='ocr_carea' id='block_1_73' title="bbox 262 3560 1290 3634">
    <p class='ocr_par' dir='ltr' id='par_1_73' title="bbox 262 3560 1290 3634">
     <span class='ocr_line' id='line_1_73' title="bbox 262 3560 1290 3634; baseline -0.004 -16"><span class='ocrx_word' id='word_1_399' title='bbox 262 3563 490 3618; x_wconf 86' lang='lat' dir='ltr'><strong>Fontem</strong></span> <span class='ocrx_word' id='word_1_400' title='bbox 530 3562 730 3617; x_wconf 90' lang='lat' dir='ltr'><strong>lavacri</strong></span> <span class='ocrx_word' id='word_1_401' title='bbox 762 3562 1028 3617; x_wconf 87' lang='lat' dir='ltr'><strong>fabricata</strong></span> <span class='ocrx_word' id='word_1_402' title='bbox 1059 3561 1115 3615; x_wconf 94' lang='lat' dir='ltr'><strong>in</strong></span> <span class='ocrx_word' id='word_1_403' title='bbox 1139 3560 1290 3634; x_wconf 84' lang='lat' dir='ltr'><strong>regia</strong></span> 
     </span>
    </p>
   </div>
   <div class='ocr_carea' id='block_1_74' title="bbox 261 3654 1195 3724">
    <p class='ocr_par' dir='ltr' id='par_1_74' title="bbox 261 3654 1195 3724">
     <span class='ocr_line' id='line_1_74' title="bbox 261 3654 1195 3724; baseline -0.001 -16"><span class='ocrx_word' id='word_1_404' title='bbox 261 3655 304 3708; x_wconf 91' lang='lat' dir='ltr'><strong>A</strong></span> <span class='ocrx_word' id='word_1_405' title='bbox 336 3660 487 3724; x_wconf 89' lang='lat' dir='ltr'><strong>patre</strong></span> <span class='ocrx_word' id='word_1_406' title='bbox 522 3655 762 3710; x_wconf 91' lang='lat' dir='ltr'><strong>Pastoris</strong></span> <span class='ocrx_word' id='word_1_407' title='bbox 791 3654 938 3709; x_wconf 89' lang='lat' dir='ltr'><strong>beati</strong></span> <span class='ocrx_word' id='word_1_408' title='bbox 971 3654 1195 3710; x_wconf 90' lang='lat' dir='ltr'><strong>nomine</strong></span> 
     </span>
    </p>
   </div>
   <div class='ocr_carea' id='block_1_75' title="bbox 264 3744 1483 3817">
    <p class='ocr_par' dir='ltr' id='par_1_75' title="bbox 264 3744 1483 3817">
     <span class='ocr_line' id='line_1_75' title="bbox 264 3744 1483 3817; baseline 0 -18"><span class='ocrx_word' id='word_1_409' title='bbox 264 3745 526 3801; x_wconf 90' lang='lat' dir='ltr'><strong>Struxere</strong></span> <span class='ocrx_word' id='word_1_410' title='bbox 553 3762 740 3801; x_wconf 90' lang='lat' dir='ltr'><strong>earum</strong></span> <span class='ocrx_word' id='word_1_411' title='bbox 771 3762 880 3817; x_wconf 84' lang='lat' dir='ltr'><strong>quo</strong></span> <span class='ocrx_word' id='word_1_412' title='bbox 920 3747 1160 3801; x_wconf 90' lang='lat' dir='ltr'><strong>niterent</strong></span> <span class='ocrx_word' id='word_1_413' title='bbox 1188 3744 1432 3800; x_wconf 67' lang='lat' dir='ltr'><strong>vernulae</strong></span> <span class='ocrx_word' id='word_1_414' title='bbox 1468 3762 1483 3810; x_wconf 89' lang='lat'><strong>;</strong></span> 
     </span>
    </p>
   </div>
   <div class='ocr_carea' id='block_1_76' title="bbox 266 3836 1544 3910">
    <p class='ocr_par' dir='ltr' id='par_1_76' title="bbox 266 3836 1544 3910">
     <span class='ocr_line' id='line_1_76' title="bbox 266 3836 1544 3910; baseline -0.001 -19"><span class='ocrx_word' id='word_1_415' title='bbox 266 3837 509 3901; x_wconf 85' lang='lat' dir='ltr'><strong>Quorum</strong></span> <span class='ocrx_word' id='word_1_416' title='bbox 540 3838 630 3894; x_wconf 92' lang='lat' dir='ltr'><strong>hic</strong></span> <span class='ocrx_word' id='word_1_417' title='bbox 660 3839 784 3910; x_wconf 91' lang='lat' dir='ltr'><strong>pius</strong></span> <span class='ocrx_word' id='word_1_418' title='bbox 804 3838 1063 3893; x_wconf 89' lang='lat' dir='ltr'><strong>rutilante</strong></span> <span class='ocrx_word' id='word_1_419' title='bbox 1088 3837 1311 3892; x_wconf 65' lang='lat' dir='ltr'><strong>Paschaa</strong></span> <span class='ocrx_word' id='word_1_420' title='bbox 1336 3836 1544 3891; x_wconf 90' lang='lat' dir='ltr'><strong>lumine</strong></span> 
     </span>
    </p>
   </div>
   <div class='ocr_carea' id='block_1_77' title="bbox 265 3925 1437 3999">
    <p class='ocr_par' dir='ltr' id='par_1_77' title="bbox 265 3925 1437 3999">
     <span class='ocr_line' id='line_1_77' title="bbox 265 3925 1437 3999; baseline -0.003 -16"><span class='ocrx_word' id='word_1_421' title='bbox 265 3928 465 3983; x_wconf 89' lang='lat' dir='ltr'><strong>Novies</strong></span> <span class='ocrx_word' id='word_1_422' title='bbox 495 3927 685 3981; x_wconf 89' lang='lat' dir='ltr'><strong>decem</strong></span> <span class='ocrx_word' id='word_1_423' title='bbox 720 3927 973 3993; x_wconf 87' lang='lat' dir='ltr'><strong>sacravit,</strong></span> <span class='ocrx_word' id='word_1_424' title='bbox 1012 3933 1067 3980; x_wconf 92' lang='lat' dir='ltr'><strong>et</strong></span> <span class='ocrx_word' id='word_1_425' title='bbox 1095 3942 1191 3980; x_wconf 91' lang='lat' dir='ltr'><strong>sex</strong></span> <span class='ocrx_word' id='word_1_426' title='bbox 1220 3925 1437 3999; x_wconf 84' lang='lat' dir='ltr'><strong>gurgite</strong></span> 
     </span>
    </p>
   </div>
   <div class='ocr_carea' id='block_1_78' title="bbox 265 4013 1403 4089">
    <p class='ocr_par' dir='ltr' id='par_1_78' title="bbox 265 4013 1403 4089">
     <span class='ocr_line' id='line_1_78' title="bbox 265 4013 1403 4089; baseline -0.004 -16"><span class='ocrx_word' id='word_1_427' title='bbox 265 4017 573 4089; x_wconf 91' lang='lat' dir='ltr'><strong>Splendore</strong></span> <span class='ocrx_word' id='word_1_428' title='bbox 600 4016 867 4071; x_wconf 90' lang='lat' dir='ltr'><strong>libertatis</strong></span> <span class='ocrx_word' id='word_1_429' title='bbox 896 4030 1092 4069; x_wconf 91' lang='lat' dir='ltr'><strong>omnes</strong></span> <span class='ocrx_word' id='word_1_430' title='bbox 1119 4013 1403 4085; x_wconf 76' lang='lat' dir='ltr'><strong>praeditos,</strong></span> 
     </span>
    </p>
   </div>
   <div class='ocr_carea' id='block_1_79' title="bbox 270 4361 1637 4437">
    <p class='ocr_par' dir='ltr' id='par_1_79' title="bbox 270 4361 1637 4437">
     <span class='ocr_line' id='line_1_79' title="bbox 270 4361 1637 4437; baseline -0.004 -16"><span class='ocrx_word' id='word_1_431' title='bbox 270 4366 536 4437; x_wconf 88' lang='lat' dir='ltr'><strong>Princeps</strong></span> <span class='ocrx_word' id='word_1_432' title='bbox 563 4365 652 4419; x_wconf 89' lang='lat' dir='ltr'><strong>hic</strong></span> <span class='ocrx_word' id='word_1_433' title='bbox 680 4370 833 4419; x_wconf 86' lang='lat' dir='ltr'><strong>atrox</strong></span> <span class='ocrx_word' id='word_1_434' title='bbox 874 4368 1000 4434; x_wconf 89' lang='lat' dir='ltr'><strong>post</strong></span> <span class='ocrx_word' id='word_1_435' title='bbox 1031 4362 1306 4417; x_wconf 88' lang='lat' dir='ltr'><strong>Neronem</strong></span> <span class='ocrx_word' id='word_1_436' title='bbox 1336 4361 1637 4418; x_wconf 85' lang='lat' dir='ltr'><strong>Ecclesiam</strong></span> 
     </span>
    </p>
   </div>
   <div class='ocr_carea' id='block_1_80' title="bbox 265 4453 1283 4528">
    <p class='ocr_par' dir='ltr' id='par_1_80' title="bbox 265 4453 1283 4528">
     <span class='ocr_line' id='line_1_80' title="bbox 265 4453 1283 4528; baseline -0.004 -15"><span class='ocrx_word' id='word_1_437' title='bbox 265 4459 387 4513; x_wconf 83' lang='lat' dir='ltr'><strong>Jam</strong></span> <span class='ocrx_word' id='word_1_438' title='bbox 414 4457 799 4528; x_wconf 89' lang='lat' dir='ltr'><strong>persecutione</strong></span> <span class='ocrx_word' id='word_1_439' title='bbox 827 4462 1020 4528; x_wconf 88' lang='lat' dir='ltr'><strong>quarta</strong></span> <span class='ocrx_word' id='word_1_440' title='bbox 1057 4453 1283 4509; x_wconf 68' lang='lat' dir='ltr'><strong>fervidae</strong></span> 
     </span>
    </p>
   </div>
   <div class='ocr_carea' id='block_1_81' title="bbox 266 4543 1309 4618">
    <p class='ocr_par' dir='ltr' id='par_1_81' title="bbox 266 4543 1309 4618">
     <span class='ocr_line' id='line_1_81' title="bbox 266 4543 1309 4618; baseline -0.006 -15"><span class='ocrx_word' id='word_1_441' title='bbox 266 4547 617 4603; x_wconf 89' lang='lat' dir='ltr'><strong>Crudelitatis</strong></span> <span class='ocrx_word' id='word_1_442' title='bbox 641 4546 794 4614; x_wconf 85' lang='lat' dir='ltr'><strong>jussa</strong></span> <span class='ocrx_word' id='word_1_443' title='bbox 817 4560 1084 4618; x_wconf 87' lang='lat' dir='ltr'><strong>spargens</strong></span> <span class='ocrx_word' id='word_1_444' title='bbox 1106 4543 1309 4608; x_wconf 88' lang='lat' dir='ltr'><strong>atterit,</strong></span> 
     </span>
    </p>
   </div>
   <div class='ocr_carea' id='block_1_82' title="bbox 270 4634 1480 4711">
    <p class='ocr_par' dir='ltr' id='par_1_82' title="bbox 270 4634 1480 4711">
     <span class='ocr_line' id='line_1_82' title="bbox 270 4634 1480 4711; baseline -0.004 -16"><span class='ocrx_word' id='word_1_445' title='bbox 270 4640 384 4695; x_wconf 91' lang='lat' dir='ltr'><strong>Sub</strong></span> <span class='ocrx_word' id='word_1_446' title='bbox 415 4656 524 4711; x_wconf 90' lang='lat' dir='ltr'><strong>qua</strong></span> <span class='ocrx_word' id='word_1_447' title='bbox 550 4640 761 4711; x_wconf 92' lang='lat' dir='ltr'><strong>piorum</strong></span> <span class='ocrx_word' id='word_1_448' title='bbox 784 4639 992 4693; x_wconf 89' lang='lat' dir='ltr'><strong>honore</strong></span> <span class='ocrx_word' id='word_1_449' title='bbox 1023 4635 1196 4690; x_wconf 90' lang='lat' dir='ltr'><strong>sancti</strong></span> <span class='ocrx_word' id='word_1_450' title='bbox 1238 4634 1480 4691; x_wconf 92' lang='lat' dir='ltr'><strong>nominis</strong></span> 
     </span>
    </p>
   </div>
   <div class='ocr_carea' id='block_1_83' title="bbox 269 4724 1469 4800">
    <p class='ocr_par' dir='ltr' id='par_1_83' title="bbox 269 4724 1469 4800">
     <span class='ocr_line' id='line_1_83' title="bbox 269 4724 1469 4800; baseline -0.007 -15"><span class='ocrx_word' id='word_1_451' title='bbox 269 4730 442 4785; x_wconf 90' lang='lat' dir='ltr'><strong>Cruor</strong></span> <span class='ocrx_word' id='word_1_452' title='bbox 473 4727 730 4800; x_wconf 89' lang='lat' dir='ltr'><strong>profusus</strong></span> <span class='ocrx_word' id='word_1_453' title='bbox 759 4726 917 4798; x_wconf 92' lang='lat' dir='ltr'><strong>plura</strong></span> <span class='ocrx_word' id='word_1_454' title='bbox 944 4724 1134 4779; x_wconf 91' lang='lat' dir='ltr'><strong>mundi</strong></span> <span class='ocrx_word' id='word_1_455' title='bbox 1164 4724 1218 4778; x_wconf 90' lang='lat' dir='ltr'><strong>in</strong></span> <span class='ocrx_word' id='word_1_456' title='bbox 1250 4724 1469 4779; x_wconf 91' lang='lat' dir='ltr'><strong>climata</strong></span> 
     </span>
    </p>
   </div>
   <div class='ocr_carea' id='block_1_84' title="bbox 266 4816 1257 4894">
    <p class='ocr_par' dir='ltr' id='par_1_84' title="bbox 266 4816 1257 4894">
     <span class='ocr_line' id='line_1_84' title="bbox 266 4816 1257 4894; baseline -0.007 -18"><span class='ocrx_word' id='word_1_457' title='bbox 266 4820 652 4876; x_wconf 84' lang='lat' dir='ltr'><strong>Miraculorum</strong></span> <span class='ocrx_word' id='word_1_458' title='bbox 682 4818 861 4894; x_wconf 90' lang='lat' dir='ltr'><strong>gloria</strong></span> <span class='ocrx_word' id='word_1_459' title='bbox 896 4816 1257 4872; x_wconf 90' lang='lat' dir='ltr'><strong>clarissimum</strong></span> 
     </span>
    </p>
   </div>
   <div class='ocr_carea' id='block_1_85' title="bbox 271 4903 1692 4981">
    <p class='ocr_par' dir='ltr' id='par_1_85' title="bbox 271 4903 1692 4981">
     <span class='ocr_line' id='line_1_85' title="bbox 271 4903 1692 4981; baseline -0.007 -14"><span class='ocrx_word' id='word_1_460' title='bbox 271 4913 397 4967; x_wconf 56' lang='lat' dir='ltr'><strong>Haec</strong></span> <span class='ocrx_word' id='word_1_461' title='bbox 427 4918 725 4981; x_wconf 89' lang='lat' dir='ltr'><strong>martyrem</strong></span> <span class='ocrx_word' id='word_1_462' title='bbox 748 4909 840 4964; x_wconf 90' lang='lat' dir='ltr'><strong>dat</strong></span> <span class='ocrx_word' id='word_1_463' title='bbox 867 4914 1115 4962; x_wconf 92' lang='lat' dir='ltr'><strong>sanctum</strong></span> <span class='ocrx_word' id='word_1_464' title='bbox 1145 4905 1511 4961; x_wconf 86' lang='lat' dir='ltr'><strong>Alexandrum</strong></span> <span class='ocrx_word' id='word_1_465' title='bbox 1545 4903 1692 4974; x_wconf 92' lang='lat' dir='ltr'><strong>polo.</strong></span> 
     </span>
    </p>
   </div>
   <div class='ocr_carea' id='block_1_86' title="bbox 272 4995 1423 5069">
    <p class='ocr_par' dir='ltr' id='par_1_86' title="bbox 272 4995 1423 5069">
     <span class='ocr_line' id='line_1_86' title="bbox 272 4995 1423 5069; baseline -0.006 -13"><span class='ocrx_word' id='word_1_466' title='bbox 272 5002 541 5056; x_wconf 90' lang='lat' dir='ltr'><strong>Virtutum</strong></span> <span class='ocrx_word' id='word_1_467' title='bbox 573 5000 703 5053; x_wconf 91' lang='lat' dir='ltr'><strong>huic</strong></span> <span class='ocrx_word' id='word_1_468' title='bbox 733 5012 952 5053; x_wconf 91' lang='lat' dir='ltr'><strong>rumore</strong></span> <span class='ocrx_word' id='word_1_469' title='bbox 984 4997 1152 5051; x_wconf 90' lang='lat' dir='ltr'><strong>latum</strong></span> <span class='ocrx_word' id='word_1_470' title='bbox 1178 4995 1423 5069; x_wconf 88' lang='lat' dir='ltr'><strong>cognito,</strong></span> 
     </span>
    </p>
   </div>
   <div class='ocr_carea' id='block_1_87' title="bbox 272 5087 1477 5162">
    <p class='ocr_par' dir='ltr' id='par_1_87' title="bbox 272 5087 1477 5162">
     <span class='ocr_line' id='line_1_87' title="bbox 272 5087 1477 5162; baseline -0.007 -16"><span class='ocrx_word' id='word_1_471' title='bbox 272 5091 518 5156; x_wconf 86' lang='lat' dir='ltr'><strong>Quodam</strong></span> <span class='ocrx_word' id='word_1_472' title='bbox 558 5088 792 5144; x_wconf 89' lang='lat' dir='ltr'><strong>cadaver</strong></span> <span class='ocrx_word' id='word_1_473' title='bbox 820 5087 1065 5162; x_wconf 83' lang='lat' dir='ltr'><strong>algidum</strong></span> <span class='ocrx_word' id='word_1_474' title='bbox 1095 5087 1198 5141; x_wconf 92' lang='lat' dir='ltr'><strong>sub</strong></span> <span class='ocrx_word' id='word_1_475' title='bbox 1231 5094 1477 5155; x_wconf 90' lang='lat' dir='ltr'><strong>tempore</strong></span> 
     </span>
    </p>
   </div>
   <div class='ocr_carea' id='block_1_88' title="bbox 271 5173 1534 5250">
    <p class='ocr_par' dir='ltr' id='par_1_88' title="bbox 271 5173 1534 5250">
     <span class='ocr_line' id='line_1_88' title="bbox 271 5173 1534 5250; baseline -0.01 -14"><span class='ocrx_word' id='word_1_476' title='bbox 271 5180 463 5236; x_wconf 87' lang='lat' dir='ltr'><strong>Functi</strong></span> <span class='ocrx_word' id='word_1_477' title='bbox 496 5180 584 5235; x_wconf 91' lang='lat' dir='ltr'><strong>hic</strong></span> <span class='ocrx_word' id='word_1_478' title='bbox 610 5185 871 5250; x_wconf 84' lang='lat' dir='ltr'><strong>parentes</strong></span> <span class='ocrx_word' id='word_1_479' title='bbox 899 5176 1214 5241; x_wconf 89' lang='lat' dir='ltr'><strong>admovere,</strong></span> <span class='ocrx_word' id='word_1_480' title='bbox 1242 5173 1534 5228; x_wconf 88' lang='lat' dir='ltr'><strong>crederent</strong></span> 
     </span>
    </p>
   </div>
   <div class='ocr_carea' id='block_1_89' title="bbox 271 5262 1354 5342">
    <p class='ocr_par' dir='ltr' id='par_1_89' title="bbox 271 5262 1354 5342">
     <span class='ocr_line' id='line_1_89' title="bbox 271 5262 1354 5342; baseline -0.012 -14"><span class='ocrx_word' id='word_1_481' title='bbox 271 5273 353 5328; x_wconf 93' lang='lat' dir='ltr'><strong>Illi</strong></span> <span class='ocrx_word' id='word_1_482' title='bbox 378 5270 712 5342; x_wconf 88' lang='lat' dir='ltr'><strong>rependunt,</strong></span> <span class='ocrx_word' id='word_1_483' title='bbox 743 5266 1074 5339; x_wconf 82' lang='lat' dir='ltr'><strong>praebituros</strong></span> <span class='ocrx_word' id='word_1_484' title='bbox 1102 5280 1160 5319; x_wconf 91' lang='lat' dir='ltr'><strong>se</strong></span> <span class='ocrx_word' id='word_1_485' title='bbox 1190 5262 1354 5316; x_wconf 84' lang='lat' dir='ltr'><strong>fidem</strong></span> 
     </span>
    </p>
   </div>
   <div class='ocr_carea' id='block_1_90' title="bbox 271 5351 1409 5433">
    <p class='ocr_par' dir='ltr' id='par_1_90' title="bbox 271 5351 1409 5433">
     <span class='ocr_line' id='line_1_90' title="bbox 271 5351 1409 5433; baseline -0.011 -17"><span class='ocrx_word' id='word_1_486' title='bbox 271 5360 485 5416; x_wconf 90' lang='lat' dir='ltr'><strong>Christo</strong></span> <span class='ocrx_word' id='word_1_487' title='bbox 523 5360 794 5433; x_wconf 89' lang='lat' dir='ltr'><strong>rigentem</strong></span> <span class='ocrx_word' id='word_1_488' title='bbox 825 5356 870 5411; x_wconf 93' lang='lat' dir='ltr'><strong>si</strong></span> <span class='ocrx_word' id='word_1_489' title='bbox 900 5353 1138 5409; x_wconf 88' lang='lat' dir='ltr'><strong>resolvat</strong></span> <span class='ocrx_word' id='word_1_490' title='bbox 1166 5351 1361 5406; x_wconf 88' lang='lat' dir='ltr'><strong>funere</strong></span> <span class='ocrx_word' id='word_1_491' title='bbox 1395 5366 1409 5413; x_wconf 90' lang='lat'><strong>;</strong></span> 
     </span>
    </p>
   </div>
   <div class='ocr_carea' id='block_1_91' title="bbox 270 5441 1232 5519">
    <p class='ocr_par' dir='ltr' id='par_1_91' title="bbox 270 5441 1232 5519">
     <span class='ocr_line' id='line_1_91' title="bbox 270 5441 1232 5519; baseline -0.011 -15"><span class='ocrx_word' id='word_1_492' title='bbox 270 5450 407 5504; x_wconf 62' lang='lat' dir='ltr'><strong>Vitae</strong></span> <span class='ocrx_word' id='word_1_493' title='bbox 440 5449 631 5503; x_wconf 91' lang='lat' dir='ltr'><strong>beatus</strong></span> <span class='ocrx_word' id='word_1_494' title='bbox 654 5454 778 5501; x_wconf 88' lang='lat' dir='ltr'><strong>vota</strong></span> <span class='ocrx_word' id='word_1_495' title='bbox 812 5443 944 5519; x_wconf 81' lang='lat' dir='ltr'><strong>Hegi</strong></span> <span class='ocrx_word' id='word_1_496' title='bbox 974 5441 1232 5504; x_wconf 90' lang='lat' dir='ltr'><strong>destinat,</strong></span> 
     </span>
    </p>
   </div>
   <div class='ocr_carea' id='block_1_92' title="bbox 270 5531 1214 5611">
    <p class='ocr_par' dir='ltr' id='par_1_92' title="bbox 270 5531 1214 5611">
     <span class='ocr_line' id='line_1_92' title="bbox 270 5531 1214 5611; baseline -0.012 -17"><span class='ocrx_word' id='word_1_497' title='bbox 270 5539 411 5594; x_wconf 90' lang='lat' dir='ltr'><strong>Dein</strong></span> <span class='ocrx_word' id='word_1_498' title='bbox 428 5537 609 5611; x_wconf 88' lang='lat' dir='ltr'><strong>gelato</strong></span> <span class='ocrx_word' id='word_1_499' title='bbox 640 5534 890 5607; x_wconf 69' lang='lat' dir='ltr'><strong>praecipit</strong></span> <span class='ocrx_word' id='word_1_500' title='bbox 914 5531 1167 5587; x_wconf 88' lang='lat' dir='ltr'><strong>cadaveri</strong></span> <span class='ocrx_word' id='word_1_501' title='bbox 1201 5548 1214 5583; x_wconf 88' lang='lat'><strong>:</strong></span> 
     </span>
    </p>
   </div>
   <div class='ocr_carea' id='block_1_93' title="bbox 282 5620 1267 5693">
    <p class='ocr_par' dir='ltr' id='par_1_93' title="bbox 282 5620 1267 5693">
     <span class='ocr_line' id='line_1_93' title="bbox 282 5620 1267 5693; baseline -0.011 -11"><span class='ocrx_word' id='word_1_502' title='bbox 282 5653 303 5682; x_wconf 73' lang='grc' dir='ltr'>ιι</span> <span class='ocrx_word' id='word_1_503' title='bbox 333 5632 391 5685; x_wconf 93' lang='lat' dir='ltr'><strong>ln</strong></span> <span class='ocrx_word' id='word_1_504' title='bbox 415 5630 608 5693; x_wconf 87' lang='lat' dir='ltr'><strong>Patris,</strong></span> <span class='ocrx_word' id='word_1_505' title='bbox 638 5627 821 5692; x_wconf 88' lang='lat' dir='ltr'><strong>aiens,</strong></span> <span class='ocrx_word' id='word_1_506' title='bbox 849 5622 1115 5692; x_wconf 90' lang='lat' dir='ltr'><strong>unicique</strong></span> <span class='ocrx_word' id='word_1_507' title='bbox 1146 5620 1267 5673; x_wconf 88' lang='lat' dir='ltr'><strong>Filii</strong></span> 
     </span>
    </p>
   </div>
   <div class='ocr_carea' id='block_1_94' title="bbox 276 5706 1436 5790">
    <p class='ocr_par' dir='ltr' id='par_1_94' title="bbox 276 5706 1436 5790">
     <span class='ocr_line' id='line_1_94' title="bbox 276 5706 1436 5790; baseline -0.016 -13"><span class='ocrx_word' id='word_1_508' title='bbox 276 5720 577 5790; x_wconf 90' lang='lat' dir='ltr'><strong>Sanctique</strong></span> <span class='ocrx_word' id='word_1_509' title='bbox 606 5729 770 5787; x_wconf 87' lang='lat' dir='ltr'><strong>surge</strong></span> <span class='ocrx_word' id='word_1_510' title='bbox 799 5710 1037 5784; x_wconf 87' lang='lat' dir='ltr'><strong>Spiritus</strong></span> <span class='ocrx_word' id='word_1_511' title='bbox 1064 5706 1374 5765; x_wconf 88' lang='lat' dir='ltr'><strong>vocamine.</strong></span> <span class='ocrx_word' id='word_1_512' title='bbox 1410 5728 1436 5751; x_wconf 84' lang='lat'><strong>»</strong></span> 
     </span>
    </p>
   </div>
   <div class='ocr_carea' id='block_1_95' title="bbox 1962 837 3379 909">
    <p class='ocr_par' dir='ltr' id='par_1_95' title="bbox 1962 837 3379 909">
     <span class='ocr_line' id='line_1_95' title="bbox 1962 837 3379 909; baseline 0.001 -19"><span class='ocrx_word' id='word_1_513' title='bbox 1962 843 2069 896; x_wconf 84' lang='lat' dir='ltr'><strong>Hac</strong></span> <span class='ocrx_word' id='word_1_514' title='bbox 2103 854 2210 909; x_wconf 92' lang='lat' dir='ltr'><strong>quo</strong></span> <span class='ocrx_word' id='word_1_515' title='bbox 2233 837 2518 907; x_wconf 89' lang='lat' dir='ltr'><strong>perfuncto</strong></span> <span class='ocrx_word' id='word_1_516' title='bbox 2561 853 2660 907; x_wconf 88' lang='lat' dir='ltr'><strong>per</strong></span> <span class='ocrx_word' id='word_1_517' title='bbox 2688 845 2947 908; x_wconf 82' lang='lat' dir='ltr'><strong>quattuor</strong></span> <span class='ocrx_word' id='word_1_518' title='bbox 2969 837 3175 891; x_wconf 87' lang='lat' dir='ltr'><strong>inditur</strong></span> <span class='ocrx_word' id='word_1_519' title='bbox 3204 855 3379 894; x_wconf 84' lang='lat' dir='ltr'><strong>annos</strong></span> 
     </span>
    </p>
   </div>
   <div class='ocr_carea' id='block_1_96' title="bbox 1961 1194 3364 1266">
    <p class='ocr_par' dir='ltr' id='par_1_96' title="bbox 1961 1194 3364 1266">
     <span class='ocr_line' id='line_1_96' title="bbox 1961 1194 3364 1266; baseline 0.001 -16"><span class='ocrx_word' id='word_1_520' title='bbox 1961 1198 2131 1261; x_wconf 82' lang='lat' dir='ltr'><strong>Quem</strong></span> <span class='ocrx_word' id='word_1_521' title='bbox 2166 1196 2355 1266; x_wconf 62' lang='lat' dir='ltr'><strong>prima;</strong></span> <span class='ocrx_word' id='word_1_522' title='bbox 2390 1194 2540 1247; x_wconf 88' lang='lat' dir='ltr'><strong>Pauli</strong></span> <span class='ocrx_word' id='word_1_523' title='bbox 2569 1194 2789 1248; x_wconf 75' lang='lat' dir='ltr'><strong>schedae</strong></span> <span class='ocrx_word' id='word_1_524' title='bbox 2822 1196 3077 1249; x_wconf 89' lang='lat' dir='ltr'><strong>mandata</strong></span> <span class='ocrx_word' id='word_1_525' title='bbox 3100 1198 3364 1264; x_wconf 88' lang='lat' dir='ltr'><strong>salutant,</strong></span> 
     </span>
    </p>
   </div>
   <div class='ocr_carea' id='block_1_97' title="bbox 1955 1285 3363 1362">
    <p class='ocr_par' dir='ltr' id='par_1_97' title="bbox 1955 1285 3363 1362">
     <span class='ocr_line' id='line_1_97' title="bbox 1955 1285 3363 1362; baseline 0 -20"><span class='ocrx_word' id='word_1_526' title='bbox 1955 1288 2197 1362; x_wconf 90' lang='lat' dir='ltr'><strong>Angelici</strong></span> <span class='ocrx_word' id='word_1_527' title='bbox 2228 1286 2453 1340; x_wconf 92' lang='lat' dir='ltr'><strong>sibimet</strong></span> <span class='ocrx_word' id='word_1_528' title='bbox 2480 1285 2723 1340; x_wconf 92' lang='lat' dir='ltr'><strong>monitus</strong></span> <span class='ocrx_word' id='word_1_529' title='bbox 2755 1287 2880 1339; x_wconf 87' lang='lat' dir='ltr'><strong>data</strong></span> <span class='ocrx_word' id='word_1_530' title='bbox 2906 1286 3058 1353; x_wconf 86' lang='lat' dir='ltr'><strong>jussa</strong></span> <span class='ocrx_word' id='word_1_531' title='bbox 3080 1290 3363 1342; x_wconf 87' lang='lat' dir='ltr'><strong>rcvelans:</strong></span> 
     </span>
    </p>
   </div>
   <div class='ocr_carea' id='block_1_98' title="bbox 1957 1375 3431 1450">
    <p class='ocr_par' dir='ltr' id='par_1_98' title="bbox 1957 1375 3431 1450">
     <span class='ocr_line' id='line_1_98' title="bbox 1957 1375 3431 1450; baseline 0.001 -20"><span class='ocrx_word' id='word_1_532' title='bbox 1957 1377 2160 1431; x_wconf 87' lang='lat' dir='ltr'><strong>Pascha</strong></span> <span class='ocrx_word' id='word_1_533' title='bbox 2187 1376 2276 1429; x_wconf 92' lang='lat' dir='ltr'><strong>die</strong></span> <span class='ocrx_word' id='word_1_534' title='bbox 2306 1375 2471 1430; x_wconf 90' lang='lat' dir='ltr'><strong>trahit</strong></span> <span class='ocrx_word' id='word_1_535' title='bbox 2491 1391 2522 1429; x_wconf 91' lang='lat' dir='ltr'><strong>a</strong></span> <span class='ocrx_word' id='word_1_536' title='bbox 2553 1375 2783 1428; x_wconf 93' lang='lat' dir='ltr'><strong>Domino</strong></span> <span class='ocrx_word' id='word_1_537' title='bbox 2810 1376 2901 1445; x_wconf 90' lang='lat' dir='ltr'><strong>qui</strong></span> <span class='ocrx_word' id='word_1_538' title='bbox 2939 1391 3141 1430; x_wconf 90' lang='lat' dir='ltr'><strong>nomen</strong></span> <span class='ocrx_word' id='word_1_539' title='bbox 3160 1380 3431 1450; x_wconf 86' lang='lat' dir='ltr'><strong>agendum</strong></span> 
     </span>
    </p>
   </div>
   <div class='ocr_carea' id='block_1_99' title="bbox 1958 1464 3341 1536">
    <p class='ocr_par' dir='ltr' id='par_1_99' title="bbox 1958 1464 3341 1536">
     <span class='ocr_line' id='line_1_99' title="bbox 1958 1464 3341 1536; baseline 0.002 -16"><span class='ocrx_word' id='word_1_540' title='bbox 1958 1466 2251 1521; x_wconf 88' lang='lat' dir='ltr'><strong>Schemate</strong></span> <span class='ocrx_word' id='word_1_541' title='bbox 2276 1464 2530 1536; x_wconf 87' lang='lat' dir='ltr'><strong>pastoris,</strong></span> <span class='ocrx_word' id='word_1_542' title='bbox 2557 1466 2661 1519; x_wconf 90' lang='lat' dir='ltr'><strong>hoc</strong></span> <span class='ocrx_word' id='word_1_543' title='bbox 2692 1464 2942 1519; x_wconf 73' lang='lat' dir='ltr'><strong>ccelicola</strong></span> <span class='ocrx_word' id='word_1_544' title='bbox 2974 1466 3341 1536; x_wconf 87' lang='lat' dir='ltr'><strong>imperitante,</strong></span> 
     </span>
    </p>
   </div>
   <div class='ocr_carea' id='block_1_100' title="bbox 1962 1558 3343 1633">
    <p class='ocr_par' dir='ltr' id='par_1_100' title="bbox 1962 1558 3343 1633">
     <span class='ocr_line' id='line_1_100' title="bbox 1962 1558 3343 1633; baseline 0.001 -20"><span class='ocrx_word' id='word_1_545' title='bbox 1962 1559 2174 1630; x_wconf 83' lang='lat' dir='ltr'><strong>Quique</strong></span> <span class='ocrx_word' id='word_1_546' title='bbox 2199 1559 2308 1633; x_wconf 90' lang='lat' dir='ltr'><strong>legi</strong></span> <span class='ocrx_word' id='word_1_547' title='bbox 2336 1559 2510 1612; x_wconf 89' lang='lat' dir='ltr'><strong>Graiis</strong></span> <span class='ocrx_word' id='word_1_548' title='bbox 2533 1558 2727 1613; x_wconf 88' lang='lat' dir='ltr'><strong>solitus</strong></span> <span class='ocrx_word' id='word_1_549' title='bbox 2760 1574 2854 1627; x_wconf 91' lang='lat' dir='ltr'><strong>per</strong></span> <span class='ocrx_word' id='word_1_550' title='bbox 2879 1558 3099 1628; x_wconf 89' lang='lat' dir='ltr'><strong>publica</strong></span> <span class='ocrx_word' id='word_1_551' title='bbox 3122 1563 3343 1632; x_wconf 88' lang='lat' dir='ltr'><strong>templa,</strong></span> 
     </span>
    </p>
   </div>
   <div class='ocr_carea' id='block_1_101' title="bbox 1970 2153 3371 2220">
    <p class='ocr_par' dir='ltr' id='par_1_101' title="bbox 1970 2153 3371 2220">
     <span class='ocr_line' id='line_1_101' title="bbox 1970 2153 3371 2220; baseline 0.003 -12"><span class='ocrx_word' id='word_1_552' title='bbox 1970 2154 2213 2209; x_wconf 90' lang='lat' dir='ltr'><strong>Pastoris</strong></span> <span class='ocrx_word' id='word_1_553' title='bbox 2251 2154 2411 2207; x_wconf 65' lang='lat' dir='ltr'><strong>clarae</strong></span> <span class='ocrx_word' id='word_1_554' title='bbox 2442 2153 2663 2207; x_wconf 84' lang='lat' dir='ltr'><strong>fabricae</strong></span> <span class='ocrx_word' id='word_1_555' title='bbox 2704 2156 3028 2220; x_wconf 88' lang='lat' dir='ltr'><strong>construxit,</strong></span> <span class='ocrx_word' id='word_1_556' title='bbox 3072 2156 3284 2211; x_wconf 90' lang='lat' dir='ltr'><strong>honore</strong></span> <span class='ocrx_word' id='word_1_557' title='bbox 3318 2165 3371 2211; x_wconf 91' lang='lat' dir='ltr'><strong>et</strong></span> 
     </span>
    </p>
   </div>
   <div class='ocr_carea' id='block_1_102' title="bbox 1971 2246 3475 2319">
    <p class='ocr_par' dir='ltr' id='par_1_102' title="bbox 1971 2246 3475 2319">
     <span class='ocr_line' id='line_1_102' title="bbox 1971 2246 3475 2319; baseline 0.001 -17"><span class='ocrx_word' id='word_1_558' title='bbox 1971 2248 2234 2319; x_wconf 88' lang='lat' dir='ltr'><strong>Dogmate</strong></span> <span class='ocrx_word' id='word_1_559' title='bbox 2257 2246 2561 2312; x_wconf 89' lang='lat' dir='ltr'><strong>apostolico</strong></span> <span class='ocrx_word' id='word_1_560' title='bbox 2589 2255 2867 2316; x_wconf 89' lang='lat' dir='ltr'><strong>sumptum</strong></span> <span class='ocrx_word' id='word_1_561' title='bbox 2897 2247 3229 2317; x_wconf 89' lang='lat' dir='ltr'><strong>baptismate</strong></span> <span class='ocrx_word' id='word_1_562' title='bbox 3269 2250 3475 2305; x_wconf 91' lang='lat' dir='ltr'><strong>cultum</strong></span> 
     </span>
    </p>
   </div>
   <div class='ocr_carea' id='block_1_103' title="bbox 3469 381 3575 435">
    <p class='ocr_par' dir='ltr' id='par_1_103' title="bbox 3469 381 3575 435">
     <span class='ocr_line' id='line_1_103' title="bbox 3469 381 3575 435; baseline -0.019 0"><span class='ocrx_word' id='word_1_563' title='bbox 3469 381 3575 435; x_wconf 79' lang='grc'><strong>646</strong></span> 
     </span>
    </p>
   </div>
  </div>
