3970 6200
415 361 519 415 δι’]
1177 339 1538 397 FLODOARDI
1581 331 1882 390 CANONICI
1927 326 2251 384 REMENSIS
2291 323 2627 382 OPUSCULA
2670 320 2977 376 METRICA.

419 492 481 543 At
508 487 651 541 fama
680 486 926 537 sanctum
960 473 1168 544 ubique
1207 469 1337 523 dum
1378 468 1744 537 respargeret,

422 582 528 634 Hac
557 583 736 632 motus
766 568 1071 625 Antoninus
1102 563 1336 617 electum
1367 557 1458 612 Dei

424 670 746 726 Corneliano
778 665 870 717 dat
902 656 1204 714 tenendum
1234 650 1477 723 praesidi.

425 761 520 814 Ille
546 760 695 812 hunc
725 751 1091 809 celebrantem
1125 752 1179 808 et
1201 742 1490 795 docentem
1519 733 1745 805 mystica

426 851 502 904 Ad
530 851 683 918 jussa
713 841 938 916 prendit
967 834 1175 892 incitati
1206 830 1492 904 principis,

425 943 658 1017 Agitque
688 939 914 993 Romam
947 927 1321 986 denotandum
1354 920 1578 984 Caesari,

425 1034 614 1087 Manus
643 1030 946 1084 revinctum
980 1023 1064 1078 cui
1093 1021 1315 1073 beatum
1346 1010 1614 1087 suggerit.

429 1124 546 1178 Alto
578 1128 799 1195 rogatus
821 1123 879 1171 ut
907 1118 1126 1184 perorat
1148 1112 1404 1195 syrmate,

428 1209 624 1266 Christi
652 1194 906 1277 superme
937 1198 1178 1255 veritatis
1200 1197 1255 1249 in
1289 1194 1418 1258 fide,

428 1305 570 1357 Duro
594 1299 821 1368 jubetur
851 1292 1116 1348 macerari
1147 1289 1345 1342 robore
1372 1303 1386 1346 ;

431 1391 566 1444 Dein
585 1385 822 1460 nigranti
851 1381 1050 1452 surrigi
1083 1376 1344 1433 custodiae
1379 1391 1391 1426 :

432 1486 547 1547 Quo
573 1479 777 1534 deditis
807 1481 1028 1530 meante
1050 1487 1172 1526 cum
1206 1465 1552 1529 custodibus,

436 1595 461 1618 ιι
495 1570 670 1625 Caesar
701 1567 965 1620 reclamat
996 1566 1254 1632 quattuor
1293 1556 1415 1610 dies
1449 1553 1543 1608 tibi

437 1659 788 1715 lnduciarum
823 1656 1023 1709 dantur
1051 1650 1133 1704 his
1166 1648 1344 1702 cultus
1373 1645 1447 1700 tui
1483 1662 1497 1710 ;

439 1754 676 1826 Explode
705 1751 1022 1811 vanitatem,
1056 1753 1109 1801 et
1137 1746 1277 1799 ultro
1307 1759 1408 1797 nos
1433 1741 1548 1797 adi.
1597 1763 1618 1784 ν»

438 1845 622 1899 -—Jam
658 1839 970 1912 praeterisse
1003 1835 1250 1906 (martyr)
1274 1831 1484 1886 aestima
1515 1829 1634 1882 dies

443 1935 722 2004 Hodieque
756 1928 970 2000 comple
993 1943 1114 1998 qua?
1147 1931 1409 1978 retractas
1428 1919 1684 1976 tormina.
1716 1936 1741 1967 »

443 2026 868 2082 Crescentianus
899 2024 1048 2076 hunc
1064 2026 1286 2074 secutus
1308 2015 1600 2086 presbyter

442 2119 762 2174 Valentiano
788 2116 1014 2185 junctus
1032 2120 1084 2166 et
1113 2109 1413 2166 Bonifacio.

444 2211 585 2267 Caeci
611 2211 772 2264 beato
806 2207 994 2261 clauso
1030 2206 1257 2259 horrore
1287 2199 1543 2263 carceris,

445 2304 689 2370 Quadam
721 2299 950 2355 sedebat
981 2297 1197 2364 ejulans
1227 2293 1330 2348 sub
1355 2292 1571 2357 arbore,

445 2397 670 2450 Luctum
704 2400 893 2448 secuto
923 2389 1016 2461 qui
1046 2402 1245 2458 sapore
1276 2383 1552 2438 marcidus

445 2487 613 2539 Curas
646 2482 914 2536 ferentem
946 2483 1240 2533 contuetur
1269 2472 1524 2547 angelum

448 2579 680 2647 Hzecque
708 2574 1086 2628 intimantem:
1115 2590 1138 2618 α
1164 2564 1432 2621 Roboravi
1468 2560 1757 2633 praesulem

444 2668 720 2730 Vestrum,
744 2662 1026 2717 resolvens
1061 2655 1336 2712 visitando
1367 2651 1585 2706 vincula
1616 2668 1629 2715 ;

449 2756 510 2809 Et
540 2769 688 2808 nunc
708 2756 894 2806 cavete
916 2749 1026 2817 jam
1057 2745 1255 2800 sedere
1281 2742 1383 2796 sub
1414 2737 1610 2794 arbore

450 2848 524 2901 Nc
557 2861 654 2900 vos
681 2851 916 2914 tyranno
948 2839 1088 2894 forte
1117 2835 1317 2908 prodat
1337 2831 1587 2887 nuntius.
1629 2850 1650 2881 ι

452 2936 689 2990 Eductus
719 2931 849 2986 hinc
877 2929 1107 2984 antistes
1135 2941 1165 2980 e
1194 2923 1443 2980 custodia

453 3025 628 3080 Crudo
661 3023 955 3078 exhibetur
984 3015 1350 3073 lancinandus
1388 3011 1646 3085 principi.

453 3115 662 3169 Pensus
691 3117 896 3166 catasta
925 3107 1231 3162 dissecatur
1253 3101 1537 3178 unguibus

455 3207 818 3274 Laterumque
850 3201 1081 3274 ﬂagrant
1110 3197 1329 3253 ustione
1369 3193 1690 3266 lampades;

456 3297 560 3350 lsta
592 3303 646 3348 et
676 3292 1020 3362 triumphans
1058 3288 1257 3342 ductus
1283 3294 1448 3358 atque
1475 3281 1712 3354 Apollini

459 3387 522 3441 Ut
560 3401 685 3440 orsa
707 3383 815 3438 voti
845 3381 992 3437 celsa
1013 3380 1126 3454 agit
1156 3385 1306 3433 trans
1343 3377 1524 3432 sidera

458 3478 586 3530 Pars
615 3492 735 3530 cum
770 3475 875 3528 deo
913 3474 1164 3543 perculsa
1194 3471 1305 3526 fani
1346 3469 1572 3524 labitur.

457 3565 654 3630 Caesar,
679 3562 894 3618 dolosis
916 3561 1196 3631 imputans
1223 3561 1342 3615 haec
1373 3559 1604 3626 artibus,

457 3656 715 3710 Sanctum
746 3654 938 3709 ferinis
968 3653 1060 3707 dat
1082 3652 1258 3708 vorari
1291 3651 1551 3706 dentibus
1584 3667 1598 3715 ;

462 3745 633 3808 Quem
666 3743 980 3797 belluarum
1008 3741 1159 3795 nulla
1186 3741 1315 3794 dum
1345 3739 1714 3811 contingeret,

463 3835 650 3890 Calore
682 3850 899 3889 summo
921 3833 1116 3887 ardere
1144 3831 1420 3886 fornacem
1457 3829 1650 3898 jubet;

461 3923 690 3978 lndutus
728 3923 821 3977 ille
852 3920 1078 3976 fervidis
1115 3917 1473 3985 candoribus,

459 4015 642 4070 Medio
673 4029 898 4085 precem
931 4025 1162 4067 securus
1183 4009 1324 4065 fudit
1352 4015 1413 4064 ut
1444 4023 1602 4083 rogo,

2061 464 2106 527 Α
2133 452 2349 507 Nullum
2374 451 2540 506 calori
2568 450 2763 504 restitit
2801 447 3113 520 vestigium,

2102 548 2374 602 'Fornace
2415 547 2539 601 lzeto
2579 544 2826 616 mitigata
2865 541 3109 611 martyri.

2135 641 2306 710 Caput
2335 638 2502 693 recidi
2529 653 2656 692 mox
2687 644 2951 707 tyrannus
2985 632 3254 703 praecipit.

2138 731 2285 787 Unus
2311 730 2709 794 ministrorum,
2741 744 2836 784 ore
2867 726 3035 782 corda
3066 724 3380 796 proferens,

2139 821 2434 886 Exclamat,
2467 819 2827 873 Herculianus
2865 817 2995 870 huic
3025 815 3353 869 vocabulum
3384 830 3396 865 :

2148 933 2164 958 ι
2199 909 2448 965 Crudelis
2477 907 2771 971 Antonine,
2803 912 2960 976 capte
2981 904 3243 959 sensibus

2142 998 2412 1070 Tyranne,
2437 1014 2534 1052 cur
2564 997 2647 1051 sic
2668 1011 2846 1050 caecus
2866 1002 2921 1049 et
2960 994 3162 1048 surdus
3199 992 3345 1064 riges
3380 989 3409 1042 ?

2148 1091 2342 1144 Christi
2384 1106 2512 1145 ecce
2539 1105 2730 1144 servus
2762 1095 2884 1158 post
2911 1096 3098 1141 acutas
3138 1085 3403 1155 virgulas,

2147 1182 2327 1235 Victas
2358 1187 2612 1246 catastas,
2642 1195 2705 1233 ac
2747 1178 3044 1253 ﬂagrantes
3069 1176 3374 1248 lampades,

2147 1273 2271 1326 Post
2301 1272 2626 1344 ungularum
2663 1269 2987 1338 fossionem,
3019 1276 3075 1324 et
3097 1269 3229 1323 idoli

2143 1361 2468 1433 Templique
2493 1376 2699 1425 casum,
2735 1367 2857 1430 post
2882 1359 3103 1413 leonem
3133 1355 3356 1412 turbida

2146 1452 2404 1506 Ursorum
2436 1457 2603 1505 etora
2629 1451 2834 1517 clausa,
2869 1449 3108 1505 fornacis
3126 1462 3318 1518 rogum

2146 1539 2275 1593 Post
2303 1547 2613 1604 euocatum,
2655 1539 2812 1592 laetus
2840 1554 3000 1593 enses
3022 1537 3231 1609 expetit
3269 1555 3281 1590 :

2148 1628 2344 1681 Verum
2375 1627 2554 1681 Deum
2588 1628 2710 1699 quis
2740 1644 2862 1682 esse
2893 1627 3102 1701 gurdus
3120 1627 3235 1696 (sic)
3259 1624 3507 1696 ambigat

2154 1718 2251 1782 Qui
2286 1727 2390 1772 tam
2417 1735 2546 1773 suos
2575 1719 2763 1792 vigore
2791 1717 2942 1774 celso
2983 1717 3207 1772 roborat
3247 1716 3276 1768 ?
3319 1741 3344 1762 ι»

2154 1811 2324 1874 Quem
2357 1811 2549 1878 Caesar,
2579 1811 2658 1866 ira
2681 1812 2900 1882 plenus,
2934 1821 2994 1866 ut
3017 1809 3355 1866 cruciatibus

2157 1904 2333 1958 Variis
2362 1903 2571 1978 fatigat,
2603 1920 2734 1958 ense
2768 1905 2988 1959 tandem
3031 1904 3289 1975 percutit.

2160 1995 2222 2048 At
2242 1995 2611 2050 immolandus
2632 1995 2830 2064 prazsul
2864 1996 3079 2051 obviam
3115 1995 3219 2048 sibi

2159 2088 2387 2144 Viduam
2423 2096 2676 2160 precatur
2712 2089 3060 2144 commodare
3092 2088 3331 2144 orarium
3370 2091 3400 2152 ;’

2161 2179 2528 2250 Sumptoque,
2557 2187 2758 2234 sanctae
2788 2195 2848 2234 se
2879 2180 3055 2234 crucis
3080 2179 3240 2252 signo
3272 2183 3499 2252 tegens,

2158 2270 2365 2324 Tunica
2397 2277 2657 2337 retectus,
2685 2277 2952 2342 stansque
2977 2271 3093 2326 sola
3125 2269 3180 2322 in
3199 2269 3365 2333 linea,

2160 2359 2356 2413 Oculos
2382 2360 2581 2415 amictu
2604 2367 2848 2414 mutuato
2881 2359 3145 2431 contegit,

2162 2453 2514 2523 Genibusque
2545 2452 2700 2507 ﬂexis
2740 2452 2924 2507 haurit
2956 2453 3218 2522 impetum
3253 2449 3411 2504 necis

2162 2542 2362 2614 Viginti
2395 2543 2461 2596 ab
2498 2542 2641 2596 Urbe
2672 2549 2994 2616 segregatus
3023 2540 3291 2595 millibus.

2162 2633 2281 2688 Mox
2313 2633 2453 2688 facta
2480 2639 2636 2688 terra:
2668 2633 3000 2688 convibratm
3041 2631 3214 2686 motio

2162 2725 2422 2780 Thermas
2449 2732 2504 2779 et
2539 2722 2722 2779 omnis
2753 2729 2895 2778 tecta
2909 2721 3013 2778 vici
3035 2722 3295 2787 subruit;

2170 2817 2528 2887 Orariumque
2559 2815 2780 2870 feminae
2811 2815 2958 2886 quod
3001 2813 3276 2885 proditum

2170 2904 2484 2976 lniquitatis
2515 2903 2718 2958 milites
2755 2909 3099 2958 astruxerant
3127 2921 3141 2967 ;

2171 2993 2412 3058 Quodam
2447 2991 2659 3047 ferente
2688 2991 2919 3062 pusione
2951 2991 3219 3058 redditur,

2172 3083 2341 3147 Quem
2363 3081 2614 3142 caelicum
2645 3080 2814 3136 fuisse
2842 3087 3055 3136 constat
3082 3079 3314 3135 incolam
3348 3096 3362 3144 ;

2095 3131 2145 3200 Ο
2174 3172 2343 3236 Quem
2371 3187 2496 3227 mox
2527 3185 2812 3226 resumens
2841 3186 2965 3225 cum
2996 3178 3222 3241 stupore
3257 3169 3457 3232 linteo,

2174 3265 2433 3321 Confessa
2465 3265 2737 3319 Christum
2769 3264 2874 3318 fert
2904 3265 3171 3318 honorem
3197 3261 3427 3332 martyri

2174 3354 2591 3409 Crescentianus
2613 3361 2668 3408 et
2697 3352 2914 3407 sodales
2943 3351 3215 3422 praesulis,

2174 3449 2456 3504 Pandente
2484 3449 2703 3515 eodem,
2737 3447 3016 3502 consecuti
3049 3446 3301 3520 pignora,

2179 3542 2320 3597 Loco
2347 3543 2593 3597 locarunt
2618 3556 2728 3612 quo
2760 3539 2957 3593 camini
2990 3537 3233 3593 fervidos

2178 3637 2384 3691 Pressit
2413 3651 2662 3706 vapores,
2682 3635 2924 3704 dantque
2956 3649 3196 3687 marmor
3212 3631 3516 3687 continens

2179 3731 2387 3784 Nomen
2419 3728 2589 3792 beati,
2621 3727 2966 3802 dignitatem,
3001 3724 3258 3778 limitem.

2181 3822 2276 3876 Cui
2293 3838 2436 3893 papa
2452 3827 2695 3892 cryptam
2727 3825 3056 3874 construens
3098 3824 3220 3887 post
3251 3816 3550 3881 Damasus,

2184 3916 2280 3970 lllo
2311 3914 2575 3969 decenter
2603 3927 2726 3968 ossa
2755 3917 2941 3965 sancta
2971 3908 3267 3963 transtulit.

1949 4109 2160 4166 CAPUT
2208 4108 2313 4164 XV.

1577 4213 1656 4272 De
1680 4221 1891 4273 sancta
1923 4212 2232 4274 Felicitate
2259 4228 2329 4270 ac
2355 4209 2507 4285 ﬁliis
2536 4211 2684 4282 ejus.

460 4352 760 4408 Vexatione
780 4349 913 4404 vicit
941 4348 1043 4403 hac
1069 4345 1322 4402 Felicitas

461 4441 666 4496 Dilecta
697 4439 913 4494 Christo
945 4435 1324 4493 consecrando
1355 4434 1606 4508 pignora.

464 4536 801 4592 Uberrimam
832 4539 954 4604 post
980 4533 1102 4586 laeta
1130 4531 1268 4586 dans
1299 4545 1461 4601 poma
1491 4529 1763 4583 arborem.

465 4625 756 4680 Praefectus
787 4623 930 4676 hanc
953 4627 1184 4676 conatus
1213 4627 1330 4674 arte
1350 4626 1586 4683 vertere,

464 4715 662 4769 Blulcet
690 4713 922 4780 serenis,
955 4727 1019 4766 ac
1045 4710 1284 4765 minatur
1309 4723 1524 4778 aspera.

464 4807 694 4875 Serena,
713 4822 878 4870 saeva,
908 4803 1111 4859 blanda
1144 4801 1354 4857 ducens
1379 4799 1581 4865 tristia,

469 4897 603 4952 Huic
641 4895 823 4950 reddit
849 4893 940 4947 illa
973 4911 985 4946 :
1021 4913 1051 4943 α
1079 4892 1190 4945 Nec
1219 4889 1414 4945 resolvi
1443 4885 1692 4953 mitibus,

466 4986 579 5042 Nec
609 4985 778 5057 quibo
811 4983 988 5055 frangi
1019 4980 1304 5037 saevientis
1333 4977 1565 5049 asperis,

467 5077 576 5132 Nec
603 5091 693 5129 me
722 5090 996 5145 supernus
1023 5071 1281 5142 occupari
1322 5071 1556 5141 Spiritus

467 5166 624 5220 Sinet
653 5164 978 5236 aucupantis
1009 5161 1308 5234 proditoris
1336 5159 1548 5215 retibus
1582 5176 1596 5224 ;

467 5258 671 5313 Secura
701 5273 871 5327 quare
899 5273 1017 5312 sum
1046 5263 1327 5324 superstes
1355 5254 1596 5316 vincere,

470 5347 576 5402 Etsi
600 5347 857 5407 trucider.
889 5354 943 5400 te
980 5343 1336 5415 triumphabo
1361 5342 1574 5416 integre
1610 5359 1634 5388 »

471 5436 782 5503 Praefectus,
813 5437 941 5491 inde
961 5436 1109 5490 bella
1134 5435 1292 5490 matri
1325 5447 1678 5505 comparans,

475 5528 568 5581 Die
600 5527 808 5582 resedit
828 5526 1014 5581 Martis
1045 5526 1099 5578 in
1132 5524 1251 5580 foro
1271 5524 1463 5590 altera,

476 5619 733 5687 Hancque
771 5617 1019 5673 exhiberi
1054 5616 1210 5687 prole
1223 5623 1454 5686 septena
1470 5614 1630 5682 jubet

478 5704 770 5771 Stipatam,
801 5715 857 5760 et
887 5705 1176 5774 indulgere
1205 5705 1351 5758 natis
1379 5704 1667 5757 admonet.

2103 4345 2160 4413 D
2183 4343 2260 4397 Ad
2291 4355 2454 4413 quem
2471 4340 2630 4394 beata
2662 4339 2745 4393 his
2765 4338 2939 4394 utitur
2978 4335 3234 4390 Felicitas
3266 4354 3282 4388 :

2177 4461 2202 4484 α
2234 4429 2536 4487 Crudelitas
2558 4436 2671 4494 tua,
2703 4427 2845 4481 lenis
2871 4424 3202 4484 exhortatio,

2177 4523 2399 4581 Pietatis
2426 4521 2589 4590 hujus
2615 4519 2786 4589 impia
2816 4525 2898 4573 est
2930 4516 3230 4571 miseratio.
3260 4536 3284 4565 »

2168 4620 2315 4685 Hinc
2344 4631 2502 4671 versa
2533 4615 2728 4668 charos
2753 4611 3012 4667 convenit
3041 4610 3122 4664 sic
3151 4608 3296 4664 filios
3324 4627 3337 4672 ;

2182 4734 2207 4764 «
2239 4709 2460 4772 Videre,
2491 4704 2623 4769 nati,
2657 4703 2879 4770 coelum,
2909 4709 2962 4757 et
2993 4701 3308 4765 intuemini,

2179 4800 2274 4854 Hic
2298 4796 2549 4851 Christus
2577 4794 2721 4848 almo
2752 4793 2985 4846 sustinet
3014 4806 3110 4847 vos
3145 4807 3269 4845 cum
3304 4791 3480 4845 choro
3516 4805 3530 4856 ;

2183 4891 2426 4964 Pugnate
2453 4885 2620 4941 vestri
2648 4901 2748 4955 pro
2778 4885 2953 4938 salute
2975 4882 3244 4937 mentium
3279 4900 3294 4947 ;

2189 4981 2316 5049 Ejus
2346 4976 2540 5032 fideles
2569 4991 2667 5030 vos
2697 4975 2868 5029 amori
2899 4972 3147 5044 pandite,
3183 4996 3208 5021 υ

2191 5067 2374 5139 Alapis
2405 5065 2472 5120 ad
2501 5065 2602 5119 ista
2634 5064 2776 5118 hanc
2798 5061 3017 5117 concuti
3047 5061 3143 5115 dat
3166 5059 3423 5128 Publius,

2192 5157 2254 5212 Et
2285 5169 2595 5211 convocans
2627 5153 2782 5207 litare
2795 5151 2992 5205 suadet
3013 5149 3230 5214 liberis,

2193 5271 2219 5297 α
2258 5246 2518 5310 Hortaris,
2552 5243 2691 5311 infit,
2719 5242 2882 5298 stulta
2914 5241 3243 5306 Ianuarius;

2195 5337 2491 5392 Conservat
2517 5341 2697 5388 autem
2729 5347 2942 5386 summa
2975 5345 3062 5383 me
3092 5327 3388 5400 sapientia,

2193 5424 2463 5496 Dabitque
2482 5431 2680 5478 cuncta
2709 5428 2893 5475 vestra
2920 5417 3061 5473 vinci
3099 5417 3358 5472 tormina-
3380 5437 3409 5466 υ

2190 5517 2379 5572 Vibice
2410 5515 2631 5586 plcxum
2652 5515 2802 5568 hunc
2822 5526 3021 5566 censor
3055 5509 3209 5563 abdit
3233 5523 3482 5576 carcere,

2195 5611 2343 5667 Felix
2368 5615 2589 5665 secutus
2623 5625 2636 5662 :
2673 5633 2694 5652 α
2732 5593 2882 5661 Unus
2905 5613 2987 5660 est
3017 5619 3181 5675 quem
3223 5603 3503 5669 novimus,

2197 5701 2293 5757 Cui
2325 5708 2452 5757 vota
2475 5715 2626 5772 purae
2648 5698 2925 5753 servitutis
2951 5696 3215 5751 solvimus
3241 5714 3253 5758 ;

3678 315 3786 369 648
