3970 6200
204 346 316 400 649
819 358 900 412 DE
943 360 1197 420 CHRISTI
1236 368 1593 427 TRIUMPHIS
1634 377 1804 432 APUD
1848 380 2110 439 ITALIAM
2154 388 2327 444 LIBRI
2368 392 2498 447 XIV.
2542 424 2609 433 —
2650 397 2771 451 LIB.
2820 400 2911 454 III.

206 469 283 523 Ne
307 472 469 527 crede
492 478 663 531 nostri
687 480 949 538 eharitate
977 487 1144 543 dividi

209 561 317 615 Nos
348 579 507 632 posse
536 567 758 637 Christi;
791 576 1020 632 saeviant
1051 581 1094 633 si
1126 584 1377 651 verbera,

122 664 127 667 ‘
207 651 318 705 Nec
351 663 534 710 nostra
560 660 703 715 vinci
730 679 830 717 nec
863 676 1041 736 potest
1067 674 1202 727 verti
1236 673 1391 730 fides.
1440 702 1464 723 »

212 739 500 813 Philippus
532 747 695 803 inde:
743 776 763 797 οι
810 755 955 818 Quos
976 763 1182 815 vocatis
1212 780 1307 818 vos
1338 766 1471 821 deos

1846 508 1899 575 Α
1926 506 2055 561 Tum
2088 511 2378 569 Martialis:
2426 539 2446 566 ι
2492 518 2589 583 Qui
2622 522 2788 575 Deum
2822 540 3008 579 verum
3039 526 3299 585 abdicant

1933 602 2170 659 Urcntur
2199 609 2341 681 ignis
2372 610 2589 667 flamma
2618 615 3006 673 ineluctabilis.
3055 642 3073 670 ι

1931 691 2052 745 Haec
2079 700 2355 763 prosecuti
2382 701 2628 755 moribus
2661 720 2755 773 pro
2779 708 3045 775 strenuis,

1928 783 2091 858 Regis
2117 792 2357 858 supremi
2376 791 2690 865 judicisque
2722 799 2909 852 saeculi

1926 876 2120 932 Amore
2152 880 2345 937 fratres
2369 900 2430 938 ac
2462 886 2655 941 timore
2688 888 2901 955 fervidi,

1927 966 2128 1023 Censor
2150 972 2328 1027 lituris
2350 975 2493 1029 dicta
2523 978 2665 1051 legat
2697 981 2968 1051 principi;

1924 1058 2067 1122 Quos
2095 1061 2183 1115 ille
2209 1066 2386 1133 poenis
2417 1067 2641 1122 interire
2672 1070 2884 1126 dissoni

1925 1150 2023 1204 Per
2053 1152 2370 1211 differentes
2410 1158 2499 1212 dat
2529 1160 3034 1230 direptosjudices.

1922 1242 2047 1297 Post
2074 1260 2213 1298 saeva
2242 1262 2473 1317 quorum
2500 1250 2668 1321 ﬂagra
2697 1252 3011 1319 Ianuarius,

1921 1330 2046 1385 Post
2077 1335 2371 1390 carceralia
2402 1337 2580 1392 vincla
2604 1340 2827 1409 plumbo
2852 1344 3109 1411 caeditur;

1920 1424 2069 1479 Felix
2100 1438 2421 1499 peremptus
2449 1448 2574 1486 cum
2608 1434 2862 1506 Philippo
2906 1438 3179 1504 fustibus;

1916 1516 2169 1573 Silvanus
2199 1522 2307 1575 alto
2329 1524 2573 1596 vergitur
2599 1524 2848 1599 fastigio;

1914 1610 1977 1663 At
2004 1610 2260 1667 Martialis
2291 1621 2453 1686 atque
2487 1617 2792 1672 Alexander
2819 1621 2926 1688 pia,

1914 1703 2081 1758 Vitale
2116 1705 2321 1771 iuncto,
2354 1708 2495 1762 colla
2526 1711 2658 1763 secti
2693 1712 3002 1786 demigrant

1915 1789 2058 1845 Vitae
2090 1795 2351 1862 perennis
2380 1796 2613 1851 subituri
2652 1800 2902 1873 gloriam.

2091 1835 2351 1862 ,ιυωηηω
2381 1835 2613 1851 suum...
2652 1835 2902 1873 ὃιυιιαιιι.

1837 1835 1883 1901 Β
1915 1883 2037 1935 Post
2079 1883 2363 1951 passiones
2396 1892 2471 1939 tot
2502 1894 2636 1958 quot
2664 1889 2779 1943 edit
2814 1891 3044 1963 pignora

1913 1974 2115 2029 Parens
2146 1975 2303 2030 beata
2334 1977 2592 2047 plectitur
2622 1982 2940 2038 novissima.

1914 2067 1976 2121 Et
2003 2067 2154 2137 prole
2186 2068 2342 2122 caelis
2372 2069 2629 2126 obviante
2661 2074 2907 2142 praedita,

1914 2156 2075 2228 Regis
2101 2158 2323 2228 superni
2368 2166 2612 2229 permeat
2643 2162 2842 2231 palatia

1913 2244 2205 2315 Sumptura
2230 2254 2375 2302 certa
2398 2250 2745 2317 praemiorum
2770 2252 2987 2323 gaudia.

206 1019 380 1087 Sunt;
416 1024 498 1078 his
528 1028 784 1086 subactos
805 1041 909 1088 stat
940 1039 1118 1105 perire
1153 1042 1203 1095 in
1246 1046 1462 1102 saecula.
1513 1072 1534 1093 ιο

204 1116 457 1174 Silvanus
486 1122 694 1193 inquit:
741 1153 764 1173 «ι
810 1129 914 1184 Ista
954 1133 996 1185 si
1040 1136 1360 1204 probaveris

203 1203 499 1264 Tormenta
523 1227 622 1266 nos
653 1215 844 1272 timere
869 1203 1203 1291 transitoria,

198 1296 419 1354 Eterna
447 1303 622 1359 victos
652 1308 908 1366 auferent
938 1316 1303 1374 cruciamina:

199 1388 331 1443 Nam
359 1392 561 1449 scimus
587 1401 759 1469 aequis
790 1402 1118 1471 splendeant
1147 1426 1268 1480 quae
1297 1416 1542 1482 praemia,

198 1480 326 1543 Quae
358 1484 466 1538 sint
506 1486 709 1558 iniquis
729 1496 1028 1551 constituta.
1056 1499 1238 1555 debita
1274 1523 1289 1555 :

198 1570 409 1627 Idcirco
441 1575 590 1649 leges
624 1587 828 1635 terreas
859 1590 1284 1659 contemnimus,

195 1662 585 1735 Obtemperare
608 1673 1240 1745 ccelicis'contcndimus,
1289 1706 1309 1735 ι

201 1775 224 1805 α
266 1755 398 1810 Sum
436 1775 625 1815 servus
666 1764 795 1820 inde
827 1768 1023 1826 Christi
1062 1775 1367 1832 Alexander
1399 1781 1535 1848 Dei;

199 1845 352 1901 Iquc
376 1864 471 1903 ore
503 1851 675 1909 fassus
705 1860 869 1914 corde
902 1860 1058 1919 firmo
1089 1868 1372 1934 credulus;

196 1936 586 1997 Indesinenter
614 1962 732 2013 oro,
761 1953 992 2022 supplex
1025 1960 1246 2026 percolo

200 2032 420 2088 Inﬁrma
450 2052 613 2106 quam
645 2042 813 2096 tueris
834 2051 964 2100 aetas
992 2064 1222 2119 corpore

198 2123 356 2180 Canae
387 2129 555 2183 nitela
579 2133 845 2201 permicat
866 2139 1193 2205 prudentiae.
1244 2170 1269 2190 ιι

200 2215 388 2272 Vitalis
427 2221 586 2275 exin:
632 2244 658 2273 «
700 2225 797 2280 Ille
828 2227 959 2283 vivit
989 2232 1082 2301 qui
1118 2235 1284 2290 Deum

198 2307 393 2361 Verum
438 2320 710 2381 precatur,
742 2316 886 2371 haud
919 2329 1071 2393 rogat
1102 2325 1194 2394 qui
1222 2326 1521 2385 daemonas.
1568 2354 1588 2382 n

1675 2437 1880 2495 CAPUT
1924 2442 2057 2499 XVI.

1508 2536 1585 2596 De
1625 2552 1828 2602 sancto
1874 2544 2219 2605 Concordia.

1914 2656 2087 2712 Petita
2116 2658 2305 2726 sumit,
2347 2660 2635 2716 ordinatur
2666 2662 2952 2734 presbyter

1912 2750 1950 2801 A
1973 2764 2082 2819 quo
2114 2749 2310 2805 diebus
2340 2752 2597 2821 praestitis
2627 2753 2984 2821 Concordius,

1915 2837 1977 2891 Et
2006 2848 2358 2894 consecratus
2388 2842 2697 2896 restituitur
2726 2843 2918 2910 judici.

1914 2925 2067 2980 Circa
2097 2927 2328 2982 salutem
2369 2930 2517 3000 quod
2544 2931 2788 2985 volutum
2824 2932 3088 3002 poscitur.

1920 3037 1943 3068 α
1983 3018 2138 3072 Salus
2177 3027 2230 3073 at
2260 3020 2351 3075 ille
2393 3022 2658 3090 Christus,
2682 3024 2860 3094 inquit
2894 3033 2977 3081 est
3003 3043 3145 3091 mea,

1912 3108 2007 3162 Cui
2033 3109 2210 3164 laudis
2243 3112 2359 3181 ipse
2390 3129 2543 3168 sacra
2569 3131 2791 3186 semper
2810 3116 2999 3173 offero.
3050 3141 3068 3169 ι

1913 3194 2122 3263 Comes,
2157 3197 2338 3253 furore
2370 3200 2588 3270 plenus,
2622 3220 2930 3274 appensum
2964 3207 3059 3260 diu

1911 3289 2177 3359 Torquet;
2208 3292 2300 3345 dat
2326 3292 2454 3348 inde
2477 3296 2618 3351 ferro
2650 3308 2904 3355 onustum
2938 3305 3166 3368 carceri,

201 2630 309 2684 Hac
339 2629 489 2684 caede
521 2616 815 2700 S'poletana
846 2644 1092 2691 sanetum
1127 2640 1316 2696 civitas

196 2724 359 2793 Coelis
399 2726 632 2780 sacravit
662 2734 952 2798 martyrem
990 2730 1371 2793 Concordium.

199 2816 295 2869 llic
317 2824 470 2886 patre
504 2818 686 2872 Romae
709 2819 981 2877 Gordiano
1004 2824 1266 2896 gignitur,

196 2904 295 2968 Qui
329 2905 658 2960 constitutus
688 2907 837 2961 fulsit
874 2910 1003 2964 olim
1034 2916 1282 2981 praesulis

197 2992 279 3045 Pii
311 2992 658 3048 ordinatione
689 2996 1082 3063 subdiaconus,

193 3077 485 3148 Tituloque
507 3087 625 3149 post
653 3081 890 3137 Pastoris
916 3094 1105 3141 auctus
1137 3091 1423 3163 presbyter

196 3170 339 3225 Vixit
371 3188 609 3243 superna
641 3178 900 3233 servitute
933 3181 1136 3238 nobilis

198 3260 456 3314 Precibus
493 3262 732 3337 benigne
773 3266 940 3322 fultus
963 3272 1309 3341 acjejuniis:

197 3349 287 3403 His
309 3350 430 3405 lucc
460 3352 691 3424 degens,
727 3356 812 3409 his
845 3359 1087 3414 tenebris
1113 3364 1412 3431 excubans,
1913 3349 2195 3435 Sola-tione
2223 3398 2330 3453 quo
2359 3384 2569 3440 levatur
2596 3390 2856 3449 ccelitum.

195 3440 327 3494 Cum
362 3443 516 3512 prole
542 3443 731 3500 fulcris
759 3463 1061 3518 pauperum
1096 3452 1307 3510 instans
1336 3459 1593 3517 sedulus:
1831 3508 1875 3571 Γ
1910 3469 2105 3525 Tribus
2135 3474 2369 3542 peractis
2400 3475 2454 3528 in
2488 3480 2697 3533 catenis
2714 3483 2968 3539 noctibus

196 3532 349 3571 "uno
381 3534 471 3571 nni
508 3534 668 3571 hnotn
698 3550 1067 3571 nnmmnnnnnt
1097 3544 1316 3571 D..u-...L:
1862 3548 1878 3570 λ
1911 3559 1939 3571 η
2854 3570 2857 3571 ,

196 3532 352 3587 Hunc
381 3534 473 3605 qui
508 3534 668 3590 beato
698 3550 1072 3596 commanerct
1095 3544 1319 3617 Eutychi
1831 3532 1878 3571 ι’
1910 3559 2182 3630 Superare
2224 3570 2464 3617 mentem
2493 3582 2693 3636 corpus
2714 3579 2806 3623 aut
2840 3570 3057 3628 fervens
3096 3591 3283 3632 comes

192 3624 301 3680 Suo
329 3629 564 3682 moranti
588 3629 643 3683 in
684 3632 890 3699 pra-dio
914 3634 1120 3689 Salaria
1911 3624 2075 3723 Legat
2104 3650 2351 3706 litantem
2378 3655 2526 3709 caede
2559 3624 2760 3712 mentis
2784 3661 2875 3729 qui
2908 3673 3128 3727 necent,

1912 3742 2006 3796 Vel
2040 3751 2391 3814 respuentem
2433 3746 2583 3799 caede
2614 3747 2797 3800 carnis
2830 3748 3133 3807 immolent.

1914 3833 2061 3887 Missi
2093 3835 2367 3891 irruentes
2400 3837 2533 3891 libet
2573 3844 2632 3891 ut
2661 3839 2923 3894 satellites

1912 3922 2058 3977 Jovis
2090 3922 2329 3980 ferentes
2359 3926 2632 3996 imperant
2660 3931 3032 3986 statunculum

1913 4010 2109 4066 Stricto
2140 4012 2224 4067 vel
2251 4028 2381 4067 ense
2415 4015 2555 4069 colla
2586 4022 2768 4069 sectus
2795 4025 3049 4087 appetat:

1921 4126 1939 4155 ο
1987 4106 2105 4161 Tibi
2140 4108 2407 4177 rependo,
2437 4108 2646 4163 Christe
2678 4109 2826 4176 Jesu,
2857 4114 3075 4181 gratias,

1915 4196 2221 4267 Animoque
2250 4196 2427 4250 celsus
2458 4196 2511 4249 in
2542 4197 2691 4251 Jovis
2721 4198 2927 4253 vultum
2962 4201 3129 4270 spuit.

1919 4286 2276 4341 Confessione
2307 4288 2477 4342 fretus
2492 4288 2584 4341 alti
2619 4289 2857 4343 nominis

1920 4378 2090 4447 Caput
2114 4379 2323 4433 recisus
2349 4394 2501 4444 ense,
2533 4380 2733 4433 mentis
2754 4380 2968 4454 integer

1923 4466 2127 4521 Emittit
2151 4468 2313 4521 astris
2341 4467 2666 4539 gloriantem
2707 4469 2986 4540 spiritum,

1922 4556 2143 4610 Glebam
2178 4557 2351 4612 relicti
2384 4559 2707 4632 colligentes
2737 4560 2985 4635 pignoris

1922 4645 2143 4700 Gemina
2174 4645 2400 4722 benigni
2421 4649 2684 4703 charitate
2712 4650 2894 4705 clerici

192 3715 354 3772 Mittit
384 3719 659 3774 volentem
686 3723 831 3777 celsa
854 3727 1123 3781 scandere
1151 3728 1342 3785 filium.

191 3808 422 3871 Quidam
456 3827 685 3867 manens
708 3814 761 3867 in
792 3815 929 3870 urbe
961 3817 1184 3887 Spoleto
1210 3836 1418 3890 comes,

188 3903 515 3973 Torquatus,
539 3906 730 3961 horum
774 3908 973 3965 lividus
1001 3916 1309 3982 praeconiis.

194 3994 421 4049 Beatum
454 3995 521 4049 ab
562 4013 692 4069 agro
721 4000 951 4057 devocat
982 4003 1347 4061 Concordium

202 4084 516 4157 Quaeritque
541 4088 744 4144 scitans
768 4108 880 4161 quo
919 4105 1146 4150 vocetur
1174 4099 1418 4153 nomine.

202 4176 503 4247 Respondit
532 4178 625 4234 ille
658 4178 1021 4263 Christianum
1053 4203 1112 4241 se
1142 4187 1256 4244 fore
1287 4190 1404 4261 [pro
1434 4193 1597 4263 esse]

200 4267 428 4323 Comes:
477 4291 497 4319 σ
544 4269 781 4342 Requiro
813 4262 1035 4343 nomen,
1079 4279 1222 4334 haud
1258 4281 1527 4337 Christum
1562 4292 1739 4341 tuum.
1783 4308 1813 4337 »

201 4377 231 4407 α
271 4358 399 4412 Sum
442 4358 799 4429 Christianus,
828 4364 957 4432 iste,
992 4367 1260 4423 Christum
1294 4372 1552 4441 praedico.
1602 4392 1624 4427 η

202 4448 435 4522 Urgetur
472 4451 540 4505 ad
568 4451 796 4522 profana
834 4455 989 4512 fortis
1016 4458 1069 4513 in
1105 4458 1245 4526 fide;

200 4540 368 4595 Durat
397 4542 606 4597 severis
646 4544 807 4600 dorsa
836 4564 1009 4603 caesus
1040 4549 1295 4607 fustibus.

198 4627 432 4684 Posthac
460 4629 656 4686 beatus
679 4633 949 4704 Eutyches
976 4653 1097 4691 cum
1122 4642 1356 4709 praesule

201 4716 440 4772 Veniunt
472 4728 727 4793 rogantes
749 4723 992 4791 judicem
1034 4742 1131 4797 pro
1171 4734 1429 4799 martyre,
1920 4732 2078 4787 Juxta
2110 4735 2416 4789 recondunt
2444 4735 2554 4790 lota
2585 4738 2734 4791 caede
2767 4736 2991 4801 maenia,

202 4808 531 4881 Aliquotque
562 4822 795 4882 poscunt
823 4815 967 4871 hunc
990 4817 1095 4871 sibi
1124 4818 1325 4874 diebus
1347 4821 1460 4874 dari
1838 4818 1895 4887 D
1924 4822 2175 4893 Locoque
2208 4825 2403 4880 eodem
2434 4826 2583 4881 fonte
2610 4829 2737 4883 vitae
2771 4828 2967 4899 proﬂui

200 4899 426 4956 Comitis
443 4900 628 4959 favore
663 4904 797 4975 [cod.
829 4906 882 4974 2,
906 4907 1142 4981 favorus]
1171 4910 1311 4967 forte
1345 4913 1541 4983 praesul
1568 4913 1819 4968 Antimus
1922 4916 2090 4969 Undae
2123 4916 2355 4987 liquoris
2385 4919 2692 4976 excitantur
2730 4922 2983 4992 plurimae

1661 5036 1867 5091 CAPUT
1905 5038 2061 5092 XVII.

1536 5141 1610 5199 De
1652 5149 1857 5201 sancto
1901 5142 2221 5201 Pontiano.

1930 5256 2101 5308 Iratus
2122 5252 2277 5315 orsis,
2309 5252 2579 5308 Fabianos
2610 5258 2734 5309 exui

1926 5347 2213 5420 Virgisque
2244 5345 2379 5400 caedi
2418 5345 2744 5402 Pontianum
2776 5352 3043 5423 praecipit,

1929 5438 2129 5504 Caesus,
2162 5436 2371 5491 cruoris
2400 5436 2532 5490 dum
2558 5436 2730 5492 fluore
2759 5440 2958 5496 humus
2984 5445 3189 5499 madet.

1926 5527 2099 5582 Nudis
2123 5526 2349 5595 jubetur
2382 5524 2617 5581 fervidas
2638 5527 2882 5597 vestigiis

1925 5616 2179 5673 Pressare
2209 5631 2434 5686 prunas.
2476 5617 2678 5689 Martyr
2716 5618 2922 5688 inquit:
2971 5638 2991 5665 α
3036 5620 3265 5677 Ambulo

1927 5707 2123 5763 Christi
2157 5708 2265 5762 mei
2300 5708 2502 5768 virtute
2534 5710 2806 5767 fervorem
2838 5710 2988 5762 hunc
3018 5724 3202 5778 super.
3232 5732 3257 5763 ι)

510 5810 807 5872 PA’I‘ROL.
866 5812 1202 5874 CXXXV.
3177 5837 3251 5895 21

3177 5878 3217 5896 IV

202 5241 299 5298 Hic
339 5243 638 5300 Pontianus
662 5246 964 5306 Fabianum
996 5252 1220 5307 turbine

199 5331 313 5387 Sub
349 5333 453 5387 hoc
482 5334 827 5405 triumphans
856 5341 1041 5394 saeculi
1072 5358 1195 5396 cum
1229 5342 1435 5397 lumine

198 5420 395 5475 Christi
430 5438 685 5491 supernae
716 5427 998 5498 particeps
1033 5428 1091 5483 fit
1120 5431 1328 5502 gloriae.

202 5512 580 5583 Interrogatus
610 5516 756 5583 quod
788 5517 892 5570 sibi
928 5519 1288 5575 vocabulum:

203 5624 228 5648 ιι
272 5599 405 5654 Mihi
438 5600 736 5657 Pontianus
758 5604 919 5675 (infit)
948 5623 980 5660 a
1010 5608 1360 5675 parentibus,

200 5690 266 5744 At
291 5688 473 5756 majus
505 5688 599 5743 illo
632 5689 968 5747 Christianus
998 5708 1201 5748 nomen
1234 5702 1332 5749 est.
1382 5714 1405 5745 ››

3438 412 3472 465 6

3511 412 3545 463 Ο
