3970 6200
457 322 550 373 (itii
1211 314 1573 369 FLODOARDI
1617 311 1925 366 CANONUZI
1968 309 2294 364 REMENSIS
2333 309 2667 366 OPUSCUIA
2708 311 3016 367 METRICA.
3700 321 3792 373 659,

454 448 493 500 A
524 445 706 500 Calida
732 458 954 497 manum
982 442 1172 515 tingue
1189 440 1341 495 Jovis
1371 440 1425 494 in
1456 439 1701 494 nomine.
2088 443 2137 508 Α
2174 436 2435 491 Claustris
2465 436 2680 508 repelli,
2704 436 2789 492 vel
2819 438 3063 492 coerceri
3091 439 3266 508 seris;

457 536 623 590 Dictis
649 533 844 587 relisus
877 532 968 586 ille
998 547 1330 601 suspensum
1350 529 1499 597 iubet
2167 528 2303 593 Quin
2336 528 2424 583 cui
2457 529 2615 599 dapis
2638 538 2872 603 negatur
2892 546 3020 585 esca
3046 538 3242 587 terrea:

456 627 617 681 Uncis
655 625 914 680 athletam
940 623 1206 678 lancinari
1238 621 1453 687 ferreis,
2166 619 2376 689 Supero
2398 620 2671 675 ministrat
2693 619 2960 676 ferculum
2984 622 3279 691 solamine,

450 715 744 770 Atrocitate
764 715 894 767 dum
922 712 1126 767 fatiscit
1153 710 1432 777 carnifex;
2167 709 2411 781 Cazlique
2443 727 2679 781 pascens
2711 712 2940 767 roborat
2969 715 3330 772 saturamine.

454 804 662 858 Deinde
685 812 866 859 trusus
897 802 1141 858 caecitate
1164 799 1400 855 carceris
2170 801 2275 855 Isto
2303 801 2519 856 dierum
2553 802 2811 858 devoluto
2844 813 3112 875 tempore,

452 892 847 947 Corroboratur
870 907 901 945 a
940 891 1050 945 Deo
1078 890 1222 943 datis
1251 887 1398 942 viris.
2169 893 2301 947 Dum
2329 893 2438 962 jam
2483 900 2739 965 putantes
2771 896 2917 950 hunc
2944 896 3159 953 lanistae
3191 909 3505 967 mortuum,

452 985 605 1049 Item,
648 983 909 1037 reductus
943 981 1011 1036 ad
1035 980 1303 1045 duellum,
1324 976 1621 1047 exponitur
2166 979 2393 1036 Auferre
2415 997 2616 1053 corpus
2647 1000 2706 1037 se
2729 983 2954 1038 latebris
2984 985 3265 1060 ingerunt.
3356 1010 3361 1017 ·

452 1077 744 1147 Spectante
772 1075 919 1129 binis
948 1073 1155 1145 oppido
1185 1071 1461 1136 leonibus,
2167 1072 2380 1127 Laudes
2409 1080 2697 1128 canentem
2722 1084 3115 1147 perstupentes
3144 1078 3403 1145 audiunt,

450 1165 573 1230 Qui,
603 1163 879 1218 mansueti
906 1162 1164 1232 martyris
1204 1160 1329 1215 facti
1370 1159 1501 1226 fide,
2167 1161 2404 1216 Eductus
2432 1171 2584 1217 actus
2622 1171 2705 1218 est
2731 1164 2960 1238 grabato
2994 1164 3197 1233 ferreo,

447 1253 630 1307 Vitant
658 1252 807 1307 beati
836 1251 1081 1306 membra
1114 1250 1272 1305 testis
1302 1256 1547 1323 tangere.
2168 1246 2517 1321 Plumboque
2539 1250 2702 1306 dorsa
2725 1267 2952 1322 sparsus
2980 1252 3110 1328 igne
3146 1253 3398 1323 fervido;

449 1344 631 1400 C(etus
664 1352 824 1399 tuens
862 1345 1007 1399 haec:
1056 1365 1077 1395 ι
1124 1341 1556 1398 Christianorum
1590 1341 1752 1408 Deus,
2168 1340 2303 1395 Dum
2337 1342 2745 1413 parvipendens
2769 1344 2876 1400 ista
2905 1345 3050 1401 ridet
3077 1348 3285 1403 arduus

449 1435 742 1501 Exclamat,
774 1435 899 1489 altis
927 1449 1160 1508 magnus
1179 1439 1262 1487 est
1287 1430 1646 1487 clamoribus.
1694 1451 1715 1481 ι
2170 1432 2426 1500 Bellator,
2459 1433 2567 1489 alta
2605 1444 2791 1491 mente
2821 1438 3042 1493 calcans
3066 1439 3325 1508 tormina,

454 1525 651 1579 Iterum
683 1524 875 1578 beatus
904 1537 1123 1578 carcere
1144 1521 1477 1586 remittitur;
2168 1524 2443 1581 Confusus
2469 1527 2586 1582 edit
2612 1544 2809 1585 censor
2838 1539 2992 1586 atrox
3022 1532 3196 1601 praelii

453 1615 540 1669 Bis
567 1631 664 1669 sex
691 1612 887 1667 diebus
908 1612 1057 1666 hunc
1079 1610 1323 1666 tenebris
1361 1608 1606 1665 obsitum
2169 1615 2426 1672 Macrone
2467 1625 2670 1673 metam
2694 1637 2707 1673 :
2731 1620 2831 1686 sic,
2864 1621 3112 1677 minutus
3132 1623 3363 1691 vertice,

453 1705 712 1760 Homines
736 1711 990 1759 vetantur
1019 1702 1259 1775 allevare
1296 1699 1569 1755 aﬁ‘atibus.
2095 1772 2142 1790 η
2173 1709 2367 1780 Martyr
2404 1726 2659 1781 supernae
2691 1730 2860 1789 regna
2887 1716 3102 1771 scandit
3130 1718 3320 1790 gloriae
3347 1736 3362 1783 ;

452 1800 651 1872 Nequit
688 1800 786 1854 sed
814 1800 922 1853 alta
944 1772 1265 1854 cmlicorum
1296 1795 1534 1849 charitas
2095 1772 2146 1840 Β
2168 1772 2422 1854 Gaudent
2450 1772 2676 1873 recepto
2704 1772 3033 1861 co’nsodales
3061 1772 3313 1878 pignore.

1896 1893 2105 1949 CAPUT
2140 1897 2323 1953 XVIII.

1586 1996 1664 2056 De
1690 1997 1923 2056 ultione
1950 2007 2181 2073 quarta
2202 2002 2662 2075 persecutionis.

454 2110 635 2166 Turbo
664 2108 855 2164 volans
880 2108 970 2163 hic
999 2106 1257 2162 dividuus
1290 2105 1407 2163 sola
1437 2105 1639 2160 Gallica
1672 2112 1895 2177 quassat
2174 2108 2287 2173 Qua
2318 2109 2437 2164 sine
2466 2110 2702 2167 ruricola
2732 2114 2935 2184 passim
2965 2131 3114 2183 rura,
3142 2116 3372 2187 oppida.
3400 2120 3573 2189 villae,

458 2201 630 2271 Atque
667 2197 829 2263 Asiae,
852 2196 1163 2267 multosque
1186 2194 1303 2251 fero
1328 2201 1534 2250 tortore
1564 2201 1792 2249 coronat
2174 2199 2482 2269 Desertum,
2513 2203 2701 2270 silvas,
2744 2221 2973 2280 magnas
3003 2214 3059 2262 et
3085 2224 3241 2263 versa
3265 2209 3476 2278 ruinas,

458 2292 780 2346 Sanctorum
820 2288 1017 2344 validis
1040 2287 1357 2341 vincentum
1389 2292 1567 2341 terrea
1606 2285 1785 2340 bellis.
2175 2288 2653 2347 Occiderintacies
2675 2292 2779 2347 late
2810 2302 3133 2366 cunctaeque
3155 2296 3461 2370 phalanges

456 2384 630 2438 Pestis
653 2390 707 2437 at
728 2381 1042 2453 insequitur
1062 2379 1386 2452 regionibus
1402 2387 1519 2434 acta
1541 2394 1641 2449 per
1666 2377 1856 2433 orbem
1912 2416 1917 2423 μ
2158 2381 2477 2449 Romuleae,
2500 2382 2805 2458 longinqua
2835 2387 3026 2456 procul
3059 2386 3268 2442 Iiberna
3299 2391 3573 2459 colentes,

459 2478 741 2543 Romanis,
774 2476 903 2532 tabo
926 2475 1182 2531 inficiens
1214 2475 1338 2529 data
1368 2488 1599 2544 corpora
1628 2473 1845 2538 morbo,
2182 2468 2424 2525 Vindicis
2455 2470 2760 2543 absumpta:
2792 2480 2943 2528 tanto
2974 2474 3185 2530 fervore
3216 2475 3516 2545 feruntur;

459 2571 752 2626 Vermibus
776 2578 942 2642 atque
969 2570 1220 2642 ndigens,
1251 2566 1385 2622 olim
1415 2582 1517 2621 ceu
1549 2582 1719 2640 regna
1751 2564 1956 2635 Canopi
2187 2560 2359 2633 thue
2398 2570 2588 2618 exorta
2612 2573 2839 2635 crepant
2861 2581 2986 2621 mox
3011 2566 3410 2625 Marcomani“
3438 2570 3618 2636 DCIII.

467 2659 723 2731 Improba
747 2658 990 2729 corrupit
1006 2671 1191 2712 verme
1217 2662 1382 2727 atque
1410 2654 1703 2725 putredine
1728 2669 1938 2709 musca.
2186 2649 2414 2704 Nonnisi
2454 2649 2674 2706 delectu
2707 2651 2914 2707 fuerint
2943 2661 3170 2710 tractata
3196 2657 3429 2725 recenti,

462 2749 627 2803 Missa
654 2748 775 2802 lues
804 2748 978 2818 ipsam
1008 2761 1157 2809 mox,
1187 2759 1311 2816 qua:
1340 2749 1505 2814 caput
1531 2743 1831 2814 impietatis
2188 2743 2357 2808 Quem
2397 2745 2661 2802 struxisse
2691 2747 2851 2802 datur
2879 2748 3092 2805 Marcus
3127 2756 3238 2805 tres
3260 2751 3472 2827 jugiter
3500 2771 3702 2812 annos.

469 2838 702 2905 Exstitit,
734 2836 1030 2892 Ausoniam
1056 2844 1210 2891 vasta
1236 2833 1318 2890 sic
1347 2832 1503 2889 clade
1534 2833 1802 2900 trucidat;

1941 2903 2148 2961 CAPUT
2196 2905 2328 2960 XIX.

1017 3007 1097 3066 De
1120 3007 1338 3085 pluvia
1366 3013 1419 3065 et
1450 3006 1711 3066 victoria
1735 3005 2037 3067 militibus
2063 3023 2171 3084 per
2200 3005 2645 3066 invocationem
2683 3004 2913 3067 Christi
2939 3024 3233 3069 concessa.

471 3122 595 3176 Haec
633 3118 831 3175 Christi
852 3117 1026 3174 virtus
1058 3115 1273 3171 Domini
1303 3114 1585 3170 moderata
1624 3114 1910 3186 probatur,
2186 3113 2334 3169 leo
2365 3112 2620 3168 deductis
2650 3113 2904 3169 satiarint
2933 3115 3154 3187 agmina
3185 3117 3411 3181 nimbis.

467 3211 584 3266 Non
614 3209 817 3265 nostris
848 3214 1082 3271 tantum,
1112 3205 1355 3261 externis
1382 3204 1518 3277 quin
1552 3204 1866 3280 relligione,
2112 3188 2162 3255 C
2184 3204 2527 3260 Fulminibus
2551 3204 2741 3259 hostes
2760 3220 2825 3259 ac
2846 3206 3067 3261 caelitus
3091 3207 3218 3281 igne
3245 3208 3489 3285 fugarint

467 3303 774 3358 Castrorum
804 3307 862 3356 ut
902 3309 1158 3374 retegens
1194 3299 1437 3354 ductoris
1474 3297 1709 3369 epistola
1743 3298 1964 3372 signet:
2190 3292 2445 3348 Crebrius
2474 3308 2755 3363 expresso,
2782 3292 3062 3366 legionem
3095 3304 3151 3351 et
3179 3296 3249 3351 ab
3281 3297 3413 3353 inde
3439 3309 3694 3358 vocatam

468 3396 711 3461 Qualiter
748 3400 938 3449 exusto
968 3392 1163 3448 cuneis
1191 3390 1503 3447 sitientibus
1530 3407 1681 3459 arvo,
2188 3384 2543 3450 Fulmineam,
2571 3400 2671 3455 per
2698 3401 2862 3456 quam
2893 3385 3118 3442 victoria
3143 3388 3321 3445 milite
3345 3407 3527 3461 pauco

470 3486 721 3557 Undique
749 3484 878 3539 dum
908 3480 1240 3537 circumfuso
1281 3487 1663 3552 premerentur
1692 3480 1761 3534 ab
1795 3480 1975 3547 hoste,
2187 3477 2343 3534 Parta
2371 3478 2619 3550 quidem,
2656 3487 2713 3533 at
2740 3478 2909 3534 multa
2932 3478 3128 3535 Christi
3161 3480 3411 3539 bonitate
3436 3485 3668 3554 tributa,

468 3574 677 3628 Clausis
700 3571 954 3627 barbarie
981 3576 1210 3626 mortem
1251 3571 1500 3641 caeloque
1535 3568 1803 3634 minante,
2190 3566 2389 3621 Priscis
2418 3566 2768 3622 Romulidum
2793 3566 2962 3621 nullis
2981 3570 3252 3640 aequanda
3274 3572 3524 3642 tmpzeis,

468 3666 802 3723 Christicolae
831 3664 1048 3720 athletae
1077 3662 1323 3734 quidam,
1358 3662 1562 3732 pietate
1589 3661 1859 3733 vigentes,
2185 3658 2334 3715 Juris
2362 3659 2648 3730 inexperta
2666 3658 2936 3714 bellorum
2963 3669 3118 3733 gesta
3137 3662 3388 3718 cohorte.

474 3763 774 3835 l’oplitibus
804 3761 964 3817 flexis
990 3762 1047 3816 in
1069 3758 1298 3831 publica
1322 3763 1449 3813 vota
1479 3755 1714 3828 profusi,
2188 3753 2453 3809 Culminis
2479 3759 2535 3809 at
2562 3752 2761 3810 Christi
2792 3754 2957 3811 solito
2987 3763 3202 3827 patrata
3231 3757 3427 3833 vigore

474 3854 750 3911 Imbribus
777 3853 1023 3910 obtentis
1049 3850 1295 3907 sedarint
1323 3848 1574 3905 nubibus
1599 3854 1801 3916 aestus;

1961 3922 2328 3935 ——_

1717 4006 2038 4063 CAPITULA
2078 4003 2255 4061 LIBRI
2291 4001 2553 4069 QUARTI.

600 4102 729 4159 Car.
844 4100 885 4155 I.
917 4129 986 4141 --
1012 4101 1087 4156 De
1109 4104 1294 4156 sancto
1322 4099 1633 4170 Apollonio.

834 4172 902 4226 II.
934 4202 1002 4211 ——
1027 4175 1104 4227 De
1129 4173 1330 4226 sanctis
1371 4168 1652 4227 Pontiano.
1687 4168 1914 4225 Eusebio
1950 4173 2001 4225 et
2036 4172 2196 4226 sociis
2221 4183 2420 4224 eorum.

832 4241 922 4297 IlI.
952 4273 1024 4282 —
1057 4245 1127 4298 De
1153 4242 1395 4307 vindicta
1430 4244 1681 4312 pra/ate
1716 4239 2071 4296 crudelitatis.

832 4313 912 4368 IV.
948 4345 1013 4354 —
1054 4316 1126 4370 De
1149 4318 1334 4368 sancto
1354 4311 1580 4368 Anicato
1600 4327 1754 4383 papa
1780 4317 1832 4367 ct
1856 4314 2122 4383 Egesippo
2150 4311 2381 4367 doctore.

832 4384 896 4438 V.
938 4416 1003 4425 —
1019 4388 1095 4440 De
1121 4389 1306 4440 sancto
1334 4384 1651 4454 Polycarpo,

833 4455 922 4513 Vl.
954 4486 1022 4496 —
1050 4460 1126 4512 De
1152 4458 1354 4510 sanctis
1393 4452 1592 4521 Sotere,
1613 4452 1922 4510 Eleutherio
1946 4459 1997 4510 et
2026 4456 2238 4512 Victore
2268 4454 2367 4509 PP.

828 4527 941 4581 VII.
969 4558 1033 4568 —
1052 4530 1129 4583 De
1146 4527 1392 4581 vindicta
1415 4528 1617 4596 quintae
1644 4528 2048 4596 persecutionis.

828 4598 953 4671 VII.
980 4628 1051 4638 —
1075 4601 1151 4653 De
1189 4597 1476 4671 Zephirino
1497 4611 1649 4671 papa
1676 4601 1725 4650 et
1748 4600 1934 4651 sancto
1963 4599 2199 4655 Calircto.

833 4669 901 4724 IX
918 4669 988 4709 9—
1027 4672 1102 4724 De
1125 4673 1315 4724 sancta
1343 4670 1606 4723 Martina.

841 4739 904 4794 X.
937 4770 1009 4780 —
1036 4743 1112 4795 De
1139 4743 1324 4795 sancto
1357 4739 1571 4793 Urbano
1594 4752 1746 4809 papa
1774 4741 1825 4791 et
1854 4738 2084 4795 Otacilio.

834 4810 923 4866 ΧΙ.
955 4840 1026 4851 -
1052 4814 1128 4866 De
1155 4811 1359 4865 sanctis
1388 4810 1649 4864 Pontiano
1682 4824 1835 4878 papa
1863 4815 1914 4864 et
1951 4810 2246 4879 Hippolyto
2268 4810 2597 4879 presbytero.

833 4880 946 4937 XII.
981 4912 1048 4922 —
1075 4884 1150 4936 De
1178 4880 1386 4936 Antero
1406 4895 1560 4949 papa
1586 4885 1634 4934 et
1662 4880 1864 4933 ultione
1898 4886 2060 4935 sexta:
2086 4883 2489 4950 persecutionis.

830 4952 972 5007 XIII.
1005 4983 1072 4991 —
1094 4954 1169 5006 De
1205 4952 1415 5007 duobus
1435 4951 1708 5021 Philippis
1736 4952 2152 5019 imperatoribus
2179 4956 2229 5007 et
2258 4954 2446 5007 Pontio
2482 4957 2720 5021 martyre
2748 4955 2909 5020 atque
2937 4950 3198 5007 Fabiano.

834 5023 964 5077 XIV.
1005 5052 1053 5062 -—
1093 5025 1169 5077 De
1181 5024 1384 5078 sanctis
1412 5023 1653 5079 Cornelio
1681 5037 1830 5091 papa
1856 5028 1906 5077 et
1937 5024 2204 5092 Gym-iano
2233 5027 2476 5092 martyre
2501 5026 2766 5092 sociisque
2792 5024 3054 5092 ipsorum.

833 5093 936 5149 XV.
988 5124 1049 5133 —
1077 5096 1153 5149 De
1181 5095 1382 5149 sanctis
1402 5093 1599 5148 Abdon
1627 5098 1677 5147 et
1707 5097 1934 5147 .E‘ennen.

832 5164 961 5220 XVI.
1010 5195 1066 5205 -—
1100 5168 1175 5221 De
1198 5168 1403 5220 sanctis
1433 5165 1723 5219 Parthenio
1760 5168 1810 5218 et
1839 5165 2127 5221 Calocerio.

830 5236 987 5310 XVII.
1020 5266 1086 5275 —
1116 5239 1190 5292 De
1220 5238 1424 5291 sanctis
1450 5236 1714 5310 Anatolio
1741 5239 1791 5289 et
1824 5237 2078 5310 Victoria.

829 5307 1010 5361 XVIII.
1040 5337 1103 5347 -
1130 5311 1203 5362 De
1229 5309 1434 5363 sanctis
1458 5308 1782 5374 Pergentino
1811 5310 1863 5361 et
1886 5307 2239 5361 Laurentino.

1250 5443 1767 5532 INCIPIT
1859 5443 2225 5530 LIBRI
2328 5443 2999 5554 QUARTUS.

1867 5590 2076 5647 CAPUT
2124 5591 2407 5647 PRIMUM.

1778 5688 1858 5748 De
1897 5694 2105 5748 sancto
2144 5683 2481 5762 Apollonio.

482 5765 720 5862 Flamma
749 5777 1021 5836 «luellit‘eri
1043 5783 1263 5851 paulum
1289 5788 1468 5857 sepita
1496 5789 1716 5857 vaporis
1786 5804 1791 5809 ·
2188 5788 2321 5842 Dum
2353 5787 2653 5858 imperitat,
2687 5788 3026 5862 magnisjam
3043 5789 3554 5862 complectentibus
3576 5793 3719 5847 alma’

484 5847 542 5896 Ῑῐι
572 5859 787 5911 nostros
812 5871 981 5918 tentat
1012 5868 1346 5924 recalescere
1364 5872 1691 5928 Commodus
1715 5879 1835 5930 orbi
2183 5879 2311 5933 Iura
2334 5879 2467 5932 viris
2495 5878 2647 5945 fidei,
2671 5879 2979 5951 Christique
3000 5881 3311 5939 nitentibus
3332 5887 3522 5951 armis,
