  <div class='ocr_page' id='page_1' title='image "/cluster/home/n/w/nwhite01/storage/ocr_20150623/134-135/uva.x000829784/912.png"; bbox 0 0 3970 6200; ppageno 0'>
   <div class='ocr_carea' id='block_1_1' title="bbox 188 464 2900 523">
    <p class='ocr_par' dir='ltr' id='par_1_1' title="bbox 188 464 2900 523">
     <span class='ocr_line' id='line_1_1' title="bbox 188 464 2900 523; baseline -0.001 -2"><span class='ocrx_word' id='word_1_1' title='bbox 188 465 292 521; x_wconf 78' lang='grc'><strong>653</strong></span> <span class='ocrx_word' id='word_1_2' title='bbox 804 465 886 519; x_wconf 84' lang='lat' dir='ltr'><strong>DE</strong></span> <span class='ocrx_word' id='word_1_3' title='bbox 927 465 1185 520; x_wconf 82' lang='lat' dir='ltr'><strong>CHRISTI</strong></span> <span class='ocrx_word' id='word_1_4' title='bbox 1225 466 1587 521; x_wconf 83' lang='lat' dir='ltr'><strong>TRIUMPHIS</strong></span> <span class='ocrx_word' id='word_1_5' title='bbox 1627 469 1798 523; x_wconf 66' lang='lat' dir='ltr'><strong>APUD</strong></span> <span class='ocrx_word' id='word_1_6' title='bbox 1842 468 2108 523; x_wconf 77' lang='lat' dir='ltr'><strong>ITALIAM</strong></span> <span class='ocrx_word' id='word_1_7' title='bbox 2149 468 2325 522; x_wconf 83' lang='lat' dir='ltr'><strong>LIBRI</strong></span> <span class='ocrx_word' id='word_1_8' title='bbox 2367 466 2497 520; x_wconf 85' lang='lat' dir='ltr'><strong>XIV.</strong></span> <span class='ocrx_word' id='word_1_9' title='bbox 2537 496 2607 506; x_wconf 97' lang='lat'><strong><em>—</em></strong></span> <span class='ocrx_word' id='word_1_10' title='bbox 2646 465 2770 519; x_wconf 87' lang='lat' dir='ltr'><strong>LIB.</strong></span> <span class='ocrx_word' id='word_1_11' title='bbox 2817 464 2900 518; x_wconf 90' lang='lat' dir='ltr'><strong>IV.</strong></span> 
     </span>
    </p>
   </div>
   <div class='ocr_carea' id='block_1_2' title="bbox 191 595 1485 666">
    <p class='ocr_par' dir='ltr' id='par_1_2' title="bbox 191 595 1485 666">
     <span class='ocr_line' id='line_1_2' title="bbox 191 595 1485 666; baseline -0.001 -15"><span class='ocrx_word' id='word_1_12' title='bbox 191 598 351 651; x_wconf 81' lang='lat' dir='ltr'><strong>Lucis</strong></span> <span class='ocrx_word' id='word_1_13' title='bbox 382 595 702 666; x_wconf 80' lang='lat' dir='ltr'><strong>Apollonius</strong></span> <span class='ocrx_word' id='word_1_14' title='bbox 741 610 974 666; x_wconf 90' lang='lat' dir='ltr'><strong>quorum</strong></span> <span class='ocrx_word' id='word_1_15' title='bbox 1004 596 1199 650; x_wconf 89' lang='lat' dir='ltr'><strong>virtute</strong></span> <span class='ocrx_word' id='word_1_16' title='bbox 1223 597 1444 650; x_wconf 90' lang='lat' dir='ltr'><strong>cluebat</strong></span> <span class='ocrx_word' id='word_1_17' title='bbox 1472 615 1485 660; x_wconf 87' lang='lat'><strong>;</strong></span> 
     </span>
    </p>
   </div>
   <div class='ocr_carea' id='block_1_3' title="bbox 192 687 1590 758">
    <p class='ocr_par' dir='ltr' id='par_1_3' title="bbox 192 687 1590 758">
     <span class='ocr_line' id='line_1_3' title="bbox 192 687 1590 758; baseline -0.001 -16"><span class='ocrx_word' id='word_1_18' title='bbox 192 688 384 742; x_wconf 77' lang='lat' dir='ltr'><strong>Christi</strong></span> <span class='ocrx_word' id='word_1_19' title='bbox 415 702 535 740; x_wconf 91' lang='lat' dir='ltr'><strong>cum</strong></span> <span class='ocrx_word' id='word_1_20' title='bbox 569 688 716 741; x_wconf 88' lang='lat' dir='ltr'><strong>cultu</strong></span> <span class='ocrx_word' id='word_1_21' title='bbox 751 687 1015 756; x_wconf 43' lang='lat' dir='ltr'><strong>sophieai,</strong></span> <span class='ocrx_word' id='word_1_22' title='bbox 1037 687 1330 758; x_wconf 70' lang='lat' dir='ltr'><strong>Romieque</strong></span> <span class='ocrx_word' id='word_1_23' title='bbox 1348 696 1590 742; x_wconf 91' lang='lat' dir='ltr'><strong>senator.</strong></span> 
     </span>
    </p>
   </div>
   <div class='ocr_carea' id='block_1_4' title="bbox 194 778 1605 853">
    <p class='ocr_par' dir='ltr' id='par_1_4' title="bbox 194 778 1605 853">
     <span class='ocr_line' id='line_1_4' title="bbox 194 778 1605 853; baseline -0.001 -19"><span class='ocrx_word' id='word_1_24' title='bbox 194 781 406 834; x_wconf 86' lang='lat' dir='ltr'><strong>Crimen</strong></span> <span class='ocrx_word' id='word_1_25' title='bbox 442 778 569 832; x_wconf 88' lang='lat' dir='ltr'><strong>huic</strong></span> <span class='ocrx_word' id='word_1_26' title='bbox 597 779 813 832; x_wconf 90' lang='lat' dir='ltr'><strong>vehitur</strong></span> <span class='ocrx_word' id='word_1_27' title='bbox 839 778 1052 832; x_wconf 79' lang='lat' dir='ltr'><strong>Christo</strong></span> <span class='ocrx_word' id='word_1_28' title='bbox 1085 779 1292 848; x_wconf 85' lang='lat' dir='ltr'><strong>pollere</strong></span> <span class='ocrx_word' id='word_1_29' title='bbox 1325 779 1605 853; x_wconf 87' lang='lat' dir='ltr'><strong>magistro.</strong></span> 
     </span>
    </p>
   </div>
   <div class='ocr_carea' id='block_1_5' title="bbox 195 872 1559 942">
    <p class='ocr_par' dir='ltr' id='par_1_5' title="bbox 195 872 1559 942">
     <span class='ocr_line' id='line_1_5' title="bbox 195 872 1559 942; baseline 0.001 -16"><span class='ocrx_word' id='word_1_30' title='bbox 195 875 289 926; x_wconf 88' lang='lat' dir='ltr'><strong>Ille</strong></span> <span class='ocrx_word' id='word_1_31' title='bbox 322 872 498 942; x_wconf 82' lang='lat' dir='ltr'><strong>palam</strong></span> <span class='ocrx_word' id='word_1_32' title='bbox 531 889 718 926; x_wconf 87' lang='lat' dir='ltr'><strong>verum</strong></span> <span class='ocrx_word' id='word_1_33' title='bbox 753 889 860 927; x_wconf 90' lang='lat' dir='ltr'><strong>non</strong></span> <span class='ocrx_word' id='word_1_34' title='bbox 891 873 1287 939; x_wconf 86' lang='lat' dir='ltr'><strong>abnuitedere,</strong></span> <span class='ocrx_word' id='word_1_35' title='bbox 1323 881 1559 928; x_wconf 87' lang='lat' dir='ltr'><strong>tractans</strong></span> 
     </span>
    </p>
   </div>
   <div class='ocr_carea' id='block_1_6' title="bbox 195 963 1533 1034">
    <p class='ocr_par' dir='ltr' id='par_1_6' title="bbox 195 963 1533 1034">
     <span class='ocr_line' id='line_1_6' title="bbox 195 963 1533 1034; baseline 0.002 -20"><span class='ocrx_word' id='word_1_36' title='bbox 195 963 383 1017; x_wconf 74' lang='lat' dir='ltr'><strong>leite</strong></span> <span class='ocrx_word' id='word_1_37' title='bbox 413 963 578 1016; x_wconf 92' lang='lat' dir='ltr'><strong>verba</strong></span> <span class='ocrx_word' id='word_1_38' title='bbox 601 963 707 1017; x_wconf 89' lang='lat' dir='ltr'><strong>fide</strong></span> <span class='ocrx_word' id='word_1_39' title='bbox 738 979 923 1034; x_wconf 85' lang='lat' dir='ltr'><strong>super,</strong></span> <span class='ocrx_word' id='word_1_40' title='bbox 953 964 1294 1017; x_wconf 86' lang='lat' dir='ltr'><strong>auscultante</strong></span> <span class='ocrx_word' id='word_1_41' title='bbox 1317 969 1533 1028; x_wconf 82' lang='lat' dir='ltr'><strong>senatu,</strong></span> 
     </span>
    </p>
   </div>
   <div class='ocr_carea' id='block_1_7' title="bbox 198 1051 1540 1125">
    <p class='ocr_par' dir='ltr' id='par_1_7' title="bbox 198 1051 1540 1125">
     <span class='ocr_line' id='line_1_7' title="bbox 198 1051 1540 1125; baseline 0 -21"><span class='ocrx_word' id='word_1_42' title='bbox 198 1053 366 1121; x_wconf 91' lang='lat' dir='ltr'><strong>Inque</strong></span> <span class='ocrx_word' id='word_1_43' title='bbox 396 1051 651 1104; x_wconf 84' lang='lat' dir='ltr'><strong>volumen</strong></span> <span class='ocrx_word' id='word_1_44' title='bbox 682 1051 986 1122; x_wconf 86' lang='lat' dir='ltr'><strong>agitnitido</strong></span> <span class='ocrx_word' id='word_1_45' title='bbox 1019 1067 1276 1105; x_wconf 89' lang='lat' dir='ltr'><strong>sermone</strong></span> <span class='ocrx_word' id='word_1_46' title='bbox 1303 1059 1540 1125; x_wconf 88' lang='lat' dir='ltr'><strong>rogatus,</strong></span> 
     </span>
    </p>
   </div>
   <div class='ocr_carea' id='block_1_8' title="bbox 198 1141 1522 1211">
    <p class='ocr_par' dir='ltr' id='par_1_8' title="bbox 198 1141 1522 1211">
     <span class='ocr_line' id='line_1_8' title="bbox 198 1141 1522 1211; baseline 0.001 -18"><span class='ocrx_word' id='word_1_47' title='bbox 198 1141 371 1211; x_wconf 84' lang='lat' dir='ltr'><strong>thue</strong></span> <span class='ocrx_word' id='word_1_48' title='bbox 405 1149 562 1210; x_wconf 88' lang='lat' dir='ltr'><strong>putes</strong></span> <span class='ocrx_word' id='word_1_49' title='bbox 585 1141 784 1194; x_wconf 90' lang='lat' dir='ltr'><strong>meruit</strong></span> <span class='ocrx_word' id='word_1_50' title='bbox 815 1141 1014 1195; x_wconf 83' lang='lat' dir='ltr'><strong>Geticis</strong></span> <span class='ocrx_word' id='word_1_51' title='bbox 1051 1157 1236 1196; x_wconf 80' lang='lat' dir='ltr'><strong>orasse</strong></span> <span class='ocrx_word' id='word_1_52' title='bbox 1271 1141 1522 1207; x_wconf 80' lang='lat' dir='ltr'><strong>catervis,</strong></span> 
     </span>
    </p>
   </div>
   <div class='ocr_carea' id='block_1_9' title="bbox 199 1231 1558 1302">
    <p class='ocr_par' dir='ltr' id='par_1_9' title="bbox 199 1231 1558 1302">
     <span class='ocr_line' id='line_1_9' title="bbox 199 1231 1558 1302; baseline 0.002 -19"><span class='ocrx_word' id='word_1_53' title='bbox 199 1232 325 1284; x_wconf 77' lang='lat' dir='ltr'><strong>Nam</strong></span> <span class='ocrx_word' id='word_1_54' title='bbox 355 1232 480 1286; x_wconf 90' lang='lat' dir='ltr'><strong>data</strong></span> <span class='ocrx_word' id='word_1_55' title='bbox 500 1233 550 1285; x_wconf 90' lang='lat' dir='ltr'><strong>ei</strong></span> <span class='ocrx_word' id='word_1_56' title='bbox 579 1239 744 1302; x_wconf 90' lang='lat' dir='ltr'><strong>caput</strong></span> <span class='ocrx_word' id='word_1_57' title='bbox 775 1231 983 1287; x_wconf 84' lang='lat' dir='ltr'><strong>abscidi</strong></span> <span class='ocrx_word' id='word_1_58' title='bbox 1016 1232 1288 1287; x_wconf 87' lang='lat' dir='ltr'><strong>sententia</strong></span> <span class='ocrx_word' id='word_1_59' title='bbox 1317 1232 1558 1299; x_wconf 82' lang='lat' dir='ltr'><strong>mandat,</strong></span> 
     </span>
    </p>
   </div>
   <div class='ocr_carea' id='block_1_10' title="bbox 1911 681 3256 751">
    <p class='ocr_par' dir='ltr' id='par_1_10' title="bbox 1911 681 3256 751">
     <span class='ocr_line' id='line_1_10' title="bbox 1911 681 3256 751; baseline -0.007 -8"><span class='ocrx_word' id='word_1_60' title='bbox 1911 689 2262 744; x_wconf 86' lang='lat' dir='ltr'><strong>Christicolas</strong></span> <span class='ocrx_word' id='word_1_61' title='bbox 2290 687 2459 742; x_wconf 85' lang='lat' dir='ltr'><strong>semel</strong></span> <span class='ocrx_word' id='word_1_62' title='bbox 2488 686 2724 751; x_wconf 87' lang='lat' dir='ltr'><strong>oblatos,</strong></span> <span class='ocrx_word' id='word_1_63' title='bbox 2749 685 2804 738; x_wconf 91' lang='lat' dir='ltr'><strong>ni</strong></span> <span class='ocrx_word' id='word_1_64' title='bbox 2839 699 2964 736; x_wconf 88' lang='lat' dir='ltr'><strong>vera</strong></span> <span class='ocrx_word' id='word_1_65' title='bbox 2996 681 3256 746; x_wconf 86' lang='lat' dir='ltr'><strong>refutent,</strong></span> 
     </span>
    </p>
   </div>
   <div class='ocr_carea' id='block_1_11' title="bbox 1912 771 3043 848">
    <p class='ocr_par' dir='ltr' id='par_1_11' title="bbox 1912 771 3043 848">
     <span class='ocr_line' id='line_1_11' title="bbox 1912 771 3043 848; baseline -0.005 -17"><span class='ocrx_word' id='word_1_66' title='bbox 1912 777 2059 831; x_wconf 91' lang='lat' dir='ltr'><strong>lIand</strong></span> <span class='ocrx_word' id='word_1_67' title='bbox 2094 777 2394 848; x_wconf 88' lang='lat' dir='ltr'><strong>impunitos</strong></span> <span class='ocrx_word' id='word_1_68' title='bbox 2423 775 2532 829; x_wconf 87' lang='lat' dir='ltr'><strong>ulla</strong></span> <span class='ocrx_word' id='word_1_69' title='bbox 2559 773 2770 828; x_wconf 88' lang='lat' dir='ltr'><strong>ratione</strong></span> <span class='ocrx_word' id='word_1_70' title='bbox 2799 771 2997 826; x_wconf 90' lang='lat' dir='ltr'><strong>remitti</strong></span> <span class='ocrx_word' id='word_1_71' title='bbox 3029 788 3043 836; x_wconf 90' lang='lat'><strong>;</strong></span> 
     </span>
    </p>
   </div>
   <div class='ocr_carea' id='block_1_12' title="bbox 1907 955 3288 1026">
    <p class='ocr_par' dir='ltr' id='par_1_12' title="bbox 1907 955 3288 1026">
     <span class='ocr_line' id='line_1_12' title="bbox 1907 955 3288 1026; baseline -0.004 -15"><span class='ocrx_word' id='word_1_72' title='bbox 1907 959 2098 1013; x_wconf 78' lang='lat' dir='ltr'><strong>Vivere</strong></span> <span class='ocrx_word' id='word_1_73' title='bbox 2130 958 2428 1022; x_wconf 87' lang='lat' dir='ltr'><strong>falsidieos,</strong></span> <span class='ocrx_word' id='word_1_74' title='bbox 2460 972 2760 1026; x_wconf 86' lang='lat' dir='ltr'><strong>verumque</strong></span> <span class='ocrx_word' id='word_1_75' title='bbox 2788 955 2960 1008; x_wconf 89' lang='lat' dir='ltr'><strong>nitere</strong></span> <span class='ocrx_word' id='word_1_76' title='bbox 2994 961 3288 1025; x_wconf 77' lang='lat' dir='ltr'><strong>negantes;</strong></span> 
     </span>
    </p>
   </div>
   <div class='ocr_carea' id='block_1_13' title="bbox 1911 1227 3290 1296">
    <p class='ocr_par' dir='ltr' id='par_1_13' title="bbox 1911 1227 3290 1296">
     <span class='ocr_line' id='line_1_13' title="bbox 1911 1227 3290 1296; baseline -0.002 -12"><span class='ocrx_word' id='word_1_77' title='bbox 1911 1231 2198 1296; x_wconf 85' lang='lat' dir='ltr'><strong>Virtutem,</strong></span> <span class='ocrx_word' id='word_1_78' title='bbox 2231 1231 2461 1295; x_wconf 87' lang='lat' dir='ltr'><strong>vitium;</strong></span> <span class='ocrx_word' id='word_1_79' title='bbox 2494 1229 2704 1284; x_wconf 90' lang='lat' dir='ltr'><strong>crimen</strong></span> <span class='ocrx_word' id='word_1_80' title='bbox 2737 1227 3039 1282; x_wconf 85' lang='lat' dir='ltr'><strong>defendere</strong></span> <span class='ocrx_word' id='word_1_81' title='bbox 3062 1245 3250 1282; x_wconf 85' lang='lat' dir='ltr'><strong>verum</strong></span> <span class='ocrx_word' id='word_1_82' title='bbox 3279 1228 3290 1281; x_wconf 91' lang='lat'><strong>!</strong></span> 
     </span>
    </p>
   </div>
   <div class='ocr_carea' id='block_1_14' title="bbox 1708 1386 2024 1442">
    <p class='ocr_par' dir='ltr' id='par_1_14' title="bbox 1708 1386 2024 1442">
     <span class='ocr_line' id='line_1_14' title="bbox 1708 1386 2024 1442; baseline 0.003 -1"><span class='ocrx_word' id='word_1_83' title='bbox 1708 1386 1914 1442; x_wconf 83' lang='lat' dir='ltr'>CAPUT</span> <span class='ocrx_word' id='word_1_84' title='bbox 1956 1388 2024 1442; x_wconf 90' lang='lat' dir='ltr'>II.</span> 
     </span>
    </p>
   </div>
   <div class='ocr_carea' id='block_1_15' title="bbox 1835 591 3322 669">
    <p class='ocr_par' dir='ltr' id='par_1_15' title="bbox 1835 591 3322 669">
     <span class='ocr_line' id='line_1_15' title="bbox 1835 591 3322 669; baseline -0.007 -17"><span class='ocrx_word' id='word_1_85' title='bbox 1835 603 1880 669; x_wconf 67' lang='grc' dir='ltr'>Α</span> <span class='ocrx_word' id='word_1_86' title='bbox 1911 597 2019 651; x_wconf 85' lang='lat' dir='ltr'><strong>Hoc</strong></span> <span class='ocrx_word' id='word_1_87' title='bbox 2045 597 2188 667; x_wconf 86' lang='lat' dir='ltr'><strong>apud</strong></span> <span class='ocrx_word' id='word_1_88' title='bbox 2209 597 2309 651; x_wconf 90' lang='lat' dir='ltr'><strong>hos</strong></span> <span class='ocrx_word' id='word_1_89' title='bbox 2341 595 2509 649; x_wconf 82' lang='lat' dir='ltr'><strong>veteri</strong></span> <span class='ocrx_word' id='word_1_90' title='bbox 2537 595 2650 661; x_wconf 90' lang='lat' dir='ltr'><strong>jam</strong></span> <span class='ocrx_word' id='word_1_91' title='bbox 2681 593 2887 647; x_wconf 92' lang='lat' dir='ltr'><strong>dudum</strong></span> <span class='ocrx_word' id='word_1_92' title='bbox 2922 591 3042 664; x_wconf 90' lang='lat' dir='ltr'><strong>lege</strong></span> <span class='ocrx_word' id='word_1_93' title='bbox 3079 596 3322 655; x_wconf 88' lang='lat' dir='ltr'><strong>tenente,</strong></span> 
     </span>
    </p>
   </div>
   <div class='ocr_carea' id='block_1_16' title="bbox 1913 859 3346 938">
    <p class='ocr_par' dir='ltr' id='par_1_16' title="bbox 1913 859 3346 938">
     <span class='ocr_line' id='line_1_16' title="bbox 1913 859 3346 938; baseline -0.004 -20"><span class='ocrx_word' id='word_1_94' title='bbox 1913 866 2016 922; x_wconf 82' lang='lat' dir='ltr'><strong>Lex</strong></span> <span class='ocrx_word' id='word_1_95' title='bbox 2047 883 2210 936; x_wconf 88' lang='lat' dir='ltr'><strong>quam</strong></span> <span class='ocrx_word' id='word_1_96' title='bbox 2238 864 2424 938; x_wconf 84' lang='lat' dir='ltr'><strong>grata!</strong></span> <span class='ocrx_word' id='word_1_97' title='bbox 2460 863 2596 918; x_wconf 91' lang='lat' dir='ltr'><strong>mori</strong></span> <span class='ocrx_word' id='word_1_98' title='bbox 2620 863 2797 931; x_wconf 89' lang='lat' dir='ltr'><strong>justos</strong></span> <span class='ocrx_word' id='word_1_99' title='bbox 2827 877 2924 932; x_wconf 83' lang='lat' dir='ltr'><strong>pro</strong></span> <span class='ocrx_word' id='word_1_100' title='bbox 2957 860 3187 914; x_wconf 88' lang='lat' dir='ltr'><strong>crimine</strong></span> <span class='ocrx_word' id='word_1_101' title='bbox 3208 859 3346 928; x_wconf 82' lang='lat' dir='ltr'><strong>\eri,</strong></span> 
     </span>
    </p>
   </div>
   <div class='ocr_carea' id='block_1_17' title="bbox 1116 1517 2631 1592">
    <p class='ocr_par' dir='ltr' id='par_1_17' title="bbox 1116 1517 2631 1592">
     <span class='ocr_line' id='line_1_17' title="bbox 1116 1517 2631 1592; baseline -0.001 -16"><span class='ocrx_word' id='word_1_102' title='bbox 1116 1519 1190 1577; x_wconf 85' lang='lat' dir='ltr'><strong>De</strong></span> <span class='ocrx_word' id='word_1_103' title='bbox 1217 1521 1442 1578; x_wconf 78' lang='lat' dir='ltr'><strong>sanctis</strong></span> <span class='ocrx_word' id='word_1_104' title='bbox 1477 1521 1796 1592; x_wconf 79' lang='lat' dir='ltr'><strong>Pontiano,</strong></span> <span class='ocrx_word' id='word_1_105' title='bbox 1828 1517 2079 1576; x_wconf 81' lang='lat' dir='ltr'><strong>Eusebio</strong></span> <span class='ocrx_word' id='word_1_106' title='bbox 2110 1527 2163 1577; x_wconf 86' lang='lat' dir='ltr'><strong>et</strong></span> <span class='ocrx_word' id='word_1_107' title='bbox 2192 1519 2375 1577; x_wconf 79' lang='lat' dir='ltr'><strong>sociis</strong></span> <span class='ocrx_word' id='word_1_108' title='bbox 2405 1533 2631 1576; x_wconf 87' lang='lat' dir='ltr'><strong>eorum.</strong></span> 
     </span>
    </p>
   </div>
   <div class='ocr_carea' id='block_1_18' title="bbox 199 1663 1422 1734">
    <p class='ocr_par' dir='ltr' id='par_1_18' title="bbox 199 1663 1422 1734">
     <span class='ocr_line' id='line_1_18' title="bbox 199 1663 1422 1734; baseline 0 -17"><span class='ocrx_word' id='word_1_109' title='bbox 199 1663 349 1719; x_wconf 88' lang='lat' dir='ltr'><strong>Tunc</strong></span> <span class='ocrx_word' id='word_1_110' title='bbox 381 1664 697 1730; x_wconf 88' lang='lat' dir='ltr'><strong>Pontianus,</strong></span> <span class='ocrx_word' id='word_1_111' title='bbox 734 1664 1002 1718; x_wconf 81' lang='lat' dir='ltr'><strong>Eusebius</strong></span> <span class='ocrx_word' id='word_1_112' title='bbox 1029 1671 1082 1718; x_wconf 89' lang='lat' dir='ltr'><strong>et</strong></span> <span class='ocrx_word' id='word_1_113' title='bbox 1111 1679 1422 1734; x_wconf 88' lang='lat' dir='ltr'><strong>compares,</strong></span> 
     </span>
    </p>
   </div>
   <div class='ocr_carea' id='block_1_19' title="bbox 201 1753 1355 1822">
    <p class='ocr_par' dir='ltr' id='par_1_19' title="bbox 201 1753 1355 1822">
     <span class='ocr_line' id='line_1_19' title="bbox 201 1753 1355 1822; baseline -0.001 -17"><span class='ocrx_word' id='word_1_114' title='bbox 201 1754 538 1815; x_wconf 87' lang='lat' dir='ltr'><strong>Vincentius,</strong></span> <span class='ocrx_word' id='word_1_115' title='bbox 572 1753 918 1820; x_wconf 75' lang='lat' dir='ltr'><strong>Peregrinus,</strong></span> <span class='ocrx_word' id='word_1_116' title='bbox 950 1753 1057 1806; x_wconf 90' lang='lat' dir='ltr'><strong>alta</strong></span> <span class='ocrx_word' id='word_1_117' title='bbox 1088 1760 1355 1822; x_wconf 80' lang='lat' dir='ltr'><strong>martyres</strong></span> 
     </span>
    </p>
   </div>
   <div class='ocr_carea' id='block_1_20' title="bbox 205 1841 1114 1906">
    <p class='ocr_par' dir='ltr' id='par_1_20' title="bbox 205 1841 1114 1906">
     <span class='ocr_line' id='line_1_20' title="bbox 205 1841 1114 1906; baseline 0.001 -12"><span class='ocrx_word' id='word_1_118' title='bbox 205 1842 362 1896; x_wconf 85' lang='lat' dir='ltr'><strong>Macti</strong></span> <span class='ocrx_word' id='word_1_119' title='bbox 393 1842 600 1895; x_wconf 88' lang='lat' dir='ltr'><strong>Iucratu</strong></span> <span class='ocrx_word' id='word_1_120' title='bbox 635 1841 857 1895; x_wconf 88' lang='lat' dir='ltr'><strong>subiere</strong></span> <span class='ocrx_word' id='word_1_121' title='bbox 885 1841 1066 1895; x_wconf 86' lang='lat' dir='ltr'><strong>sidera</strong></span> <span class='ocrx_word' id='word_1_122' title='bbox 1100 1859 1114 1906; x_wconf 92' lang='lat'><strong>;</strong></span> 
     </span>
    </p>
   </div>
   <div class='ocr_carea' id='block_1_21' title="bbox 205 1933 1157 1997">
    <p class='ocr_par' dir='ltr' id='par_1_21' title="bbox 205 1933 1157 1997">
     <span class='ocr_line' id='line_1_21' title="bbox 205 1933 1157 1997; baseline 0 -11"><span class='ocrx_word' id='word_1_123' title='bbox 205 1933 306 1997; x_wconf 85' lang='lat' dir='ltr'><strong>Qui</strong></span> <span class='ocrx_word' id='word_1_124' title='bbox 333 1949 498 1987; x_wconf 90' lang='lat' dir='ltr'><strong>censa</strong></span> <span class='ocrx_word' id='word_1_125' title='bbox 522 1933 677 1987; x_wconf 72' lang='lat' dir='ltr'><strong>cmlis</strong></span> <span class='ocrx_word' id='word_1_126' title='bbox 699 1933 929 1987; x_wconf 88' lang='lat' dir='ltr'><strong>intulere</strong></span> <span class='ocrx_word' id='word_1_127' title='bbox 962 1940 1157 1996; x_wconf 89' lang='lat' dir='ltr'><strong>terrea,</strong></span> 
     </span>
    </p>
   </div>
   <div class='ocr_carea' id='block_1_22' title="bbox 206 2024 1269 2094">
    <p class='ocr_par' dir='ltr' id='par_1_22' title="bbox 206 2024 1269 2094">
     <span class='ocr_line' id='line_1_22' title="bbox 206 2024 1269 2094; baseline -0.001 -15"><span class='ocrx_word' id='word_1_128' title='bbox 206 2026 390 2079; x_wconf 90' lang='lat' dir='ltr'><strong>Primo</strong></span> <span class='ocrx_word' id='word_1_129' title='bbox 403 2025 643 2094; x_wconf 88' lang='lat' dir='ltr'><strong>expediti</strong></span> <span class='ocrx_word' id='word_1_130' title='bbox 664 2033 945 2079; x_wconf 86' lang='lat' dir='ltr'><strong>sumerent</strong></span> <span class='ocrx_word' id='word_1_131' title='bbox 974 2033 1034 2079; x_wconf 89' lang='lat' dir='ltr'><strong>ut</strong></span> <span class='ocrx_word' id='word_1_132' title='bbox 1057 2024 1269 2091; x_wconf 74' lang='lat' dir='ltr'><strong>cmlica,</strong></span> 
     </span>
    </p>
   </div>
   <div class='ocr_carea' id='block_1_23' title="bbox 211 2115 1326 2186">
    <p class='ocr_par' dir='ltr' id='par_1_23' title="bbox 211 2115 1326 2186">
     <span class='ocr_line' id='line_1_23' title="bbox 211 2115 1326 2186; baseline 0 -18"><span class='ocrx_word' id='word_1_133' title='bbox 211 2115 272 2168; x_wconf 87' lang='lat' dir='ltr'><strong>Et</strong></span> <span class='ocrx_word' id='word_1_134' title='bbox 301 2117 450 2168; x_wconf 90' lang='lat' dir='ltr'><strong>lucra</strong></span> <span class='ocrx_word' id='word_1_135' title='bbox 480 2115 635 2169; x_wconf 72' lang='lat' dir='ltr'><strong>cwlis</strong></span> <span class='ocrx_word' id='word_1_136' title='bbox 659 2123 716 2170; x_wconf 91' lang='lat' dir='ltr'><strong>ut</strong></span> <span class='ocrx_word' id='word_1_137' title='bbox 745 2125 950 2186; x_wconf 88' lang='lat' dir='ltr'><strong>queant</strong></span> <span class='ocrx_word' id='word_1_138' title='bbox 980 2115 1326 2186; x_wconf 83' lang='lat' dir='ltr'><strong>impendere,</strong></span> 
     </span>
    </p>
   </div>
   <div class='ocr_carea' id='block_1_24' title="bbox 207 2195 1495 2277">
    <p class='ocr_par' dir='ltr' id='par_1_24' title="bbox 207 2195 1495 2277">
     <span class='ocr_line' id='line_1_24' title="bbox 207 2195 1495 2277; baseline 0.001 -17"><span class='ocrx_word' id='word_1_139' title='bbox 207 2206 641 2276; x_wconf 87' lang='lat' dir='ltr'><strong>Centuplieanda</strong></span> <span class='ocrx_word' id='word_1_140' title='bbox 671 2195 890 2261; x_wconf 81' lang='lat' dir='ltr'><strong>student</strong></span> <span class='ocrx_word' id='word_1_141' title='bbox 921 2208 1123 2261; x_wconf 91' lang='lat' dir='ltr'><strong>talenta</strong></span> <span class='ocrx_word' id='word_1_142' title='bbox 1161 2206 1495 2277; x_wconf 86' lang='lat' dir='ltr'><strong>expendere.</strong></span> 
     </span>
    </p>
   </div>
   <div class='ocr_carea' id='block_1_25' title="bbox 209 2294 1342 2365">
    <p class='ocr_par' dir='ltr' id='par_1_25' title="bbox 209 2294 1342 2365">
     <span class='ocr_line' id='line_1_25' title="bbox 209 2294 1342 2365; baseline 0.002 -19"><span class='ocrx_word' id='word_1_143' title='bbox 209 2294 375 2358; x_wconf 90' lang='lat' dir='ltr'><strong>Queis</strong></span> <span class='ocrx_word' id='word_1_144' title='bbox 407 2309 531 2348; x_wconf 90' lang='lat' dir='ltr'><strong>mox</strong></span> <span class='ocrx_word' id='word_1_145' title='bbox 559 2301 780 2348; x_wconf 87' lang='lat' dir='ltr'><strong>senator</strong></span> <span class='ocrx_word' id='word_1_146' title='bbox 809 2294 1013 2348; x_wconf 91' lang='lat' dir='ltr'><strong>additis</strong></span> <span class='ocrx_word' id='word_1_147' title='bbox 1040 2295 1342 2365; x_wconf 89' lang='lat' dir='ltr'><strong>acquiritur</strong></span> 
     </span>
    </p>
   </div>
   <div class='ocr_carea' id='block_1_26' title="bbox 208 2389 1171 2458">
    <p class='ocr_par' dir='ltr' id='par_1_26' title="bbox 208 2389 1171 2458">
     <span class='ocr_line' id='line_1_26' title="bbox 208 2389 1171 2458; baseline 0.002 -17"><span class='ocrx_word' id='word_1_148' title='bbox 208 2389 337 2458; x_wconf 80' lang='lat' dir='ltr'><strong>Regi</strong></span> <span class='ocrx_word' id='word_1_149' title='bbox 367 2389 803 2458; x_wconf 84' lang='lat' dir='ltr'><strong>supernoJulius</strong></span> <span class='ocrx_word' id='word_1_150' title='bbox 831 2390 1171 2455; x_wconf 76' lang='lat' dir='ltr'><strong>domesticis,</strong></span> 
     </span>
    </p>
   </div>
   <div class='ocr_carea' id='block_1_27' title="bbox 207 2477 1399 2548">
    <p class='ocr_par' dir='ltr' id='par_1_27' title="bbox 207 2477 1399 2548">
     <span class='ocr_line' id='line_1_27' title="bbox 207 2477 1399 2548; baseline 0.002 -18"><span class='ocrx_word' id='word_1_151' title='bbox 207 2478 438 2531; x_wconf 81' lang='lat' dir='ltr'><strong>Rufinus</strong></span> <span class='ocrx_word' id='word_1_152' title='bbox 468 2478 616 2531; x_wconf 89' lang='lat' dir='ltr'><strong>unda</strong></span> <span class='ocrx_word' id='word_1_153' title='bbox 655 2493 794 2548; x_wconf 89' lang='lat' dir='ltr'><strong>quos</strong></span> <span class='ocrx_word' id='word_1_154' title='bbox 825 2478 1061 2531; x_wconf 85' lang='lat' dir='ltr'><strong>sacravit</strong></span> <span class='ocrx_word' id='word_1_155' title='bbox 1093 2477 1399 2548; x_wconf 82' lang='lat' dir='ltr'><strong>presbyter,</strong></span> 
     </span>
    </p>
   </div>
   <div class='ocr_carea' id='block_1_28' title="bbox 206 2569 1333 2644">
    <p class='ocr_par' dir='ltr' id='par_1_28' title="bbox 206 2569 1333 2644">
     <span class='ocr_line' id='line_1_28' title="bbox 206 2569 1333 2644; baseline 0.001 -20"><span class='ocrx_word' id='word_1_156' title='bbox 206 2571 408 2624; x_wconf 87' lang='lat' dir='ltr'><strong>Doctus</strong></span> <span class='ocrx_word' id='word_1_157' title='bbox 442 2569 720 2643; x_wconf 82' lang='lat' dir='ltr'><strong>magistris</strong></span> <span class='ocrx_word' id='word_1_158' title='bbox 747 2570 981 2641; x_wconf 78' lang='lat' dir='ltr'><strong>integris</strong></span> <span class='ocrx_word' id='word_1_159' title='bbox 1010 2570 1069 2624; x_wconf 86' lang='lat' dir='ltr'><strong>fit</strong></span> <span class='ocrx_word' id='word_1_160' title='bbox 1099 2571 1333 2644; x_wconf 82' lang='lat' dir='ltr'><strong>integer,</strong></span> 
     </span>
    </p>
   </div>
   <div class='ocr_carea' id='block_1_29' title="bbox 207 2659 1342 2732">
    <p class='ocr_par' dir='ltr' id='par_1_29' title="bbox 207 2659 1342 2732">
     <span class='ocr_line' id='line_1_29' title="bbox 207 2659 1342 2732; baseline 0 -18"><span class='ocrx_word' id='word_1_161' title='bbox 207 2659 364 2714; x_wconf 88' lang='lat' dir='ltr'><strong>Miles</strong></span> <span class='ocrx_word' id='word_1_162' title='bbox 392 2668 613 2715; x_wconf 90' lang='lat' dir='ltr'><strong>senator</strong></span> <span class='ocrx_word' id='word_1_163' title='bbox 652 2661 814 2732; x_wconf 83' lang='lat' dir='ltr'><strong>Regis</strong></span> <span class='ocrx_word' id='word_1_164' title='bbox 843 2661 960 2728; x_wconf 87' lang='lat' dir='ltr'><strong>alti,</strong></span> <span class='ocrx_word' id='word_1_165' title='bbox 990 2669 1042 2716; x_wconf 88' lang='lat' dir='ltr'><strong>et</strong></span> <span class='ocrx_word' id='word_1_166' title='bbox 1070 2662 1342 2732; x_wconf 86' lang='lat' dir='ltr'><strong>particeps</strong></span> 
     </span>
    </p>
   </div>
   <div class='ocr_carea' id='block_1_30' title="bbox 211 2748 1262 2821">
    <p class='ocr_par' dir='ltr' id='par_1_30' title="bbox 211 2748 1262 2821">
     <span class='ocr_line' id='line_1_30' title="bbox 211 2748 1262 2821; baseline -0.002 -17"><span class='ocrx_word' id='word_1_167' title='bbox 211 2748 386 2821; x_wconf 86' lang='lat' dir='ltr'><strong>Regni</strong></span> <span class='ocrx_word' id='word_1_168' title='bbox 418 2749 642 2802; x_wconf 88' lang='lat' dir='ltr'><strong>caducis</strong></span> <span class='ocrx_word' id='word_1_169' title='bbox 667 2749 815 2819; x_wconf 89' lang='lat' dir='ltr'><strong>quod</strong></span> <span class='ocrx_word' id='word_1_170' title='bbox 846 2750 1054 2819; x_wconf 91' lang='lat' dir='ltr'><strong>paravit</strong></span> <span class='ocrx_word' id='word_1_171' title='bbox 1085 2750 1262 2820; x_wconf 87' lang='lat' dir='ltr'><strong>copiis</strong></span> 
     </span>
    </p>
   </div>
   <div class='ocr_carea' id='block_1_31' title="bbox 213 2840 1256 2908">
    <p class='ocr_par' dir='ltr' id='par_1_31' title="bbox 213 2840 1256 2908">
     <span class='ocr_line' id='line_1_31' title="bbox 213 2840 1256 2908; baseline -0.001 -12"><span class='ocrx_word' id='word_1_172' title='bbox 213 2841 458 2896; x_wconf 90' lang='lat' dir='ltr'><strong>Onerosa</strong></span> <span class='ocrx_word' id='word_1_173' title='bbox 487 2840 618 2895; x_wconf 90' lang='lat' dir='ltr'><strong>celsi</strong></span> <span class='ocrx_word' id='word_1_174' title='bbox 649 2840 880 2894; x_wconf 87' lang='lat' dir='ltr'><strong>tramitis</strong></span> <span class='ocrx_word' id='word_1_175' title='bbox 909 2841 1256 2908; x_wconf 86' lang='lat' dir='ltr'><strong>docentium,</strong></span> 
     </span>
    </p>
   </div>
   <div class='ocr_carea' id='block_1_32' title="bbox 213 2932 1358 3005">
    <p class='ocr_par' dir='ltr' id='par_1_32' title="bbox 213 2932 1358 3005">
     <span class='ocr_line' id='line_1_32' title="bbox 213 2932 1358 3005; baseline 0.002 -19"><span class='ocrx_word' id='word_1_176' title='bbox 213 2933 459 2987; x_wconf 88' lang='lat' dir='ltr'><strong>Tradens</strong></span> <span class='ocrx_word' id='word_1_177' title='bbox 488 2932 681 3005; x_wconf 77' lang='lat' dir='ltr'><strong>egenis</strong></span> <span class='ocrx_word' id='word_1_178' title='bbox 709 2947 810 3003; x_wconf 92' lang='lat' dir='ltr'><strong>per</strong></span> <span class='ocrx_word' id='word_1_179' title='bbox 837 2948 1032 2988; x_wconf 88' lang='lat' dir='ltr'><strong>manus</strong></span> <span class='ocrx_word' id='word_1_180' title='bbox 1055 2933 1358 3000; x_wconf 86' lang='lat' dir='ltr'><strong>obstacula,</strong></span> 
     </span>
    </p>
   </div>
   <div class='ocr_carea' id='block_1_33' title="bbox 221 3021 1436 3089">
    <p class='ocr_par' dir='ltr' id='par_1_33' title="bbox 221 3021 1436 3089">
     <span class='ocr_line' id='line_1_33' title="bbox 221 3021 1436 3089; baseline 0.001 -15"><span class='ocrx_word' id='word_1_181' title='bbox 221 3022 364 3074; x_wconf 89' lang='lat' dir='ltr'><strong>Dans</strong></span> <span class='ocrx_word' id='word_1_182' title='bbox 394 3021 711 3087; x_wconf 88' lang='lat' dir='ltr'><strong>terrulenta,</strong></span> <span class='ocrx_word' id='word_1_183' title='bbox 733 3026 787 3073; x_wconf 88' lang='lat' dir='ltr'><strong>et</strong></span> <span class='ocrx_word' id='word_1_184' title='bbox 817 3035 1144 3089; x_wconf 85' lang='lat' dir='ltr'><strong>comparans</strong></span> <span class='ocrx_word' id='word_1_185' title='bbox 1169 3021 1436 3084; x_wconf 77' lang='lat' dir='ltr'><strong>cmlestia,</strong></span> 
     </span>
    </p>
   </div>
   <div class='ocr_carea' id='block_1_34' title="bbox 219 3108 1456 3185">
    <p class='ocr_par' dir='ltr' id='par_1_34' title="bbox 219 3108 1456 3185">
     <span class='ocr_line' id='line_1_34' title="bbox 219 3108 1456 3185; baseline -0.001 -21"><span class='ocrx_word' id='word_1_186' title='bbox 219 3109 466 3185; x_wconf 83' lang='lat' dir='ltr'><strong>Fugitiva</strong></span> <span class='ocrx_word' id='word_1_187' title='bbox 497 3124 781 3179; x_wconf 75' lang='lat' dir='ltr'><strong>spargens,</strong></span> <span class='ocrx_word' id='word_1_188' title='bbox 812 3108 1148 3179; x_wconf 88' lang='lat' dir='ltr'><strong>sempiterna</strong></span> <span class='ocrx_word' id='word_1_189' title='bbox 1173 3109 1456 3181; x_wconf 78' lang='lat' dir='ltr'><strong>colligens.</strong></span> 
     </span>
    </p>
   </div>
   <div class='ocr_carea' id='block_1_35' title="bbox 219 3200 1478 3269">
    <p class='ocr_par' dir='ltr' id='par_1_35' title="bbox 219 3200 1478 3269">
     <span class='ocr_line' id='line_1_35' title="bbox 219 3200 1478 3269; baseline 0.001 -16"><span class='ocrx_word' id='word_1_190' title='bbox 219 3200 376 3264; x_wconf 87' lang='lat' dir='ltr'><strong>Quod</strong></span> <span class='ocrx_word' id='word_1_191' title='bbox 408 3201 703 3269; x_wconf 90' lang='lat' dir='ltr'><strong>imperator</strong></span> <span class='ocrx_word' id='word_1_192' title='bbox 720 3215 850 3254; x_wconf 88' lang='lat' dir='ltr'><strong>aure</strong></span> <span class='ocrx_word' id='word_1_193' title='bbox 880 3215 1106 3254; x_wconf 87' lang='lat' dir='ltr'><strong>sumens</strong></span> <span class='ocrx_word' id='word_1_194' title='bbox 1145 3200 1478 3255; x_wconf 89' lang='lat' dir='ltr'><strong>Commodus</strong></span> 
     </span>
    </p>
   </div>
   <div class='ocr_carea' id='block_1_36' title="bbox 219 3287 1292 3354">
    <p class='ocr_par' dir='ltr' id='par_1_36' title="bbox 219 3287 1292 3354">
     <span class='ocr_line' id='line_1_36' title="bbox 219 3287 1292 3354; baseline -0.002 -11"><span class='ocrx_word' id='word_1_195' title='bbox 219 3288 388 3344; x_wconf 77' lang='lat' dir='ltr'><strong>lubet</strong></span> <span class='ocrx_word' id='word_1_196' title='bbox 415 3289 562 3343; x_wconf 88' lang='lat' dir='ltr'><strong>hunc</strong></span> <span class='ocrx_word' id='word_1_197' title='bbox 579 3287 754 3343; x_wconf 90' lang='lat' dir='ltr'><strong>teneri</strong></span> <span class='ocrx_word' id='word_1_198' title='bbox 785 3288 976 3354; x_wconf 90' lang='lat' dir='ltr'><strong>iratus,</strong></span> <span class='ocrx_word' id='word_1_199' title='bbox 997 3288 1292 3354; x_wconf 89' lang='lat' dir='ltr'><strong>etVitellii,</strong></span> 
     </span>
    </p>
   </div>
   <div class='ocr_carea' id='block_1_37' title="bbox 222 3376 1309 3451">
    <p class='ocr_par' dir='ltr' id='par_1_37' title="bbox 222 3376 1309 3451">
     <span class='ocr_line' id='line_1_37' title="bbox 222 3376 1309 3451; baseline -0.001 -20"><span class='ocrx_word' id='word_1_200' title='bbox 222 3377 474 3432; x_wconf 88' lang='lat' dir='ltr'><strong>Peditum</strong></span> <span class='ocrx_word' id='word_1_201' title='bbox 509 3376 777 3451; x_wconf 81' lang='lat' dir='ltr'><strong>magistri,</strong></span> <span class='ocrx_word' id='word_1_202' title='bbox 807 3377 969 3431; x_wconf 89' lang='lat' dir='ltr'><strong>tradit</strong></span> <span class='ocrx_word' id='word_1_203' title='bbox 993 3377 1309 3442; x_wconf 71' lang='lat' dir='ltr'><strong>audientize,</strong></span> 
     </span>
    </p>
   </div>
   <div class='ocr_carea' id='block_1_38' title="bbox 223 3463 1421 3537">
    <p class='ocr_par' dir='ltr' id='par_1_38' title="bbox 223 3463 1421 3537">
     <span class='ocr_line' id='line_1_38' title="bbox 223 3463 1421 3537; baseline 0.001 -19"><span class='ocrx_word' id='word_1_204' title='bbox 223 3465 369 3535; x_wconf 90' lang='lat' dir='ltr'><strong>Opes</strong></span> <span class='ocrx_word' id='word_1_205' title='bbox 396 3465 637 3537; x_wconf 88' lang='lat' dir='ltr'><strong>requirat</strong></span> <span class='ocrx_word' id='word_1_206' title='bbox 664 3480 902 3535; x_wconf 88' lang='lat' dir='ltr'><strong>eumque</strong></span> <span class='ocrx_word' id='word_1_207' title='bbox 928 3463 1109 3519; x_wconf 85' lang='lat' dir='ltr'><strong>flectat</strong></span> <span class='ocrx_word' id='word_1_208' title='bbox 1134 3464 1383 3519; x_wconf 89' lang='lat' dir='ltr'><strong>delubris</strong></span> <span class='ocrx_word' id='word_1_209' title='bbox 1407 3482 1421 3530; x_wconf 88' lang='lat'><strong>;</strong></span> 
     </span>
    </p>
   </div>
   <div class='ocr_carea' id='block_1_39' title="bbox 225 3556 1344 3627">
    <p class='ocr_par' dir='ltr' id='par_1_39' title="bbox 225 3556 1344 3627">
     <span class='ocr_line' id='line_1_39' title="bbox 225 3556 1344 3627; baseline 0 -17"><span class='ocrx_word' id='word_1_210' title='bbox 225 3556 424 3612; x_wconf 88' lang='lat' dir='ltr'><strong>Tribus</strong></span> <span class='ocrx_word' id='word_1_211' title='bbox 453 3557 544 3610; x_wconf 90' lang='lat' dir='ltr'><strong>dat</strong></span> <span class='ocrx_word' id='word_1_212' title='bbox 577 3556 666 3610; x_wconf 92' lang='lat' dir='ltr'><strong>ille</strong></span> <span class='ocrx_word' id='word_1_213' title='bbox 697 3571 861 3627; x_wconf 89' lang='lat' dir='ltr'><strong>quem</strong></span> <span class='ocrx_word' id='word_1_214' title='bbox 894 3556 1091 3610; x_wconf 89' lang='lat' dir='ltr'><strong>diebus</strong></span> <span class='ocrx_word' id='word_1_215' title='bbox 1117 3556 1344 3623; x_wconf 87' lang='lat' dir='ltr'><strong>carceri,</strong></span> 
     </span>
    </p>
   </div>
   <div class='ocr_carea' id='block_1_40' title="bbox 228 3643 1480 3701">
    <p class='ocr_par' dir='ltr' id='par_1_40' title="bbox 228 3643 1480 3701">
     <span class='ocr_line' id='line_1_40' title="bbox 228 3643 1480 3701; baseline 0.002 -4"><span class='ocrx_word' id='word_1_216' title='bbox 228 3643 461 3699; x_wconf 86' lang='lat' dir='ltr'><strong>Posthac</strong></span> <span class='ocrx_word' id='word_1_217' title='bbox 485 3645 694 3699; x_wconf 88' lang='lat' dir='ltr'><strong>catenis</strong></span> <span class='ocrx_word' id='word_1_218' title='bbox 725 3646 948 3699; x_wconf 89' lang='lat' dir='ltr'><strong>mandat</strong></span> <span class='ocrx_word' id='word_1_219' title='bbox 978 3653 1158 3700; x_wconf 89' lang='lat' dir='ltr'><strong>actum</strong></span> <span class='ocrx_word' id='word_1_220' title='bbox 1201 3645 1480 3701; x_wconf 86' lang='lat' dir='ltr'><strong>assistere.</strong></span> 
     </span>
    </p>
   </div>
   <div class='ocr_carea' id='block_1_41' title="bbox 227 3737 1399 3807">
    <p class='ocr_par' dir='ltr' id='par_1_41' title="bbox 227 3737 1399 3807">
     <span class='ocr_line' id='line_1_41' title="bbox 227 3737 1399 3807; baseline 0.003 -19"><span class='ocrx_word' id='word_1_221' title='bbox 227 3737 269 3788; x_wconf 76' lang='grc' dir='ltr'><strong>Α</strong></span> <span class='ocrx_word' id='word_1_222' title='bbox 302 3751 410 3806; x_wconf 91' lang='lat' dir='ltr'><strong>quo</strong></span> <span class='ocrx_word' id='word_1_223' title='bbox 437 3751 560 3790; x_wconf 89' lang='lat' dir='ltr'><strong>orsa</strong></span> <span class='ocrx_word' id='word_1_224' title='bbox 598 3737 824 3807; x_wconf 91' lang='lat' dir='ltr'><strong>capiens</strong></span> <span class='ocrx_word' id='word_1_225' title='bbox 852 3737 979 3802; x_wconf 90' lang='lat' dir='ltr'><strong>alta,</strong></span> <span class='ocrx_word' id='word_1_226' title='bbox 1011 3738 1168 3801; x_wconf 90' lang='lat' dir='ltr'><strong>dura,</strong></span> <span class='ocrx_word' id='word_1_227' title='bbox 1196 3737 1399 3800; x_wconf 89' lang='lat' dir='ltr'><strong>vivida,</strong></span> 
     </span>
    </p>
   </div>
   <div class='ocr_carea' id='block_1_42' title="bbox 230 3828 1261 3901">
    <p class='ocr_par' dir='ltr' id='par_1_42' title="bbox 230 3828 1261 3901">
     <span class='ocr_line' id='line_1_42' title="bbox 230 3828 1261 3901; baseline 0.002 -19"><span class='ocrx_word' id='word_1_228' title='bbox 230 3828 597 3883; x_wconf 65' lang='lat' dir='ltr'><strong>Caediseveris</strong></span> <span class='ocrx_word' id='word_1_229' title='bbox 636 3829 828 3883; x_wconf 87' lang='lat' dir='ltr'><strong>tandiu</strong></span> <span class='ocrx_word' id='word_1_230' title='bbox 861 3829 973 3901; x_wconf 91' lang='lat' dir='ltr'><strong>egit</strong></span> <span class='ocrx_word' id='word_1_231' title='bbox 1003 3829 1261 3896; x_wconf 90' lang='lat' dir='ltr'><strong>fustibus,</strong></span> 
     </span>
    </p>
   </div>
   <div class='ocr_carea' id='block_1_43' title="bbox 229 3915 1422 3988">
    <p class='ocr_par' dir='ltr' id='par_1_43' title="bbox 229 3915 1422 3988">
     <span class='ocr_line' id='line_1_43' title="bbox 229 3915 1422 3988; baseline 0.002 -18"><span class='ocrx_word' id='word_1_232' title='bbox 229 3917 366 3970; x_wconf 90' lang='lat' dir='ltr'><strong>Dum</strong></span> <span class='ocrx_word' id='word_1_233' title='bbox 395 3915 628 3970; x_wconf 86' lang='lat' dir='ltr'><strong>liberum</strong></span> <span class='ocrx_word' id='word_1_234' title='bbox 655 3918 974 3972; x_wconf 88' lang='lat' dir='ltr'><strong>transmittit</strong></span> <span class='ocrx_word' id='word_1_235' title='bbox 1000 3928 1144 3972; x_wconf 88' lang='lat' dir='ltr'><strong>astra</strong></span> <span class='ocrx_word' id='word_1_236' title='bbox 1170 3918 1422 3988; x_wconf 87' lang='lat' dir='ltr'><strong>spiritum</strong></span> 
     </span>
    </p>
   </div>
   <div class='ocr_carea' id='block_1_44' title="bbox 233 4008 1262 4078">
    <p class='ocr_par' dir='ltr' id='par_1_44' title="bbox 233 4008 1262 4078">
     <span class='ocr_line' id='line_1_44' title="bbox 233 4008 1262 4078; baseline 0.002 -17"><span class='ocrx_word' id='word_1_237' title='bbox 233 4008 434 4064; x_wconf 91' lang='lat' dir='ltr'><strong>Senior</strong></span> <span class='ocrx_word' id='word_1_238' title='bbox 460 4023 714 4078; x_wconf 62' lang='lat' dir='ltr'><strong>supernae</strong></span> <span class='ocrx_word' id='word_1_239' title='bbox 729 4009 1043 4064; x_wconf 88' lang='lat' dir='ltr'><strong>dedicatum</strong></span> <span class='ocrx_word' id='word_1_240' title='bbox 1078 4010 1262 4064; x_wconf 76' lang='lat' dir='ltr'><strong>curiae.</strong></span> 
     </span>
    </p>
   </div>
   <div class='ocr_carea' id='block_1_45' title="bbox 232 4100 1390 4175">
    <p class='ocr_par' dir='ltr' id='par_1_45' title="bbox 232 4100 1390 4175">
     <span class='ocr_line' id='line_1_45' title="bbox 232 4100 1390 4175; baseline 0 -21"><span class='ocrx_word' id='word_1_241' title='bbox 232 4101 314 4155; x_wconf 91' lang='lat' dir='ltr'><strong>Pii</strong></span> <span class='ocrx_word' id='word_1_242' title='bbox 348 4100 594 4175; x_wconf 88' lang='lat' dir='ltr'><strong>magistri</strong></span> <span class='ocrx_word' id='word_1_243' title='bbox 626 4117 826 4172; x_wconf 92' lang='lat' dir='ltr'><strong>corpus</strong></span> <span class='ocrx_word' id='word_1_244' title='bbox 864 4102 1067 4156; x_wconf 89' lang='lat' dir='ltr'><strong>almum</strong></span> <span class='ocrx_word' id='word_1_245' title='bbox 1099 4101 1390 4174; x_wconf 89' lang='lat' dir='ltr'><strong>colligunt,</strong></span> 
     </span>
    </p>
   </div>
   <div class='ocr_carea' id='block_1_46' title="bbox 242 4193 1320 4264">
    <p class='ocr_par' dir='ltr' id='par_1_46' title="bbox 242 4193 1320 4264">
     <span class='ocr_line' id='line_1_46' title="bbox 242 4193 1320 4264; baseline 0.001 -17"><span class='ocrx_word' id='word_1_246' title='bbox 242 4195 501 4264; x_wconf 89' lang='lat' dir='ltr'><strong>Interque</strong></span> <span class='ocrx_word' id='word_1_247' title='bbox 532 4193 694 4248; x_wconf 89' lang='lat' dir='ltr'><strong>busta</strong></span> <span class='ocrx_word' id='word_1_248' title='bbox 721 4193 994 4250; x_wconf 88' lang='lat' dir='ltr'><strong>collocant</strong></span> <span class='ocrx_word' id='word_1_249' title='bbox 1021 4193 1320 4264; x_wconf 87' lang='lat' dir='ltr'><strong>Calepodii.</strong></span> 
     </span>
    </p>
   </div>
   <div class='ocr_carea' id='block_1_47' title="bbox 241 4284 1378 4359">
    <p class='ocr_par' dir='ltr' id='par_1_47' title="bbox 241 4284 1378 4359">
     <span class='ocr_line' id='line_1_47' title="bbox 241 4284 1378 4359; baseline 0.002 -21"><span class='ocrx_word' id='word_1_250' title='bbox 241 4284 381 4338; x_wconf 84' lang='lat' dir='ltr'><strong>Hinc</strong></span> <span class='ocrx_word' id='word_1_251' title='bbox 410 4285 796 4355; x_wconf 88' lang='lat' dir='ltr'><strong>comprehensi</strong></span> <span class='ocrx_word' id='word_1_252' title='bbox 827 4285 1111 4359; x_wconf 88' lang='lat' dir='ltr'><strong>cognitore</strong></span> <span class='ocrx_word' id='word_1_253' title='bbox 1138 4285 1378 4351; x_wconf 90' lang='lat' dir='ltr'><strong>Vitellio,</strong></span> 
     </span>
    </p>
   </div>
   <div class='ocr_carea' id='block_1_48' title="bbox 244 4376 1472 4448">
    <p class='ocr_par' dir='ltr' id='par_1_48' title="bbox 244 4376 1472 4448">
     <span class='ocr_line' id='line_1_48' title="bbox 244 4376 1472 4448; baseline 0 -19"><span class='ocrx_word' id='word_1_254' title='bbox 244 4376 381 4430; x_wconf 90' lang='lat' dir='ltr'><strong>Dum</strong></span> <span class='ocrx_word' id='word_1_255' title='bbox 399 4376 643 4446; x_wconf 92' lang='lat' dir='ltr'><strong>pensiles</strong></span> <span class='ocrx_word' id='word_1_256' title='bbox 671 4377 941 4432; x_wconf 88' lang='lat' dir='ltr'><strong>librantur</strong></span> <span class='ocrx_word' id='word_1_257' title='bbox 971 4377 1209 4448; x_wconf 89' lang='lat' dir='ltr'><strong>equuleo</strong></span> <span class='ocrx_word' id='word_1_258' title='bbox 1239 4377 1472 4442; x_wconf 85' lang='lat' dir='ltr'><strong>eminus,</strong></span> 
     </span>
    </p>
   </div>
   <div class='ocr_carea' id='block_1_49' title="bbox 241 4465 1398 4537">
    <p class='ocr_par' dir='ltr' id='par_1_49' title="bbox 241 4465 1398 4537">
     <span class='ocr_line' id='line_1_49' title="bbox 241 4465 1398 4537; baseline 0 -18"><span class='ocrx_word' id='word_1_259' title='bbox 241 4465 546 4537; x_wconf 85' lang='lat' dir='ltr'><strong>Nervisque</strong></span> <span class='ocrx_word' id='word_1_260' title='bbox 561 4465 956 4520; x_wconf 89' lang='lat' dir='ltr'><strong>distenduntur</strong></span> <span class='ocrx_word' id='word_1_261' title='bbox 979 4473 1126 4520; x_wconf 89' lang='lat' dir='ltr'><strong>artus</strong></span> <span class='ocrx_word' id='word_1_262' title='bbox 1147 4465 1398 4530; x_wconf 89' lang='lat' dir='ltr'><strong>fortibus,</strong></span> 
     </span>
    </p>
   </div>
   <div class='ocr_carea' id='block_1_50' title="bbox 246 4555 1332 4628">
    <p class='ocr_par' dir='ltr' id='par_1_50' title="bbox 246 4555 1332 4628">
     <span class='ocr_line' id='line_1_50' title="bbox 246 4555 1332 4628; baseline 0.002 -18"><span class='ocrx_word' id='word_1_263' title='bbox 246 4555 668 4628; x_wconf 89' lang='lat' dir='ltr'><strong>Crudeliterque</strong></span> <span class='ocrx_word' id='word_1_264' title='bbox 702 4566 1052 4612; x_wconf 87' lang='lat' dir='ltr'><strong>macerantur</strong></span> <span class='ocrx_word' id='word_1_265' title='bbox 1075 4557 1332 4624; x_wconf 82' lang='lat' dir='ltr'><strong>fustibus,</strong></span> 
     </span>
    </p>
   </div>
   <div class='ocr_carea' id='block_1_51' title="bbox 244 4645 1509 4720">
    <p class='ocr_par' dir='ltr' id='par_1_51' title="bbox 244 4645 1509 4720">
     <span class='ocr_line' id='line_1_51' title="bbox 244 4645 1509 4720; baseline 0.005 -23"><span class='ocrx_word' id='word_1_266' title='bbox 244 4645 614 4716; x_wconf 83' lang='lat' dir='ltr'><strong>Flammisque</strong></span> <span class='ocrx_word' id='word_1_267' title='bbox 635 4646 804 4701; x_wconf 88' lang='lat' dir='ltr'><strong>latera</strong></span> <span class='ocrx_word' id='word_1_268' title='bbox 832 4645 1176 4720; x_wconf 89' lang='lat' dir='ltr'><strong>conflagrant</strong></span> <span class='ocrx_word' id='word_1_269' title='bbox 1205 4649 1509 4712; x_wconf 87' lang='lat' dir='ltr'><strong>atrocibus,</strong></span> 
     </span>
    </p>
   </div>
   <div class='ocr_carea' id='block_1_52' title="bbox 241 4738 1264 4808">
    <p class='ocr_par' dir='ltr' id='par_1_52' title="bbox 241 4738 1264 4808">
     <span class='ocr_line' id='line_1_52' title="bbox 241 4738 1264 4808; baseline 0.002 -18"><span class='ocrx_word' id='word_1_270' title='bbox 241 4738 561 4794; x_wconf 87' lang='lat' dir='ltr'><strong>Tueturista</strong></span> <span class='ocrx_word' id='word_1_271' title='bbox 592 4739 696 4792; x_wconf 88' lang='lat' dir='ltr'><strong>sub</strong></span> <span class='ocrx_word' id='word_1_272' title='bbox 723 4740 974 4808; x_wconf 63' lang='lat' dir='ltr'><strong>palaestra</strong></span> <span class='ocrx_word' id='word_1_273' title='bbox 1003 4738 1264 4794; x_wconf 88' lang='lat' dir='ltr'><strong>carnifex.</strong></span> 
     </span>
    </p>
   </div>
   <div class='ocr_carea' id='block_1_53' title="bbox 241 4830 1441 4905">
    <p class='ocr_par' dir='ltr' id='par_1_53' title="bbox 241 4830 1441 4905">
     <span class='ocr_line' id='line_1_53' title="bbox 241 4830 1441 4905; baseline 0.003 -21"><span class='ocrx_word' id='word_1_274' title='bbox 241 4830 490 4885; x_wconf 80' lang='lat' dir='ltr'><strong>Stantem</strong></span> <span class='ocrx_word' id='word_1_275' title='bbox 519 4830 729 4885; x_wconf 89' lang='lat' dir='ltr'><strong>mederi</strong></span> <span class='ocrx_word' id='word_1_276' title='bbox 756 4831 1024 4886; x_wconf 84' lang='lat' dir='ltr'><strong>Antonius</strong></span> <span class='ocrx_word' id='word_1_277' title='bbox 1055 4847 1178 4886; x_wconf 91' lang='lat' dir='ltr'><strong>cum</strong></span> <span class='ocrx_word' id='word_1_278' title='bbox 1208 4833 1441 4905; x_wconf 83' lang='lat' dir='ltr'><strong>spongia</strong></span> 
     </span>
    </p>
   </div>
   <div class='ocr_carea' id='block_1_54' title="bbox 244 4918 1542 4999">
    <p class='ocr_par' dir='ltr' id='par_1_54' title="bbox 244 4918 1542 4999">
     <span class='ocr_line' id='line_1_54' title="bbox 244 4918 1542 4999; baseline 0.003 -26"><span class='ocrx_word' id='word_1_279' title='bbox 244 4934 513 4999; x_wconf 66' lang='lat' dir='ltr'><strong>Juvenem</strong></span> <span class='ocrx_word' id='word_1_280' title='bbox 548 4918 876 4990; x_wconf 88' lang='lat' dir='ltr'><strong>piorumque</strong></span> <span class='ocrx_word' id='word_1_281' title='bbox 909 4919 1236 4976; x_wconf 89' lang='lat' dir='ltr'><strong>allevantem</strong></span> <span class='ocrx_word' id='word_1_282' title='bbox 1267 4921 1492 4976; x_wconf 84' lang='lat' dir='ltr'><strong>vulnera</strong></span> <span class='ocrx_word' id='word_1_283' title='bbox 1529 4939 1542 4976; x_wconf 92' lang='lat'><strong>:</strong></span> 
     </span>
    </p>
   </div>
   <div class='ocr_carea' id='block_1_55' title="bbox 3408 461 3514 517">
    <p class='ocr_par' dir='ltr' id='par_1_55' title="bbox 3408 461 3514 517">
     <span class='ocr_line' id='line_1_55' title="bbox 3408 461 3514 517; baseline -0.038 0"><span class='ocrx_word' id='word_1_284' title='bbox 3408 461 3514 517; x_wconf 67' lang='grc'><strong>654</strong></span> 
     </span>
    </p>
   </div>
   <div class='ocr_carea' id='block_1_56' title="bbox 1909 1042 3524 1118">
    <p class='ocr_par' dir='ltr' id='par_1_56' title="bbox 1909 1042 3524 1118">
     <span class='ocr_line' id='line_1_56' title="bbox 1909 1042 3524 1118; baseline -0.003 -17"><span class='ocrx_word' id='word_1_285' title='bbox 1909 1047 2172 1118; x_wconf 82' lang='lat' dir='ltr'><strong>Quodque</strong></span> <span class='ocrx_word' id='word_1_286' title='bbox 2201 1047 2399 1116; x_wconf 90' lang='lat' dir='ltr'><strong>probes</strong></span> <span class='ocrx_word' id='word_1_287' title='bbox 2427 1061 2615 1098; x_wconf 88' lang='lat' dir='ltr'><strong>verum</strong></span> <span class='ocrx_word' id='word_1_288' title='bbox 2648 1045 2928 1106; x_wconf 86' lang='lat' dir='ltr'><strong>damnare,</strong></span> <span class='ocrx_word' id='word_1_289' title='bbox 2959 1043 3248 1097; x_wconf 88' lang='lat' dir='ltr'><strong>admittere</strong></span> <span class='ocrx_word' id='word_1_290' title='bbox 3303 1042 3524 1107; x_wconf 86' lang='lat' dir='ltr'><strong>falsum,</strong></span> 
     </span>
    </p>
   </div>
   <div class='ocr_carea' id='block_1_57' title="bbox 1910 1133 3367 1200">
    <p class='ocr_par' dir='ltr' id='par_1_57' title="bbox 1910 1133 3367 1200">
     <span class='ocr_line' id='line_1_57' title="bbox 1910 1133 3367 1200; baseline -0.003 -10"><span class='ocrx_word' id='word_1_291' title='bbox 1910 1137 2146 1190; x_wconf 89' lang='lat' dir='ltr'><strong>Perdere</strong></span> <span class='ocrx_word' id='word_1_292' title='bbox 2178 1137 2458 1200; x_wconf 91' lang='lat' dir='ltr'><strong>virtutem,</strong></span> <span class='ocrx_word' id='word_1_293' title='bbox 2483 1135 2603 1187; x_wconf 90' lang='lat' dir='ltr'><strong>sine</strong></span> <span class='ocrx_word' id='word_1_294' title='bbox 2636 1133 2813 1188; x_wconf 90' lang='lat' dir='ltr'><strong>fronte</strong></span> <span class='ocrx_word' id='word_1_295' title='bbox 2847 1133 3094 1187; x_wconf 88' lang='lat' dir='ltr'><strong>attollere</strong></span> <span class='ocrx_word' id='word_1_296' title='bbox 3135 1133 3367 1198; x_wconf 89' lang='lat' dir='ltr'><strong>crimen,</strong></span> 
     </span>
    </p>
   </div>
   <div class='ocr_carea' id='block_1_58' title="bbox 1918 1649 3512 1734">
    <p class='ocr_par' dir='ltr' id='par_1_58' title="bbox 1918 1649 3512 1734">
     <span class='ocr_line' id='line_1_58' title="bbox 1918 1649 3512 1734; baseline -0.001 -20"><span class='ocrx_word' id='word_1_297' title='bbox 1918 1663 2230 1734; x_wconf 87' lang='lat' dir='ltr'><strong>Clamatque</strong></span> <span class='ocrx_word' id='word_1_298' title='bbox 2261 1680 2273 1716; x_wconf 91' lang='lat'>:</span> <span class='ocrx_word' id='word_1_299' title='bbox 2313 1685 2334 1712; x_wconf 78' lang='grc' dir='ltr'>ι</span> <span class='ocrx_word' id='word_1_300' title='bbox 2360 1649 2616 1716; x_wconf 63' lang='grc' dir='ltr'><strong>08υέρῇ</strong></span> <span class='ocrx_word' id='word_1_301' title='bbox 2647 1661 2889 1715; x_wconf 89' lang='lat' dir='ltr'><strong>Christus</strong></span> <span class='ocrx_word' id='word_1_302' title='bbox 2919 1675 3081 1730; x_wconf 90' lang='lat' dir='ltr'><strong>quem</strong></span> <span class='ocrx_word' id='word_1_303' title='bbox 3116 1659 3450 1729; x_wconf 62' lang='lat' dir='ltr'><strong>praedicant;</strong></span> <span class='ocrx_word' id='word_1_304' title='bbox 3489 1682 3512 1704; x_wconf 75' lang='grc' dir='ltr'><strong>-ι</strong></span> 
     </span>
    </p>
   </div>
   <div class='ocr_carea' id='block_1_59' title="bbox 1920 1751 3120 1824">
    <p class='ocr_par' dir='ltr' id='par_1_59' title="bbox 1920 1751 3120 1824">
     <span class='ocr_line' id='line_1_59' title="bbox 1920 1751 3120 1824; baseline -0.003 -16"><span class='ocrx_word' id='word_1_305' title='bbox 1920 1754 2143 1818; x_wconf 85' lang='lat' dir='ltr'><strong>Clamat,</strong></span> <span class='ocrx_word' id='word_1_306' title='bbox 2185 1754 2388 1808; x_wconf 90' lang='lat' dir='ltr'><strong>deinde</strong></span> <span class='ocrx_word' id='word_1_307' title='bbox 2420 1753 2723 1807; x_wconf 87' lang='lat' dir='ltr'><strong>clanculam</strong></span> <span class='ocrx_word' id='word_1_308' title='bbox 2757 1752 2892 1821; x_wconf 90' lang='lat' dir='ltr'><strong>petit</strong></span> <span class='ocrx_word' id='word_1_309' title='bbox 2917 1751 3120 1824; x_wconf 85' lang='lat' dir='ltr'><strong>fugam,</strong></span> 
     </span>
    </p>
   </div>
   <div class='ocr_carea' id='block_1_60' title="bbox 1918 1838 3112 1907">
    <p class='ocr_par' dir='ltr' id='par_1_60' title="bbox 1918 1838 3112 1907">
     <span class='ocr_line' id='line_1_60' title="bbox 1918 1838 3112 1907; baseline -0.003 -11"><span class='ocrx_word' id='word_1_310' title='bbox 1918 1844 2087 1907; x_wconf 91' lang='lat' dir='ltr'><strong>Quem</strong></span> <span class='ocrx_word' id='word_1_311' title='bbox 2118 1841 2474 1896; x_wconf 81' lang='lat' dir='ltr'><strong>confitentem</strong></span> <span class='ocrx_word' id='word_1_312' title='bbox 2510 1841 2660 1895; x_wconf 90' lang='lat' dir='ltr'><strong>fonte</strong></span> <span class='ocrx_word' id='word_1_313' title='bbox 2703 1838 2932 1894; x_wconf 89' lang='lat' dir='ltr'><strong>Rufinus</strong></span> <span class='ocrx_word' id='word_1_314' title='bbox 2959 1854 3112 1893; x_wconf 92' lang='lat' dir='ltr'><strong>sacro</strong></span> 
     </span>
    </p>
   </div>
   <div class='ocr_carea' id='block_1_61' title="bbox 1925 1929 3016 2003">
    <p class='ocr_par' dir='ltr' id='par_1_61' title="bbox 1925 1929 3016 2003">
     <span class='ocr_line' id='line_1_61' title="bbox 1925 1929 3016 2003; baseline -0.002 -17"><span class='ocrx_word' id='word_1_315' title='bbox 1925 1933 2091 1989; x_wconf 87' lang='lat' dir='ltr'><strong>Lavit.</strong></span> <span class='ocrx_word' id='word_1_316' title='bbox 2127 1934 2396 1988; x_wconf 83' lang='lat' dir='ltr'><strong>Reversus</strong></span> <span class='ocrx_word' id='word_1_317' title='bbox 2428 1934 2495 1986; x_wconf 88' lang='lat' dir='ltr'><strong>ad</strong></span> <span class='ocrx_word' id='word_1_318' title='bbox 2525 1939 2814 2003; x_wconf 87' lang='lat' dir='ltr'><strong>tyrannum</strong></span> <span class='ocrx_word' id='word_1_319' title='bbox 2844 1929 3016 1985; x_wconf 88' lang='lat' dir='ltr'><strong>libere</strong></span> 
     </span>
    </p>
   </div>
   <div class='ocr_carea' id='block_1_62' title="bbox 1850 2019 3118 2118">
    <p class='ocr_par' dir='ltr' id='par_1_62' title="bbox 1850 2019 3118 2118">
     <span class='ocr_line' id='line_1_62' title="bbox 1850 2019 3118 2118; baseline -0.006 -41"><span class='ocrx_word' id='word_1_320' title='bbox 1850 2051 1898 2118; x_wconf 78' lang='grc' dir='ltr'>Β</span> <span class='ocrx_word' id='word_1_321' title='bbox 1925 2024 2058 2077; x_wconf 91' lang='lat' dir='ltr'><strong>Dum</strong></span> <span class='ocrx_word' id='word_1_322' title='bbox 2092 2023 2458 2118; x_wconf 76' lang='lat' dir='ltr'><strong>Christianum</strong></span> <span class='ocrx_word' id='word_1_323' title='bbox 2492 2021 2802 2117; x_wconf 60' lang='lat' dir='ltr'><strong>selatetur,</strong></span> <span class='ocrx_word' id='word_1_324' title='bbox 2837 2019 3118 2116; x_wconf 78' lang='lat' dir='ltr'><strong>plectitur,</strong></span> 
     </span>
    </p>
   </div>
   <div class='ocr_carea' id='block_1_63' title="bbox 1921 2106 3062 2184">
    <p class='ocr_par' dir='ltr' id='par_1_63' title="bbox 1921 2106 3062 2184">
     <span class='ocr_line' id='line_1_63' title="bbox 1921 2106 3062 2184; baseline -0.007 -18"><span class='ocrx_word' id='word_1_325' title='bbox 1921 2111 2217 2184; x_wconf 87' lang='lat' dir='ltr'><strong>Juguliqne</strong></span> <span class='ocrx_word' id='word_1_326' title='bbox 2238 2109 2304 2163; x_wconf 91' lang='lat' dir='ltr'><strong>ad</strong></span> <span class='ocrx_word' id='word_1_327' title='bbox 2325 2119 2470 2163; x_wconf 89' lang='lat' dir='ltr'><strong>astra</strong></span> <span class='ocrx_word' id='word_1_328' title='bbox 2498 2107 2734 2162; x_wconf 89' lang='lat' dir='ltr'><strong>mittitur</strong></span> <span class='ocrx_word' id='word_1_329' title='bbox 2764 2106 3062 2172; x_wconf 87' lang='lat' dir='ltr'><strong>sententia,</strong></span> 
     </span>
    </p>
   </div>
   <div class='ocr_carea' id='block_1_64' title="bbox 1920 2195 2980 2270">
    <p class='ocr_par' dir='ltr' id='par_1_64' title="bbox 1920 2195 2980 2270">
     <span class='ocr_line' id='line_1_64' title="bbox 1920 2195 2980 2270; baseline -0.001 -20"><span class='ocrx_word' id='word_1_330' title='bbox 1920 2200 2125 2270; x_wconf 88' lang='lat' dir='ltr'><strong>Viaque</strong></span> <span class='ocrx_word' id='word_1_331' title='bbox 2151 2206 2308 2252; x_wconf 80' lang='lat' dir='ltr'><strong>teme</strong></span> <span class='ocrx_word' id='word_1_332' title='bbox 2336 2198 2443 2251; x_wconf 87' lang='lat' dir='ltr'><strong>lata</strong></span> <span class='ocrx_word' id='word_1_333' title='bbox 2469 2196 2718 2250; x_wconf 90' lang='lat' dir='ltr'><strong>membra</strong></span> <span class='ocrx_word' id='word_1_334' title='bbox 2740 2195 2980 2249; x_wconf 79' lang='lat' dir='ltr'><strong>Aurelia.</strong></span> 
     </span>
    </p>
   </div>
   <div class='ocr_carea' id='block_1_65' title="bbox 1995 2288 3159 2348">
    <p class='ocr_par' dir='ltr' id='par_1_65' title="bbox 1995 2288 3159 2348">
     <span class='ocr_line' id='line_1_65' title="bbox 1995 2288 3159 2348; baseline -0.006 -1"><span class='ocrx_word' id='word_1_335' title='bbox 1995 2295 2052 2348; x_wconf 93' lang='lat' dir='ltr'><strong>In</strong></span> <span class='ocrx_word' id='word_1_336' title='bbox 2075 2293 2236 2347; x_wconf 89' lang='lat' dir='ltr'><strong>laude</strong></span> <span class='ocrx_word' id='word_1_337' title='bbox 2269 2291 2466 2346; x_wconf 89' lang='lat' dir='ltr'><strong>Christi</strong></span> <span class='ocrx_word' id='word_1_338' title='bbox 2502 2291 2726 2345; x_wconf 89' lang='lat' dir='ltr'><strong>immota</strong></span> <span class='ocrx_word' id='word_1_339' title='bbox 2756 2295 2861 2344; x_wconf 90' lang='lat' dir='ltr'><strong>stat</strong></span> <span class='ocrx_word' id='word_1_340' title='bbox 2892 2288 3159 2344; x_wconf 90' lang='lat' dir='ltr'><strong>sodalitas</strong></span> 
     </span>
    </p>
   </div>
   <div class='ocr_carea' id='block_1_66' title="bbox 1923 2380 3065 2452">
    <p class='ocr_par' dir='ltr' id='par_1_66' title="bbox 1923 2380 3065 2452">
     <span class='ocr_line' id='line_1_66' title="bbox 1923 2380 3065 2452; baseline -0.006 -13"><span class='ocrx_word' id='word_1_341' title='bbox 1923 2384 2294 2450; x_wconf 88' lang='lat' dir='ltr'><strong>Robusta,seu</strong></span> <span class='ocrx_word' id='word_1_342' title='bbox 2321 2397 2608 2452; x_wconf 88' lang='lat' dir='ltr'><strong>suspensa,</strong></span> <span class='ocrx_word' id='word_1_343' title='bbox 2638 2398 2735 2435; x_wconf 91' lang='lat' dir='ltr'><strong>seu</strong></span> <span class='ocrx_word' id='word_1_344' title='bbox 2760 2380 3065 2443; x_wconf 89' lang='lat' dir='ltr'><strong>remissior,</strong></span> 
     </span>
    </p>
   </div>
   <div class='ocr_carea' id='block_1_67' title="bbox 1925 2475 3120 2543">
    <p class='ocr_par' dir='ltr' id='par_1_67' title="bbox 1925 2475 3120 2543">
     <span class='ocr_line' id='line_1_67' title="bbox 1925 2475 3120 2543; baseline -0.008 -9"><span class='ocrx_word' id='word_1_345' title='bbox 1925 2481 2034 2534; x_wconf 85' lang='lat' dir='ltr'><strong>Nec</strong></span> <span class='ocrx_word' id='word_1_346' title='bbox 2059 2479 2226 2534; x_wconf 88' lang='lat' dir='ltr'><strong>fracta</strong></span> <span class='ocrx_word' id='word_1_347' title='bbox 2257 2479 2430 2543; x_wconf 91' lang='lat' dir='ltr'><strong>duris,</strong></span> <span class='ocrx_word' id='word_1_348' title='bbox 2464 2493 2568 2532; x_wconf 91' lang='lat' dir='ltr'><strong>nec</strong></span> <span class='ocrx_word' id='word_1_349' title='bbox 2583 2477 2810 2540; x_wconf 81' lang='lat' dir='ltr'><strong>subacta</strong></span> <span class='ocrx_word' id='word_1_350' title='bbox 2838 2475 3120 2530; x_wconf 91' lang='lat' dir='ltr'><strong>mollibus.</strong></span> 
     </span>
    </p>
   </div>
   <div class='ocr_carea' id='block_1_68' title="bbox 1926 2565 3010 2640">
    <p class='ocr_par' dir='ltr' id='par_1_68' title="bbox 1926 2565 3010 2640">
     <span class='ocr_line' id='line_1_68' title="bbox 1926 2565 3010 2640; baseline -0.006 -16"><span class='ocrx_word' id='word_1_351' title='bbox 1926 2570 2177 2624; x_wconf 83' lang='lat' dir='ltr'><strong>Furiatus</strong></span> <span class='ocrx_word' id='word_1_352' title='bbox 2206 2583 2338 2640; x_wconf 86' lang='lat' dir='ltr'><strong>ergo</strong></span> <span class='ocrx_word' id='word_1_353' title='bbox 2359 2582 2555 2622; x_wconf 87' lang='lat' dir='ltr'><strong>censor</strong></span> <span class='ocrx_word' id='word_1_354' title='bbox 2581 2566 2828 2621; x_wconf 91' lang='lat' dir='ltr'><strong>abscindi</strong></span> <span class='ocrx_word' id='word_1_355' title='bbox 2861 2565 3010 2620; x_wconf 85' lang='lat' dir='ltr'><strong>ferus</strong></span> 
     </span>
    </p>
   </div>
   <div class='ocr_carea' id='block_1_69' title="bbox 1930 2656 3008 2725">
    <p class='ocr_par' dir='ltr' id='par_1_69' title="bbox 1930 2656 3008 2725">
     <span class='ocr_line' id='line_1_69' title="bbox 1930 2656 3008 2725; baseline -0.005 -10"><span class='ocrx_word' id='word_1_356' title='bbox 1930 2661 2195 2716; x_wconf 90' lang='lat' dir='ltr'><strong>Plectrum</strong></span> <span class='ocrx_word' id='word_1_357' title='bbox 2226 2661 2405 2715; x_wconf 67' lang='lat' dir='ltr'><strong>beatae</strong></span> <span class='ocrx_word' id='word_1_358' title='bbox 2433 2659 2516 2714; x_wconf 88' lang='lat' dir='ltr'><strong>vis</strong></span> <span class='ocrx_word' id='word_1_359' title='bbox 2546 2658 2778 2712; x_wconf 87' lang='lat' dir='ltr'><strong>Eusebio</strong></span> <span class='ocrx_word' id='word_1_360' title='bbox 2804 2656 2963 2725; x_wconf 90' lang='lat' dir='ltr'><strong>jubet</strong></span> <span class='ocrx_word' id='word_1_361' title='bbox 2994 2671 3008 2721; x_wconf 93' lang='lat'>;</span> 
     </span>
    </p>
   </div>
   <div class='ocr_carea' id='block_1_70' title="bbox 1929 2745 3115 2818">
    <p class='ocr_par' dir='ltr' id='par_1_70' title="bbox 1929 2745 3115 2818">
     <span class='ocr_line' id='line_1_70' title="bbox 1929 2745 3115 2818; baseline -0.003 -16"><span class='ocrx_word' id='word_1_362' title='bbox 1929 2750 2035 2804; x_wconf 81' lang='lat' dir='ltr'><strong>Sed</strong></span> <span class='ocrx_word' id='word_1_363' title='bbox 2061 2750 2184 2818; x_wconf 85' lang='lat' dir='ltr'><strong>jura</strong></span> <span class='ocrx_word' id='word_1_364' title='bbox 2208 2749 2405 2802; x_wconf 89' lang='lat' dir='ltr'><strong>Christi</strong></span> <span class='ocrx_word' id='word_1_365' title='bbox 2438 2749 2785 2803; x_wconf 88' lang='lat' dir='ltr'><strong>internecare</strong></span> <span class='ocrx_word' id='word_1_366' title='bbox 2814 2763 2922 2802; x_wconf 92' lang='lat' dir='ltr'><strong>non</strong></span> <span class='ocrx_word' id='word_1_367' title='bbox 2949 2745 3115 2810; x_wconf 88' lang='lat' dir='ltr'><strong>valet,</strong></span> 
     </span>
    </p>
   </div>
   <div class='ocr_carea' id='block_1_71' title="bbox 1928 2838 2977 2914">
    <p class='ocr_par' dir='ltr' id='par_1_71' title="bbox 1928 2838 2977 2914">
     <span class='ocr_line' id='line_1_71' title="bbox 1928 2838 2977 2914; baseline -0.003 -19"><span class='ocrx_word' id='word_1_368' title='bbox 1928 2843 2201 2913; x_wconf 90' lang='lat' dir='ltr'><strong>Datorque</strong></span> <span class='ocrx_word' id='word_1_369' title='bbox 2229 2839 2434 2914; x_wconf 68' lang='lat' dir='ltr'><strong>linguae</strong></span> <span class='ocrx_word' id='word_1_370' title='bbox 2459 2838 2608 2895; x_wconf 87' lang='lat' dir='ltr'><strong>suffit</strong></span> <span class='ocrx_word' id='word_1_371' title='bbox 2631 2839 2744 2894; x_wconf 91' lang='lat' dir='ltr'><strong>oris</strong></span> <span class='ocrx_word' id='word_1_372' title='bbox 2771 2838 2977 2904; x_wconf 88' lang='lat' dir='ltr'><strong>munia,</strong></span> 
     </span>
    </p>
   </div>
   <div class='ocr_carea' id='block_1_72' title="bbox 1932 2935 3189 3009">
    <p class='ocr_par' dir='ltr' id='par_1_72' title="bbox 1932 2935 3189 3009">
     <span class='ocr_line' id='line_1_72' title="bbox 1932 2935 3189 3009; baseline -0.006 -17"><span class='ocrx_word' id='word_1_373' title='bbox 1932 2939 1992 2992; x_wconf 87' lang='lat' dir='ltr'><strong>Et</strong></span> <span class='ocrx_word' id='word_1_374' title='bbox 2020 2937 2230 3009; x_wconf 89' lang='lat' dir='ltr'><strong>absque</strong></span> <span class='ocrx_word' id='word_1_375' title='bbox 2257 2937 2447 3008; x_wconf 81' lang='lat' dir='ltr'><strong>lingua</strong></span> <span class='ocrx_word' id='word_1_376' title='bbox 2476 2935 2644 2991; x_wconf 90' lang='lat' dir='ltr'><strong>verba</strong></span> <span class='ocrx_word' id='word_1_377' title='bbox 2674 2935 2880 3009; x_wconf 63' lang='lat' dir='ltr'><strong>Iingum</strong></span> <span class='ocrx_word' id='word_1_378' title='bbox 2912 2941 3189 3004; x_wconf 85' lang='lat' dir='ltr'><strong>procreat,</strong></span> 
     </span>
    </p>
   </div>
   <div class='ocr_carea' id='block_1_73' title="bbox 1936 3025 3089 3098">
    <p class='ocr_par' dir='ltr' id='par_1_73' title="bbox 1936 3025 3089 3098">
     <span class='ocr_line' id='line_1_73' title="bbox 1936 3025 3089 3098; baseline -0.005 -15"><span class='ocrx_word' id='word_1_379' title='bbox 1936 3028 2249 3098; x_wconf 88' lang='lat' dir='ltr'><strong>Clamatque</strong></span> <span class='ocrx_word' id='word_1_380' title='bbox 2281 3035 2467 3082; x_wconf 88' lang='lat' dir='ltr'><strong>sectus</strong></span> <span class='ocrx_word' id='word_1_381' title='bbox 2481 3042 2615 3082; x_wconf 88' lang='lat' dir='ltr'><strong>voce</strong></span> <span class='ocrx_word' id='word_1_382' title='bbox 2646 3026 2802 3080; x_wconf 86' lang='lat' dir='ltr'><strong>testis</strong></span> <span class='ocrx_word' id='word_1_383' title='bbox 2831 3025 3044 3096; x_wconf 88' lang='lat' dir='ltr'><strong>integra</strong></span> <span class='ocrx_word' id='word_1_384' title='bbox 3076 3042 3089 3077; x_wconf 93' lang='lat'>:</span> 
     </span>
    </p>
   </div>
   <div class='ocr_carea' id='block_1_74' title="bbox 1939 3113 3195 3188">
    <p class='ocr_par' dir='ltr' id='par_1_74' title="bbox 1939 3113 3195 3188">
     <span class='ocr_line' id='line_1_74' title="bbox 1939 3113 3195 3188; baseline -0.003 -18"><span class='ocrx_word' id='word_1_385' title='bbox 1939 3137 1964 3167; x_wconf 78' lang='grc' dir='ltr'><strong><em>α</em></strong></span> <span class='ocrx_word' id='word_1_386' title='bbox 1992 3116 2106 3170; x_wconf 83' lang='lat' dir='ltr'><strong>Tibi</strong></span> <span class='ocrx_word' id='word_1_387' title='bbox 2140 3117 2641 3186; x_wconf 85' lang='lat' dir='ltr'><strong>sempiterna,Jesu</strong></span> <span class='ocrx_word' id='word_1_388' title='bbox 2665 3116 2900 3180; x_wconf 86' lang='lat' dir='ltr'><strong>Christe,</strong></span> <span class='ocrx_word' id='word_1_389' title='bbox 2933 3113 3129 3188; x_wconf 90' lang='lat' dir='ltr'><strong>gloria.</strong></span> <span class='ocrx_word' id='word_1_390' title='bbox 3173 3135 3195 3161; x_wconf 62' lang='grc' dir='ltr'><strong>ιη</strong></span> 
     </span>
    </p>
   </div>
   <div class='ocr_carea' id='block_1_75' title="bbox 1933 3203 3030 3278">
    <p class='ocr_par' dir='ltr' id='par_1_75' title="bbox 1933 3203 3030 3278">
     <span class='ocr_line' id='line_1_75' title="bbox 1933 3203 3030 3278; baseline -0.004 -18"><span class='ocrx_word' id='word_1_391' title='bbox 1933 3205 2114 3275; x_wconf 90' lang='lat' dir='ltr'><strong>Septis</strong></span> <span class='ocrx_word' id='word_1_392' title='bbox 2143 3205 2340 3259; x_wconf 86' lang='lat' dir='ltr'><strong>retrusi</strong></span> <span class='ocrx_word' id='word_1_393' title='bbox 2370 3213 2491 3275; x_wconf 88' lang='lat' dir='ltr'><strong>post</strong></span> <span class='ocrx_word' id='word_1_394' title='bbox 2521 3220 2754 3278; x_wconf 89' lang='lat' dir='ltr'><strong>agonem</strong></span> <span class='ocrx_word' id='word_1_395' title='bbox 2791 3203 3030 3258; x_wconf 88' lang='lat' dir='ltr'><strong>carceris</strong></span> 
     </span>
    </p>
   </div>
   <div class='ocr_carea' id='block_1_76' title="bbox 1935 3295 2962 3367">
    <p class='ocr_par' dir='ltr' id='par_1_76' title="bbox 1935 3295 2962 3367">
     <span class='ocr_line' id='line_1_76' title="bbox 1935 3295 2962 3367; baseline 0 -17"><span class='ocrx_word' id='word_1_396' title='bbox 1935 3297 2147 3350; x_wconf 87' lang='lat' dir='ltr'><strong>Laudes</strong></span> <span class='ocrx_word' id='word_1_397' title='bbox 2173 3296 2349 3350; x_wconf 84' lang='lat' dir='ltr'><strong>datori</strong></span> <span class='ocrx_word' id='word_1_398' title='bbox 2369 3304 2669 3367; x_wconf 85' lang='lat' dir='ltr'><strong>personant</strong></span> <span class='ocrx_word' id='word_1_399' title='bbox 2697 3295 2962 3350; x_wconf 55' lang='lat' dir='ltr'><strong>victoria.</strong></span> 
     </span>
    </p>
   </div>
   <div class='ocr_carea' id='block_1_77' title="bbox 1858 3384 3066 3479">
    <p class='ocr_par' dir='ltr' id='par_1_77' title="bbox 1858 3384 3066 3479">
     <span class='ocr_line' id='line_1_77' title="bbox 1858 3384 3066 3479; baseline -0.002 -41"><span class='ocrx_word' id='word_1_400' title='bbox 1858 3413 1908 3479; x_wconf 63' lang='grc' dir='ltr'><strong>Ο</strong></span> <span class='ocrx_word' id='word_1_401' title='bbox 1937 3385 2034 3479; x_wconf 80' lang='lat' dir='ltr'><strong>Sic</strong></span> <span class='ocrx_word' id='word_1_402' title='bbox 2056 3385 2184 3479; x_wconf 79' lang='lat' dir='ltr'><strong>dum</strong></span> <span class='ocrx_word' id='word_1_403' title='bbox 2210 3384 2408 3479; x_wconf 78' lang='lat' dir='ltr'><strong>diebus</strong></span> <span class='ocrx_word' id='word_1_404' title='bbox 2433 3401 2502 3479; x_wconf 70' lang='lat' dir='ltr'><strong>ac</strong></span> <span class='ocrx_word' id='word_1_405' title='bbox 2518 3384 2782 3479; x_wconf 76' lang='lat' dir='ltr'><strong>resultant</strong></span> <span class='ocrx_word' id='word_1_406' title='bbox 2805 3384 3066 3479; x_wconf 67' lang='lat' dir='ltr'><strong>noctibus</strong></span> 
     </span>
    </p>
   </div>
   <div class='ocr_carea' id='block_1_78' title="bbox 1885 3471 3077 3542">
    <p class='ocr_par' dir='ltr' id='par_1_78' title="bbox 1885 3471 3077 3542">
     <span class='ocr_line' id='line_1_78' title="bbox 1885 3471 3077 3542; baseline -0.003 -15"><span class='ocrx_word' id='word_1_407' title='bbox 1885 3471 1907 3479; x_wconf 84' lang='grc'>”</span> <span class='ocrx_word' id='word_1_408' title='bbox 1940 3473 2166 3539; x_wconf 88' lang='lat' dir='ltr'><strong>Quidam</strong></span> <span class='ocrx_word' id='word_1_409' title='bbox 2196 3473 2452 3526; x_wconf 87' lang='lat' dir='ltr'><strong>sacerdos</strong></span> <span class='ocrx_word' id='word_1_410' title='bbox 2485 3472 2767 3542; x_wconf 83' lang='lat' dir='ltr'><strong>Lappulus</strong></span> <span class='ocrx_word' id='word_1_411' title='bbox 2799 3471 3077 3542; x_wconf 88' lang='lat' dir='ltr'><strong>Capitolii,</strong></span> 
     </span>
    </p>
   </div>
   <div class='ocr_carea' id='block_1_79' title="bbox 1941 3560 2959 3631">
    <p class='ocr_par' dir='ltr' id='par_1_79' title="bbox 1941 3560 2959 3631">
     <span class='ocr_line' id='line_1_79' title="bbox 1941 3560 2959 3631; baseline -0.001 -16"><span class='ocrx_word' id='word_1_412' title='bbox 1941 3563 2204 3616; x_wconf 88' lang='lat' dir='ltr'><strong>Obsessus</strong></span> <span class='ocrx_word' id='word_1_413' title='bbox 2225 3560 2384 3614; x_wconf 90' lang='lat' dir='ltr'><strong>annis</strong></span> <span class='ocrx_word' id='word_1_414' title='bbox 2405 3561 2648 3614; x_wconf 71' lang='lat' dir='ltr'><strong>caecitate</strong></span> <span class='ocrx_word' id='word_1_415' title='bbox 2675 3567 2959 3631; x_wconf 89' lang='lat' dir='ltr'><strong>quattuor,</strong></span> 
     </span>
    </p>
   </div>
   <div class='ocr_carea' id='block_1_80' title="bbox 1942 3650 2931 3714">
    <p class='ocr_par' dir='ltr' id='par_1_80' title="bbox 1942 3650 2931 3714">
     <span class='ocr_line' id='line_1_80' title="bbox 1942 3650 2931 3714; baseline -0.003 -8"><span class='ocrx_word' id='word_1_416' title='bbox 1942 3653 2098 3707; x_wconf 89' lang='lat' dir='ltr'><strong>Venit</strong></span> <span class='ocrx_word' id='word_1_417' title='bbox 2128 3651 2374 3706; x_wconf 84' lang='lat' dir='ltr'><strong>tenebris</strong></span> <span class='ocrx_word' id='word_1_418' title='bbox 2397 3658 2450 3705; x_wconf 90' lang='lat' dir='ltr'><strong>et</strong></span> <span class='ocrx_word' id='word_1_419' title='bbox 2482 3650 2931 3714; x_wconf 90' lang='lat' dir='ltr'><strong>receditlumine,</strong></span> 
     </span>
    </p>
   </div>
   <div class='ocr_carea' id='block_1_81' title="bbox 1945 3739 3035 3808">
    <p class='ocr_par' dir='ltr' id='par_1_81' title="bbox 1945 3739 3035 3808">
     <span class='ocr_line' id='line_1_81' title="bbox 1945 3739 3035 3808; baseline -0.001 -12"><span class='ocrx_word' id='word_1_420' title='bbox 1945 3743 2285 3796; x_wconf 77' lang='lat' dir='ltr'><strong>llluminatus</strong></span> <span class='ocrx_word' id='word_1_421' title='bbox 2315 3739 2502 3806; x_wconf 91' lang='lat' dir='ltr'><strong>corde,</strong></span> <span class='ocrx_word' id='word_1_422' title='bbox 2526 3754 2762 3794; x_wconf 88' lang='lat' dir='ltr'><strong>cernens</strong></span> <span class='ocrx_word' id='word_1_423' title='bbox 2783 3754 3035 3808; x_wconf 89' lang='lat' dir='ltr'><strong>corpore.</strong></span> 
     </span>
    </p>
   </div>
   <div class='ocr_carea' id='block_1_82' title="bbox 1946 3830 3013 3907">
    <p class='ocr_par' dir='ltr' id='par_1_82' title="bbox 1946 3830 3013 3907">
     <span class='ocr_line' id='line_1_82' title="bbox 1946 3830 3013 3907; baseline -0.004 -20"><span class='ocrx_word' id='word_1_424' title='bbox 1946 3832 2210 3907; x_wconf 86' lang='lat' dir='ltr'><strong>Ergastuli</strong></span> <span class='ocrx_word' id='word_1_425' title='bbox 2229 3839 2441 3903; x_wconf 88' lang='lat' dir='ltr'><strong>patrata</strong></span> <span class='ocrx_word' id='word_1_426' title='bbox 2468 3831 2786 3901; x_wconf 91' lang='lat' dir='ltr'><strong>Simplicius</strong></span> <span class='ocrx_word' id='word_1_427' title='bbox 2815 3830 3013 3884; x_wconf 89' lang='lat' dir='ltr'><strong>videns</strong></span> 
     </span>
    </p>
   </div>
   <div class='ocr_carea' id='block_1_83' title="bbox 1950 3920 3039 3987">
    <p class='ocr_par' dir='ltr' id='par_1_83' title="bbox 1950 3920 3039 3987">
     <span class='ocr_line' id='line_1_83' title="bbox 1950 3920 3039 3987; baseline -0.005 -8"><span class='ocrx_word' id='word_1_428' title='bbox 1950 3925 2224 3987; x_wconf 85' lang='lat' dir='ltr'><strong>Servator,</strong></span> <span class='ocrx_word' id='word_1_429' title='bbox 2249 3923 2356 3977; x_wconf 90' lang='lat' dir='ltr'><strong>aris</strong></span> <span class='ocrx_word' id='word_1_430' title='bbox 2387 3923 2702 3977; x_wconf 63' lang='lat' dir='ltr'><strong>dmmonum</strong></span> <span class='ocrx_word' id='word_1_431' title='bbox 2735 3920 3039 3987; x_wconf 88' lang='lat' dir='ltr'><strong>renuntiat,</strong></span> 
     </span>
    </p>
   </div>
   <div class='ocr_carea' id='block_1_84' title="bbox 1952 4011 3247 4086">
    <p class='ocr_par' dir='ltr' id='par_1_84' title="bbox 1952 4011 3247 4086">
     <span class='ocr_line' id='line_1_84' title="bbox 1952 4011 3247 4086; baseline -0.002 -15"><span class='ocrx_word' id='word_1_432' title='bbox 1952 4017 2268 4086; x_wconf 86' lang='lat' dir='ltr'><strong>Passusque</strong></span> <span class='ocrx_word' id='word_1_433' title='bbox 2301 4013 2572 4068; x_wconf 90' lang='lat' dir='ltr'><strong>Christum</strong></span> <span class='ocrx_word' id='word_1_434' title='bbox 2604 4018 2789 4067; x_wconf 91' lang='lat' dir='ltr'><strong>mente</strong></span> <span class='ocrx_word' id='word_1_435' title='bbox 2819 4011 2962 4066; x_wconf 89' lang='lat' dir='ltr'><strong>lotus</strong></span> <span class='ocrx_word' id='word_1_436' title='bbox 2987 4014 3247 4068; x_wconf 89' lang='lat' dir='ltr'><strong>candidat</strong></span> 
     </span>
    </p>
   </div>
   <div class='ocr_carea' id='block_1_85' title="bbox 1955 4099 3192 4176">
    <p class='ocr_par' dir='ltr' id='par_1_85' title="bbox 1955 4099 3192 4176">
     <span class='ocr_line' id='line_1_85' title="bbox 1955 4099 3192 4176; baseline -0.002 -18"><span class='ocrx_word' id='word_1_437' title='bbox 1955 4105 2083 4169; x_wconf 56' lang='lat' dir='ltr'><strong>Quae</strong></span> <span class='ocrx_word' id='word_1_438' title='bbox 2118 4110 2271 4176; x_wconf 86' lang='lat' dir='ltr'><strong>gesta</strong></span> <span class='ocrx_word' id='word_1_439' title='bbox 2287 4103 2454 4170; x_wconf 84' lang='lat' dir='ltr'><strong>judex</strong></span> <span class='ocrx_word' id='word_1_440' title='bbox 2484 4101 2700 4156; x_wconf 89' lang='lat' dir='ltr'><strong>nuntiat</strong></span> <span class='ocrx_word' id='word_1_441' title='bbox 2731 4099 2861 4154; x_wconf 91' lang='lat' dir='ltr'><strong>dum</strong></span> <span class='ocrx_word' id='word_1_442' title='bbox 2894 4099 3192 4156; x_wconf 87' lang='lat' dir='ltr'><strong>Commodo</strong></span> 
     </span>
    </p>
   </div>
   <div class='ocr_carea' id='block_1_86' title="bbox 1959 4187 2980 4262">
    <p class='ocr_par' dir='ltr' id='par_1_86' title="bbox 1959 4187 2980 4262">
     <span class='ocr_line' id='line_1_86' title="bbox 1959 4187 2980 4262; baseline -0.004 -16"><span class='ocrx_word' id='word_1_443' title='bbox 1959 4192 2022 4246; x_wconf 89' lang='lat' dir='ltr'><strong>Ut</strong></span> <span class='ocrx_word' id='word_1_444' title='bbox 2051 4191 2349 4262; x_wconf 89' lang='lat' dir='ltr'><strong>puniantur</strong></span> <span class='ocrx_word' id='word_1_445' title='bbox 2381 4188 2602 4244; x_wconf 89' lang='lat' dir='ltr'><strong>mandat</strong></span> <span class='ocrx_word' id='word_1_446' title='bbox 2625 4189 2723 4242; x_wconf 91' lang='lat' dir='ltr'><strong>ille</strong></span> <span class='ocrx_word' id='word_1_447' title='bbox 2746 4187 2980 4242; x_wconf 91' lang='lat' dir='ltr'><strong>concito.</strong></span> 
     </span>
    </p>
   </div>
   <div class='ocr_carea' id='block_1_87' title="bbox 1960 4283 3013 4354">
    <p class='ocr_par' dir='ltr' id='par_1_87' title="bbox 1960 4283 3013 4354">
     <span class='ocr_line' id='line_1_87' title="bbox 1960 4283 3013 4354; baseline -0.007 -11"><span class='ocrx_word' id='word_1_448' title='bbox 1960 4289 2088 4343; x_wconf 91' lang='lat' dir='ltr'><strong>Post</strong></span> <span class='ocrx_word' id='word_1_449' title='bbox 2111 4287 2178 4341; x_wconf 90' lang='lat' dir='ltr'><strong>ad</strong></span> <span class='ocrx_word' id='word_1_450' title='bbox 2212 4302 2446 4341; x_wconf 87' lang='lat' dir='ltr'><strong>coronas</strong></span> <span class='ocrx_word' id='word_1_451' title='bbox 2473 4283 2685 4339; x_wconf 87' lang='lat' dir='ltr'><strong>evocati</strong></span> <span class='ocrx_word' id='word_1_452' title='bbox 2727 4293 3013 4354; x_wconf 87' lang='lat' dir='ltr'><strong>martyres,</strong></span> 
     </span>
    </p>
   </div>
   <div class='ocr_carea' id='block_1_88' title="bbox 1967 4377 3222 4448">
    <p class='ocr_par' dir='ltr' id='par_1_88' title="bbox 1967 4377 3222 4448">
     <span class='ocr_line' id='line_1_88' title="bbox 1967 4377 3222 4448; baseline -0.003 -16"><span class='ocrx_word' id='word_1_453' title='bbox 1967 4381 2240 4434; x_wconf 87' lang='lat' dir='ltr'><strong>Scelerata</strong></span> <span class='ocrx_word' id='word_1_454' title='bbox 2279 4377 2452 4432; x_wconf 89' lang='lat' dir='ltr'><strong>fertur</strong></span> <span class='ocrx_word' id='word_1_455' title='bbox 2481 4383 2635 4446; x_wconf 89' lang='lat' dir='ltr'><strong>petra</strong></span> <span class='ocrx_word' id='word_1_456' title='bbox 2665 4393 2772 4448; x_wconf 90' lang='lat' dir='ltr'><strong>qua</strong></span> <span class='ocrx_word' id='word_1_457' title='bbox 2804 4382 3003 4430; x_wconf 90' lang='lat' dir='ltr'><strong>metam</strong></span> <span class='ocrx_word' id='word_1_458' title='bbox 3027 4382 3222 4446; x_wconf 89' lang='lat' dir='ltr'><strong>petunt</strong></span> 
     </span>
    </p>
   </div>
   <div class='ocr_carea' id='block_1_89' title="bbox 1971 4465 3048 4539">
    <p class='ocr_par' dir='ltr' id='par_1_89' title="bbox 1971 4465 3048 4539">
     <span class='ocr_line' id='line_1_89' title="bbox 1971 4465 3048 4539; baseline -0.004 -16"><span class='ocrx_word' id='word_1_459' title='bbox 1971 4470 2193 4539; x_wconf 90' lang='lat' dir='ltr'><strong>lllicque</strong></span> <span class='ocrx_word' id='word_1_460' title='bbox 2226 4467 2452 4538; x_wconf 91' lang='lat' dir='ltr'><strong>plumbo</strong></span> <span class='ocrx_word' id='word_1_461' title='bbox 2484 4474 2610 4520; x_wconf 87' lang='lat' dir='ltr'><strong>vota</strong></span> <span class='ocrx_word' id='word_1_462' title='bbox 2637 4465 2762 4522; x_wconf 70' lang='lat' dir='ltr'><strong>cazsi</strong></span> <span class='ocrx_word' id='word_1_463' title='bbox 2796 4480 3048 4535; x_wconf 83' lang='lat' dir='ltr'><strong>corpora,</strong></span> 
     </span>
    </p>
   </div>
   <div class='ocr_carea' id='block_1_90' title="bbox 1971 4557 3224 4630">
    <p class='ocr_par' dir='ltr' id='par_1_90' title="bbox 1971 4557 3224 4630">
     <span class='ocr_line' id='line_1_90' title="bbox 1971 4557 3224 4630; baseline -0.004 -16"><span class='ocrx_word' id='word_1_464' title='bbox 1971 4561 2192 4615; x_wconf 85' lang='lat' dir='ltr'><strong>Molesta</strong></span> <span class='ocrx_word' id='word_1_465' title='bbox 2222 4559 2499 4630; x_wconf 90' lang='lat' dir='ltr'><strong>linquunt,</strong></span> <span class='ocrx_word' id='word_1_466' title='bbox 2535 4559 2656 4612; x_wconf 68' lang='lat' dir='ltr'><strong>laeta</strong></span> <span class='ocrx_word' id='word_1_467' title='bbox 2686 4557 2956 4612; x_wconf 87' lang='lat' dir='ltr'><strong>scandunt</strong></span> <span class='ocrx_word' id='word_1_468' title='bbox 2983 4557 3224 4611; x_wconf 88' lang='lat' dir='ltr'><strong>domata.</strong></span> 
     </span>
    </p>
   </div>
   <div class='ocr_carea' id='block_1_91' title="bbox 1969 4648 3246 4717">
    <p class='ocr_par' dir='ltr' id='par_1_91' title="bbox 1969 4648 3246 4717">
     <span class='ocr_line' id='line_1_91' title="bbox 1969 4648 3246 4717; baseline -0.004 -11"><span class='ocrx_word' id='word_1_469' title='bbox 1969 4655 2208 4717; x_wconf 86' lang='lat' dir='ltr'><strong>Quorum</strong></span> <span class='ocrx_word' id='word_1_470' title='bbox 2242 4667 2529 4705; x_wconf 90' lang='lat' dir='ltr'><strong>resumens</strong></span> <span class='ocrx_word' id='word_1_471' title='bbox 2557 4650 2803 4704; x_wconf 90' lang='lat' dir='ltr'><strong>membra</strong></span> <span class='ocrx_word' id='word_1_472' title='bbox 2833 4648 3063 4704; x_wconf 81' lang='lat' dir='ltr'><strong>Rufinus</strong></span> <span class='ocrx_word' id='word_1_473' title='bbox 3090 4663 3246 4702; x_wconf 86' lang='lat' dir='ltr'><strong>sacer</strong></span> 
     </span>
    </p>
   </div>
   <div class='ocr_carea' id='block_1_92' title="bbox 1893 4745 2997 4824">
    <p class='ocr_par' dir='ltr' id='par_1_92' title="bbox 1893 4745 2997 4824">
     <span class='ocr_line' id='line_1_92' title="bbox 1893 4745 2997 4824; baseline -0.003 -23"><span class='ocrx_word' id='word_1_474' title='bbox 1893 4758 1947 4824; x_wconf 77' lang='grc' dir='ltr'><strong>ι)</strong></span> <span class='ocrx_word' id='word_1_475' title='bbox 1971 4748 2131 4802; x_wconf 87' lang='lat' dir='ltr'><strong>Sexto</strong></span> <span class='ocrx_word' id='word_1_476' title='bbox 2163 4745 2415 4800; x_wconf 87' lang='lat' dir='ltr'><strong>recondit</strong></span> <span class='ocrx_word' id='word_1_477' title='bbox 2454 4746 2520 4798; x_wconf 88' lang='lat' dir='ltr'><strong>ab</strong></span> <span class='ocrx_word' id='word_1_478' title='bbox 2548 4745 2689 4799; x_wconf 91' lang='lat' dir='ltr'><strong>Urbe</strong></span> <span class='ocrx_word' id='word_1_479' title='bbox 2721 4745 2997 4800; x_wconf 84' lang='lat' dir='ltr'><strong>milliaria.</strong></span> 
     </span>
    </p>
   </div>
   <div class='ocr_carea' id='block_1_93' title="bbox 1978 4832 3164 4904">
    <p class='ocr_par' dir='ltr' id='par_1_93' title="bbox 1978 4832 3164 4904">
     <span class='ocr_line' id='line_1_93' title="bbox 1978 4832 3164 4904; baseline -0.002 -15"><span class='ocrx_word' id='word_1_480' title='bbox 1978 4835 2236 4890; x_wconf 81' lang='lat' dir='ltr'><strong>Mucrone</strong></span> <span class='ocrx_word' id='word_1_481' title='bbox 2269 4832 2615 4887; x_wconf 85' lang='lat' dir='ltr'><strong>Mediolanus</strong></span> <span class='ocrx_word' id='word_1_482' title='bbox 2635 4834 2742 4888; x_wconf 90' lang='lat' dir='ltr'><strong>hoc</strong></span> <span class='ocrx_word' id='word_1_483' title='bbox 2773 4835 2876 4888; x_wconf 91' lang='lat' dir='ltr'><strong>sub</strong></span> <span class='ocrx_word' id='word_1_484' title='bbox 2914 4841 3164 4904; x_wconf 89' lang='lat' dir='ltr'><strong>tempore</strong></span> 
     </span>
    </p>
   </div>
   <div class='ocr_carea' id='block_1_94' title="bbox 1979 4925 3178 4999">
    <p class='ocr_par' dir='ltr' id='par_1_94' title="bbox 1979 4925 3178 4999">
     <span class='ocr_line' id='line_1_94' title="bbox 1979 4925 3178 4999; baseline -0.003 -19"><span class='ocrx_word' id='word_1_485' title='bbox 1979 4925 2277 4981; x_wconf 86' lang='lat' dir='ltr'><strong>Faustinus</strong></span> <span class='ocrx_word' id='word_1_486' title='bbox 2306 4930 2460 4978; x_wconf 90' lang='lat' dir='ltr'><strong>actus</strong></span> <span class='ocrx_word' id='word_1_487' title='bbox 2493 4925 2685 4979; x_wconf 89' lang='lat' dir='ltr'><strong>transit</strong></span> <span class='ocrx_word' id='word_1_488' title='bbox 2716 4931 2858 4980; x_wconf 89' lang='lat' dir='ltr'><strong>astra</strong></span> <span class='ocrx_word' id='word_1_489' title='bbox 2886 4925 3178 4999; x_wconf 86' lang='lat' dir='ltr'><strong>sanguine.</strong></span> 
     </span>
    </p>
   </div>
   <div class='ocr_carea' id='block_1_95' title="bbox 1757 5081 2105 5138">
    <p class='ocr_par' dir='ltr' id='par_1_95' title="bbox 1757 5081 2105 5138">
     <span class='ocr_line' id='line_1_95' title="bbox 1757 5081 2105 5138; baseline 0.017 -5"><span class='ocrx_word' id='word_1_490' title='bbox 1757 5081 1965 5135; x_wconf 87' lang='lat' dir='ltr'><strong>CAPUT</strong></span> <span class='ocrx_word' id='word_1_491' title='bbox 2007 5084 2105 5138; x_wconf 89' lang='lat' dir='ltr'>III.</span> 
     </span>
    </p>
   </div>
   <div class='ocr_carea' id='block_1_96' title="bbox 1384 5205 2469 5286">
    <p class='ocr_par' dir='ltr' id='par_1_96' title="bbox 1384 5205 2469 5286">
     <span class='ocr_line' id='line_1_96' title="bbox 1384 5205 2469 5286; baseline 0.004 -22"><span class='ocrx_word' id='word_1_492' title='bbox 1384 5206 1461 5264; x_wconf 87' lang='lat' dir='ltr'><strong>De</strong></span> <span class='ocrx_word' id='word_1_493' title='bbox 1490 5205 1761 5266; x_wconf 78' lang='lat' dir='ltr'><strong>vindicta</strong></span> <span class='ocrx_word' id='word_1_494' title='bbox 1785 5208 2046 5286; x_wconf 58' lang='lat' dir='ltr'><strong>praefatae</strong></span> <span class='ocrx_word' id='word_1_495' title='bbox 2076 5210 2469 5271; x_wconf 79' lang='lat' dir='ltr'><strong>crudelitatis.</strong></span> 
     </span>
    </p>
   </div>
   <div class='ocr_carea' id='block_1_97' title="bbox 257 5342 1157 5417">
    <p class='ocr_par' dir='ltr' id='par_1_97' title="bbox 257 5342 1157 5417">
     <span class='ocr_line' id='line_1_97' title="bbox 257 5342 1157 5417; baseline -0.003 -16"><span class='ocrx_word' id='word_1_496' title='bbox 257 5342 610 5417; x_wconf 88' lang='lat' dir='ltr'><strong>Iniquitatem</strong></span> <span class='ocrx_word' id='word_1_497' title='bbox 647 5343 796 5416; x_wconf 87' lang='lat' dir='ltr'><strong>regis</strong></span> <span class='ocrx_word' id='word_1_498' title='bbox 824 5343 980 5398; x_wconf 91' lang='lat' dir='ltr'><strong>Urbis</strong></span> <span class='ocrx_word' id='word_1_499' title='bbox 1011 5344 1157 5399; x_wconf 88' lang='lat' dir='ltr'><strong>ustio</strong></span> 
     </span>
    </p>
   </div>
   <div class='ocr_carea' id='block_1_98' title="bbox 256 5430 1302 5497">
    <p class='ocr_par' dir='ltr' id='par_1_98' title="bbox 256 5430 1302 5497">
     <span class='ocr_line' id='line_1_98' title="bbox 256 5430 1302 5497; baseline -0.005 -9"><span class='ocrx_word' id='word_1_500' title='bbox 256 5436 483 5497; x_wconf 85' lang='lat' dir='ltr'><strong>Secuta,</strong></span> <span class='ocrx_word' id='word_1_501' title='bbox 518 5430 644 5484; x_wconf 89' lang='lat' dir='ltr'><strong>divo</strong></span> <span class='ocrx_word' id='word_1_502' title='bbox 667 5431 1020 5486; x_wconf 90' lang='lat' dir='ltr'><strong>convibratur</strong></span> <span class='ocrx_word' id='word_1_503' title='bbox 1047 5430 1302 5495; x_wconf 84' lang='lat' dir='ltr'><strong>fulmine,</strong></span> 
     </span>
    </p>
   </div>
   <div class='ocr_carea' id='block_1_99' title="bbox 258 5520 1427 5597">
    <p class='ocr_par' dir='ltr' id='par_1_99' title="bbox 258 5520 1427 5597">
     <span class='ocr_line' id='line_1_99' title="bbox 258 5520 1427 5597; baseline -0.003 -17"><span class='ocrx_word' id='word_1_504' title='bbox 258 5524 482 5597; x_wconf 85' lang='lat' dir='ltr'><strong>Insigne</strong></span> <span class='ocrx_word' id='word_1_505' title='bbox 516 5526 717 5575; x_wconf 90' lang='lat' dir='ltr'><strong>tactum</strong></span> <span class='ocrx_word' id='word_1_506' title='bbox 745 5537 854 5592; x_wconf 92' lang='lat' dir='ltr'><strong>quo</strong></span> <span class='ocrx_word' id='word_1_507' title='bbox 885 5523 1076 5594; x_wconf 85' lang='lat' dir='ltr'><strong>ﬂagrat</strong></span> <span class='ocrx_word' id='word_1_508' title='bbox 1104 5520 1427 5591; x_wconf 91' lang='lat' dir='ltr'><strong>Capitolium</strong></span> 
     </span>
    </p>
   </div>
   <div class='ocr_carea' id='block_1_100' title="bbox 267 5607 1362 5677">
    <p class='ocr_par' dir='ltr' id='par_1_100' title="bbox 267 5607 1362 5677">
     <span class='ocr_line' id='line_1_100' title="bbox 267 5607 1362 5677; baseline -0.006 -9"><span class='ocrx_word' id='word_1_509' title='bbox 267 5615 504 5668; x_wconf 88' lang='lat' dir='ltr'><strong>Incensa</strong></span> <span class='ocrx_word' id='word_1_510' title='bbox 530 5608 864 5665; x_wconf 88' lang='lat' dir='ltr'><strong>bibliotheca</strong></span> <span class='ocrx_word' id='word_1_511' title='bbox 891 5610 1162 5677; x_wconf 87' lang='lat' dir='ltr'><strong>majorum</strong></span> <span class='ocrx_word' id='word_1_512' title='bbox 1196 5607 1362 5673; x_wconf 91' lang='lat' dir='ltr'><strong>nitor,</strong></span> 
     </span>
    </p>
   </div>
   <div class='ocr_carea' id='block_1_101' title="bbox 263 5695 1408 5772">
    <p class='ocr_par' dir='ltr' id='par_1_101' title="bbox 263 5695 1408 5772">
     <span class='ocr_line' id='line_1_101' title="bbox 263 5695 1408 5772; baseline -0.008 -13"><span class='ocrx_word' id='word_1_513' title='bbox 263 5703 541 5772; x_wconf 65' lang='lat' dir='ltr'><strong>[Edesque</strong></span> <span class='ocrx_word' id='word_1_514' title='bbox 563 5699 718 5768; x_wconf 82' lang='lat' dir='ltr'><strong>juxta</strong></span> <span class='ocrx_word' id='word_1_515' title='bbox 748 5705 1098 5755; x_wconf 87' lang='lat' dir='ltr'><strong>concremata</strong></span> <span class='ocrx_word' id='word_1_516' title='bbox 1128 5695 1354 5750; x_wconf 60' lang='lat' dir='ltr'><strong>consita:</strong></span> <span class='ocrx_word' id='word_1_517' title='bbox 1394 5715 1408 5761; x_wconf 90' lang='lat'><strong>;</strong></span> 
     </span>
    </p>
   </div>
   <div class='ocr_carea' id='block_1_102' title="bbox 272 5785 1468 5851">
    <p class='ocr_par' dir='ltr' id='par_1_102' title="bbox 272 5785 1468 5851">
     <span class='ocr_line' id='line_1_102' title="bbox 272 5785 1468 5851; baseline -0.006 -2"><span class='ocrx_word' id='word_1_518' title='bbox 272 5793 462 5851; x_wconf 87' lang='lat' dir='ltr'><strong>Potius</strong></span> <span class='ocrx_word' id='word_1_519' title='bbox 490 5788 729 5844; x_wconf 89' lang='lat' dir='ltr'><strong>subinde</strong></span> <span class='ocrx_word' id='word_1_520' title='bbox 758 5796 1114 5847; x_wconf 90' lang='lat' dir='ltr'><strong>consecutum</strong></span> <span class='ocrx_word' id='word_1_521' title='bbox 1148 5785 1468 5842; x_wconf 90' lang='lat' dir='ltr'><strong>incendium</strong></span> 
     </span>
    </p>
   </div>
   <div class='ocr_carea' id='block_1_103' title="bbox 1993 5349 3078 5422">
    <p class='ocr_par' dir='ltr' id='par_1_103' title="bbox 1993 5349 3078 5422">
     <span class='ocr_line' id='line_1_103' title="bbox 1993 5349 3078 5422; baseline 0.002 -20"><span class='ocrx_word' id='word_1_522' title='bbox 1993 5351 2150 5406; x_wconf 89' lang='lat' dir='ltr'><strong>Vasta</strong></span> <span class='ocrx_word' id='word_1_523' title='bbox 2179 5352 2297 5407; x_wconf 55' lang='lat' dir='ltr'><strong>ade</strong></span> <span class='ocrx_word' id='word_1_524' title='bbox 2327 5351 2500 5406; x_wconf 72' lang='lat' dir='ltr'><strong>Vestae</strong></span> <span class='ocrx_word' id='word_1_525' title='bbox 2539 5349 2824 5422; x_wconf 88' lang='lat' dir='ltr'><strong>nobilique</strong></span> <span class='ocrx_word' id='word_1_526' title='bbox 2853 5349 3078 5420; x_wconf 87' lang='lat' dir='ltr'><strong>palatio,</strong></span> 
     </span>
    </p>
   </div>
   <div class='ocr_carea' id='block_1_104' title="bbox 1996 5441 3213 5514">
    <p class='ocr_par' dir='ltr' id='par_1_104' title="bbox 1996 5441 3213 5514">
     <span class='ocr_line' id='line_1_104' title="bbox 1996 5441 3213 5514; baseline 0 -20"><span class='ocrx_word' id='word_1_527' title='bbox 1996 5441 2263 5497; x_wconf 83' lang='lat' dir='ltr'><strong>Stravisse</strong></span> <span class='ocrx_word' id='word_1_528' title='bbox 2296 5451 2505 5514; x_wconf 90' lang='lat' dir='ltr'><strong>partem</strong></span> <span class='ocrx_word' id='word_1_529' title='bbox 2537 5441 2712 5497; x_wconf 89' lang='lat' dir='ltr'><strong>fertur</strong></span> <span class='ocrx_word' id='word_1_530' title='bbox 2744 5442 2872 5496; x_wconf 91' lang='lat' dir='ltr'><strong>Urbi</strong></span> <span class='ocrx_word' id='word_1_531' title='bbox 2903 5441 3213 5512; x_wconf 88' lang='lat' dir='ltr'><strong>plurimam.</strong></span> 
     </span>
    </p>
   </div>
   <div class='ocr_carea' id='block_1_105' title="bbox 2002 5532 3289 5596">
    <p class='ocr_par' dir='ltr' id='par_1_105' title="bbox 2002 5532 3289 5596">
     <span class='ocr_line' id='line_1_105' title="bbox 2002 5532 3289 5596; baseline -0.002 -11"><span class='ocrx_word' id='word_1_532' title='bbox 2002 5533 2389 5589; x_wconf 89' lang='lat' dir='ltr'><strong>Incommodus</strong></span> <span class='ocrx_word' id='word_1_533' title='bbox 2421 5535 2510 5590; x_wconf 90' lang='lat' dir='ltr'><strong>hic</strong></span> <span class='ocrx_word' id='word_1_534' title='bbox 2537 5534 2664 5588; x_wconf 89' lang='lat' dir='ltr'><strong>Urbi</strong></span> <span class='ocrx_word' id='word_1_535' title='bbox 2696 5540 2750 5588; x_wconf 90' lang='lat' dir='ltr'><strong>et</strong></span> <span class='ocrx_word' id='word_1_536' title='bbox 2781 5533 2903 5588; x_wconf 91' lang='lat' dir='ltr'><strong>orbi</strong></span> <span class='ocrx_word' id='word_1_537' title='bbox 2937 5532 3289 5596; x_wconf 90' lang='lat' dir='ltr'><strong>Commodus,</strong></span> 
     </span>
    </p>
   </div>
   <div class='ocr_carea' id='block_1_106' title="bbox 2002 5621 3211 5693">
    <p class='ocr_par' dir='ltr' id='par_1_106' title="bbox 2002 5621 3211 5693">
     <span class='ocr_line' id='line_1_106' title="bbox 2002 5621 3211 5693; baseline 0.003 -20"><span class='ocrx_word' id='word_1_538' title='bbox 2002 5621 2404 5693; x_wconf 90' lang='lat' dir='ltr'><strong>Hominumque</strong></span> <span class='ocrx_word' id='word_1_539' title='bbox 2426 5623 2709 5691; x_wconf 86' lang='lat' dir='ltr'><strong>judicatus</strong></span> <span class='ocrx_word' id='word_1_540' title='bbox 2730 5623 2905 5678; x_wconf 89' lang='lat' dir='ltr'><strong>hostis</strong></span> <span class='ocrx_word' id='word_1_541' title='bbox 2933 5621 3211 5692; x_wconf 86' lang='lat' dir='ltr'><strong>publicus,</strong></span> 
     </span>
    </p>
   </div>
   <div class='ocr_carea' id='block_1_107' title="bbox 2002 5707 3130 5784">
    <p class='ocr_par' dir='ltr' id='par_1_107' title="bbox 2002 5707 3130 5784">
     <span class='ocr_line' id='line_1_107' title="bbox 2002 5707 3130 5784; baseline 0.001 -23"><span class='ocrx_word' id='word_1_542' title='bbox 2002 5707 2206 5764; x_wconf 86' lang='lat' dir='ltr'><strong>Furore</strong></span> <span class='ocrx_word' id='word_1_543' title='bbox 2237 5710 2419 5780; x_wconf 89' lang='lat' dir='ltr'><strong>plebis</strong></span> <span class='ocrx_word' id='word_1_544' title='bbox 2445 5711 2821 5784; x_wconf 88' lang='lat' dir='ltr'><strong>strangulatus</strong></span> <span class='ocrx_word' id='word_1_545' title='bbox 2847 5709 3130 5765; x_wconf 88' lang='lat' dir='ltr'><strong>sternitur.</strong></span> 
     </span>
    </p>
   </div>
  </div>
