3970 6200
480 383 586 434 (355
1238 374 1601 427 FLODOARDI
1647 373 1946 427 CANONICI
1991 373 2320 428 REMENSIS
2362 375 2696 429 OPUSCULA
2739 376 3040 434 METRICA.
3192 449 3200 456 ο
3701 388 3789 441 656

1975 525 2185 581 CAPUT
2232 526 2316 580 lV.

1411 631 1486 689 De
1514 638 1717 690 sancto
1749 630 1991 688 Aniceto
2017 646 2175 707 papa
2206 637 2255 687 et
2297 616 2579 705 Egesippo
2607 628 2860 688 doctore.

475 774 765 832 pontiﬁces
784 778 908 844 post
939 770 1255 842 praemissus
1284 769 1336 822 in
1370 767 1614 823 culmina
1633 767 1781 821 sedis
2107 771 2155 836 Α
2185 766 2316 818 Dum
2349 774 2606 834 praestare
2635 764 2784 819 videt
2815 763 3010 819 Christi
3039 782 3206 836 super
3237 769 3426 824 omnia
3465 770 3672 826 cultum

473 870 666 922 Lectus
695 865 954 931 Anicetus
985 864 1264 926 Romanis,
1293 876 1447 915 sacra
1476 865 1730 913 venustat
2184 854 2466 907 Sectarum
2494 869 2692 908 censor
2720 853 2920 908 melius
2951 854 3083 926 legit
3113 857 3564 930 assequiturque,

467 963 617 1024 Jura,
639 975 796 1015 coma
826 958 1032 1012 clerum
1059 956 1359 1026 prohibens
1385 955 1487 1007 sub
1519 954 1777 1026 dogmate
1811 952 1962 1006 Pauli
1994 970 2009 1016 ;
2184 943 2548 1015 Doctrinaque
2581 945 2717 999 nitet
2751 945 2889 1008 veri,
2923 946 3204 1020 gestisque
3230 945 3417 1003 fidelis

469 1050 831 1120 Martyrioque
862 1054 1164 1100 coronatus
1192 1043 1339 1097 subit
1369 1049 1512 1096 astra
1550 1041 1762 1101 beatus,
2187 1036 2462 1106 Excipitur
2491 1037 2666 1104 testis,
2700 1038 2794 1108 qui
2830 1045 3078 1109 tempora
3102 1041 3313 1109 puriter
3350 1043 3455 1096 orti

470 1139 631 1205 Cujus
663 1134 1005 1206 temporibus
1035 1133 1259 1186 Romam
1297 1129 1601 1203 Egesippus
1629 1128 1848 1198 Opimus
1965 1171 1968 1178 .
2189 1123 2518 1194 Explanans,
2556 1125 2835 1199 Evangelii
2857 1128 2978 1181 sine
3017 1127 3211 1184 fraude
3243 1139 3456 1201 patrata

469 1227 778 1301 Ingreditur
808 1226 1019 1290 doctor,
1055 1222 1224 1290 jussis
1247 1221 1529 1291 sectisque
1562 1219 1802 1273 Platonis
2189 1217 2562 1289 Prosequitur,
2589 1220 2980 1293 Christumque
3013 1222 3170 1278 libris
3195 1230 3249 1279 et
3275 1226 3540 1296 praedicat
3565 1228 3697 1282 actis

467 1320 566 1384 Qui
599 1318 750 1390 prius
780 1316 1043 1381 imbutus,
1073 1312 1332 1384 saeclique
1346 1311 1685 1382 sophismata
1713 1309 1940 1372 callens,

1981 1442 2191 1499 CAPUT
2227 1443 2290 1500 V.

1789 1551 1866 1609 De
1906 1560 2110 1610 sancto
2154 1549 2511 1630 Polycarpo.

465 1702 615 1756 Tunc
643 1699 995 1771 Polycarpus,
1029 1695 1328 1768 apostolico
1361 1695 1600 1751 radiatus
1629 1695 1698 1749 ab
1726 1711 1822 1750 ore
2184 1697 2457 1770 Legitimo
2489 1695 2618 1751 ﬁdei
2657 1713 2923 1753 revocans
2953 1700 3253 1754 certamine
3285 1699 3495 1770 plures,

468 1797 608 1850 Luce
638 1795 754 1859 Dei,
785 1793 1003 1848 auditor
1031 1798 1492 1861 consectatorque
1521 1790 1769 1857 Joannis,
2186 1788 2559 1861 Lusoremque
2590 1796 2750 1844 tuens
2781 1790 2980 1845 Satana
3008 1798 3160 1862 patre
3185 1791 3660 1848 denotathostem.

471 1885 695 1939 Lumine
724 1881 1012 1937 Romuleas
1041 1879 1228 1934 divino
1254 1879 1526 1934 illuminat
1554 1894 1727 1945 arces,

1971 1977 2182 2033 CAPUT
2218 1977 2302 2030 Vl.

1353 2089 1432 2148 De
1457 2103 1661 2148 sancto
1690 2087 1909 2161 Sotere,
1943 2088 2284 2149 Eleutherio
2313 2095 2490 2164 atque
2529 2087 2753 2148 Victore
2782 2085 2904 2148 PP.

469 2232 626 2284 Soter
655 2227 941 2281 Anicetum
974 2223 1245 2295 sequitur,
1275 2224 1366 2294 qui
1401 2224 1642 2278 dimovet
1671 2224 1779 2278 aris
2108 2228 2157 2294 Β
2187 2223 2393 2277 Pascha
2422 2223 2512 2276 die
2545 2221 2686 2289 fieri,
2727 2239 2935 2278 sacram
2969 2223 3247 2280 Surrectio
3274 2224 3473 2280 Christi

471 2317 784 2371 Femineum
814 2313 1066 2385 quamvis
1097 2312 1396 2383 pollentem
1420 2312 1618 2367 robore
1660 2328 1872 2366 sexum.
2187 2317 2354 2377 Quam
2385 2312 2534 2378 facit,
2563 2320 2725 2384 atque
2750 2313 2934 2380 jubet,
2962 2313 3130 2368 fuerit
3159 2315 3204 2368 si
3235 2314 3375 2370 forte
3399 2332 3656 2386 necesse,

471 2408 585 2468 Quo
619 2403 870 2473 patribus
903 2402 1118 2472 juncto,
1159 2401 1406 2455 succedit
1436 2401 1786 2456 Eleutherus.
1821 2400 1991 2469 Hujus
2187 2403 2458 2459 Gentilem
2494 2404 2688 2460 Christi
2721 2404 2851 2459 fidei
2885 2407 3146 2476 mysteria
3177 2406 3381 2461 fassum

468 2496 664 2550 Lucius
695 2494 952 2548 indiculis
983 2493 1185 2566 rogitat
1217 2508 1308 2545 rex
1333 2491 1486 2560 jussa
1519 2493 1837 2559 Britannus,
2185 2497 2396 2551 Sacrari
2425 2498 2916 2569 quocunqueloco,
2943 2497 3797 2574 ﬂuctuvesolove[ms.2,salove.]

466 2588 633 2641 Fonte
664 2587 753 2656 pio
786 2592 844 2638 ut
871 2584 1065 2637 Christi
1097 2581 1216 2636 ﬁeri
1251 2591 1527 2638 mereatur
1552 2583 1831 2637 alumnus.
2187 2583 2343 2638 Edita
2366 2585 2703 2640 membranis
2743 2585 2871 2639 hinc
2913 2586 3113 2657 linquit
3151 2580 3417 2657 opuscula
3446 2598 3618 2657 casta,

468 2677 563 2729 llic
595 2681 803 2736 censet,
826 2689 896 2726 ne
913 2671 1254 2726 Christicolis
1282 2686 1571 2742 quicquam
1613 2687 1742 2725 esca
1769 2677 1987 2741 putetur
2191 2672 2388 2743 Martyr
2409 2681 2461 2727 et
2491 2674 2773 2742 egreditur
2809 2673 3081 2728 Christum
3116 2676 3422 2731 insectante
3439 2676 3669 2746 Severo,

468 2768 583 2821 Non
608 2766 724 2820 fore
764 2763 991 2827 munda,
1024 2762 1308 2817 hominum
1360 2764 1620 2816 mundam
1671 2777 1833 2833 quam
1877 2762 2091 2830 judicat
2192 2761 2291 2824 Qui
2325 2762 2430 2816 late
2455 2761 2681 2833 quintus
2712 2772 2838 2832 post
2865 2763 3044 2818 dirum
3071 2765 3228 2833 jussa
3250 2766 3528 2823 Neronem

1841 2853 2013 2924 [usus.
2193 2849 2457 2920 Dispersit
2485 2857 2706 2905 sanctos
2735 2852 3047 2906 truculenta
3077 2851 3227 2907 caede
3260 2855 3471 2921 necari,

469 2947 724 3002 Ecclesiae
756 2952 878 3017 post
903 2945 1048 3000 hunc
1075 2943 1319 3014 disponit
1349 2944 1598 3018 regmina
1632 2943 1838 3012 Victor,
2192 2939 2304 3003 Qua
2337 2939 2498 2994 variis
2526 2939 2683 2994 ῐηιιΙιί
2712 2940 3034 3011 regionibus
3055 2948 3198 2996 astra
3229 2953 3516 3013 pararunt,

467 3038 678 3092 Etcum
711 3033 1041 3107 praesulibus
1074 3040 1322 3088 sanctum
1359 3031 1650 3089 confirmat
1681 3034 1808 3088 Eois

1955 3135 2164 3191 CAPUT
2206 3137 2319 3191 VII.

1579 3243 1656 3304 De
1683 3244 1959 3305 vindicta
1987 3247 2213 3322 quintae
2235 3247 2689 3322 persecutionis.

466 3391 575 3445 Nec
603 3388 748 3443 sedit
775 3385 1018 3442 vindicta
1045 3385 1162 3451 diu,
1193 3383 1378 3439 civilia
1410 3400 1535 3439 nam
1564 3399 1694 3440 mox
2111 3391 2160 3458 (ζ
2194 3386 2379 3458 Regna
2405 3385 2532 3441 terit
2562 3385 2778 3441 Christo
2818 3402 3028 3441 sacram
3057 3387 3335 3444 turbantia
3365 3389 3610 3460 plebem.

466 3482 614 3538 Bella
652 3487 899 3550 crepant,
933 3494 1055 3548 quae
1086 3486 1242 3532 terna
1275 3484 1441 3532 ruunt
1473 3477 1731 3548 trinoque
1764 3477 1976 3550 fragore
2193 3474 2283 3528 His
2306 3473 2438 3529 licet
2458 3473 2715 3528 intercisa
2739 3473 2901 3528 malis
2931 3475 3079 3529 haud
3108 3491 3298 3545 pressa
3326 3477 3576 3547 procella

464 3573 692 3628 Romani
725 3572 976 3643 quatiunt
1000 3571 1145 3625 vires
1174 3569 1498 3624 muniminis
1528 3569 1740 3640 amplas
2186 3568 2460 3634 Turbinis,
2491 3570 2608 3624 haec
2647 3571 2866 3640 penitus
2883 3571 3015 3642 quin
3047 3578 3206 3626 tensa
3237 3581 3293 3627 et
3323 3573 3490 3628 incita
3516 3575 3650 3629 dum
3695 3575 3810 3630 orbi

465 3663 792 3730 Adjumenta
823 3659 900 3713 rei
931 3657 1256 3726 sternentia,
1292 3673 1403 3712 non
1444 3656 1628 3712 minus
1644 3657 1775 3712 olim
2189 3663 2401 3736 Regnat
2427 3663 2734 3720 Alexander
2760 3665 3074 3738 multosque
3111 3668 3242 3738 polo
3273 3668 3438 3742 erigit
3465 3685 3624 3725 ense.

465 3748 537 3806 A'c
561 3752 756 3808 sternit
779 3751 1028 3819 jumenta
1057 3749 1177 3804 lues
1205 3763 1328 3820 quae
1357 3748 1552 3819 quinta
1588 3748 1802 3819 Syenes

1932 3849 2144 3906 CAPUT
2192 3851 2328 3907 VIII.

1511 3951 1586 4009 De
1613 3951 1957 4028 Zephyrino
1981 3971 2138 4030 papa
2167 3963 2220 4012 et
2245 3962 2450 4015 sancto
2486 3953 2743 4016 Calixto.

458 4095 691 4151 Victoris
713 4094 901 4149 Romae
927 4089 1270 4167 Zephyrinus
1293 4090 1417 4162 jura
1447 4091 1708 4162 capessit,
2186 4093 2508 4164 Martyribus
2539 4094 2711 4148 sacris
2741 4093 2834 4148 dat
2866 4093 3304 4166 priesulibusque
3337 4097 3584 4168 quietem
3620 4115 3636 4150 :

457 4185 600 4239 Ordo
631 4182 976 4238 sacerdotum
1011 4186 1065 4234 et
1102 4195 1272 4234 sacrae
1297 4179 1555 4250 mysteria
1588 4194 1796 4233 mensae
2185 4180 2462 4235 Laudibus
2491 4181 2659 4252 inque
2690 4180 3040 4236 Deiaddebat
3062 4191 3366 4254 noctesque
3401 4185 3668 4256 diesque.

457 4275 572 4338 Quo
590 4273 886 4326 decorante
918 4269 1118 4331 nitent,
1161 4267 1497 4338 proprioque
1553 4266 1872 4322 reconditus
1921 4272 2077 4321 antro
2180 4274 2420 4329 Instante
2443 4276 2547 4330 hoc
2575 4275 2830 4345 precibus
2860 4275 3076 4330 Domini
3111 4293 3209 4347 pro
3244 4278 3407 4348 plebe
3442 4279 3706 4344 levanda,

455 4369 705 4422 Traditur
734 4367 840 4420 hoc
877 4380 1060 4420 coram
1096 4363 1359 4418 Proculus
1389 4363 1728 4435 Cataphryga
1759 4362 1936 4416 victus
2180 4363 2362 4432 Deque
2385 4363 2504 4417 lacu
2537 4361 2728 4416 mortis
2758 4363 2965 4432 pepulo
2998 4364 3269 4436 tetrisque
3300 4367 3551 4423 tenebris

460 4456 653 4510 Christi
675 4455 819 4524 lege,
843 4453 958 4508 viro
977 4451 1108 4506 Gaio
1140 4458 1405 4506 tractante
1432 4450 1658 4505 diserto.
2177 4453 2462 4518 Vellendo,
2493 4453 2692 4526 retegit
2723 4453 2906 4508 devoti
2924 4453 3147 4510 audisse
3188 4456 3532 4529 Redemptor

459 4546 694 4619 Erigitur
723 4541 867 4596 Petri
895 4550 1018 4612 post
1044 4541 1193 4594 hunc
1222 4541 1276 4593 in
1303 4539 1436 4594 sede
1461 4539 1717 4603 Calixtus,
2177 4546 2329 4600 Servi
2359 4554 2482 4601 vota
2513 4547 2702 4613 Deum,
2733 4548 2984 4618 pandens
3015 4551 3285 4605 vertenda
3325 4553 3554 4616 sacella,

456 4637 738 4709 Sanguine
769 4635 1066 4698 Romanus,
1092 4633 1270 4703 patria
1305 4631 1532 4705 regione
1565 4631 1854 4685 Ravennas
2178 4639 2596 4710 Humanumque
2627 4655 2803 4713 genus
2834 4641 2966 4694 laeva
2995 4642 3144 4712 quod
3182 4643 3306 4718 lege
3337 4646 3671 4715 premebant

455 4725 718 4789 Quattuor
747 4722 836 4777 hic
866 4721 1051 4775 statuit
1075 4720 1291 4789 jejunia
1317 4735 1473 4773 sacra
1494 4718 1792 4790 quotannis
2179 4728 2349 4782 Saevis
2377 4727 2704 4798 raptandum
2732 4729 2992 4784 manibus
3017 4730 3245 4786 ditionis
3276 4732 3502 4805 iniquae,

451 4817 815 4888 Temporibus
855 4815 1044 4881 recoli,
1083 4814 1239 4867 vitari
1275 4828 1554 4867 murmura
1587 4812 1765 4883 plebis
2183 4819 2408 4873 Pertulit
2435 4835 2568 4892 ergo
2599 4819 2746 4875 Jovis
2776 4837 3050 4875 summum
3087 4822 3232 4878 inter
3253 4831 3454 4880 caetera
3478 4825 3670 4881 fanum

456 4911 742 4966 Doctorem
775 4915 984 4972 contra,
1013 4904 1345 4976 probrisque
1382 4919 1576 4958 cavere
1601 4903 1840 4958 minores
2181 4910 2345 4978 Cujus
2374 4927 2572 4984 magna
2597 4926 2764 4966 ruens
2792 4927 2982 4965 verum
3010 4913 3332 4969 manifestat
3372 4915 3448 4969 ab
3479 4928 3672 4972 austro

457 5003 740 5070 Maiorum.
774 5014 954 5070 neque
985 4997 1264 5052 damnatis
1302 4995 1580 5052 οοηεοτιίδ
1603 4995 1786 5069 iungi.
2177 5003 2398 5057 Admitti
2440 5002 2613 5058 solem
2647 5003 2895 5057 tenebris
2926 5019 3053 5074 pars
3084 5003 3207 5059 luce
3242 5015 3467 5077 recepta
3496 5025 3511 5073 ;

453 5093 628 5161 Atque
655 5095 856 5143 statuta
887 5089 1102 5142 Patrum
1137 5101 1246 5140 non
1273 5086 1640 5157 permutanda
1675 5086 1914 5155 piorum,
2183 5090 2451 5163 Figmenti
2483 5089 2777 5160 liquefacta
2811 5107 3005 5145 manus
3032 5107 3330 5148 vanescere
3369 5096 3522 5164 pravi

454 5177 893 5245 Contentumque
925 5175 1042 5229 suis
1073 5180 1297 5228 externa
1328 5173 1604 5227 incessere
1637 5171 1844 5225 nullum
2181 5183 2453 5238 Damionis
2481 5181 2778 5252 imperium
2802 5182 3025 5252 promit,
3051 5183 3224 5238 ﬂuere
3248 5200 3415 5240 omne
3437 5186 3733 5258 profanum

455 5271 676 5327 Munia:
718 5269 918 5322 mutari
951 5269 1111 5323 sedes
1139 5268 1390 5338 quojure
1421 5266 1679 5321 sinuntur
1707 5283 1721 5330 ;
2095 5309 2147 5341 η
2181 5273 2214 5324 A
2241 5271 2378 5324 facie
2409 5269 2624 5325 Domini
2650 5269 2924 5324 contraria
2953 5285 3124 5341 regna
3155 5270 3410 5327 terentis.

453 5362 581 5425 Quae
608 5373 776 5427 super
801 5355 1025 5412 incestis
1058 5357 1352 5427 reliquisve
1373 5355 1659 5427 sequenda
1679 5352 1956 5425 probrosis
1986 5369 1998 5409 :
2095 5352 2147 5377 υ
2181 5361 2360 5416 Diales
2389 5360 2498 5414 aris
2530 5359 2768 5431 rogitant
2797 5358 3063 5413 libamina
3093 5358 3250 5427 ferri,

453 5452 552 5515 Qui
594 5449 695 5502 rite
725 5461 982 5501 accusare
1019 5457 1226 5520 queant
1251 5455 1504 5519 testeque
1533 5446 1873 5517 probentur;
2182 5452 2498 5523 Placarique
2531 5450 2668 5505 deos
2699 5449 2760 5503 ﬁt
2787 5450 2964 5518 iussio
2995 5465 3140 5505 caeca
3163 5450 3467 5516 furentum,

457 5543 632 5611 thue
662 5539 979 5594 sacerdotes
1007 5541 1144 5610 lapsi
1165 5541 1232 5594 de
1251 5541 1485 5595 crimine
1511 5547 1761 5612 surgant.
2177 5541 2481 5596 Mactantur
2504 5537 2749 5608 pecudes
2765 5538 3008 5592 mulcere
3029 5554 3188 5594 sacro
3203 5540 3560 5610 spurcamine
3573 5535 3797 5590 certant.

460 5633 744 5684 Basilicam
777 5632 983 5696 populo
1015 5633 1229 5686 Tiberis
1257 5639 1408 5688 trans
1431 5634 1605 5688 edidit
1631 5648 1873 5698 amnem,
2181 5637 2432 5706 Dumque
2462 5633 2687 5688 umbras
2713 5632 2955 5687 mulcere
2994 5649 3152 5690 sacro
3183 5650 3536 5705 spurcamme
3567 5636 3795 5685 certam.

457 5721 631 5787 Atque
661 5718 998 5784 sepulturam
1029 5738 1137 5792 qua
1158 5723 1347 5776 multis
1377 5725 1550 5793 Appia
1587 5723 1774 5779 carnis
2181 5722 2430 5776 Fulmina
2461 5721 2554 5776 dat
2581 5719 2779 5776 coelum
2813 5719 2935 5775 sine
2959 5735 3119 5775 more
3141 5722 3350 5793 atlapsa
3379 5736 3660 5780 serenum.
