3970 6200
297 318 402 372 657

299 436 657 509 Sacriﬁcique
688 443 854 490 ruunt
882 440 1009 489 ante
1050 433 1201 504 ipsas
1230 432 1476 489 fulminis
1517 450 1639 489 aras

300 532 548 587 leestis
575 529 757 585 subita
786 529 838 585 vi
870 535 1129 601 quattuor
1149 527 1465 591 exanimati,

295 623 468 691 Atque
497 619 607 690 poli
630 618 867 673 flammis
896 620 1076 689 ipsum
1107 614 1262 671 Jovis
1289 614 1466 669 uritur
1494 611 1653 679 altar,

299 709 362 762 Ut
390 714 573 778 pateat
593 722 703 761 non
736 721 859 761 esse
887 705 1042 762 Jovis
1070 701 1309 759 caelestia
1344 702 1472 767 tela,

296 799 541 871 Caligare
572 796 715 863 dies,
749 797 1031 851 obducere
1053 793 1247 849 nubila
1274 794 1496 856 coelum,

294 893 738 962 Praesentemque
761 891 872 946 reis
891 888 1220 946 mortalibus
1242 887 1427 943 omnia
1451 894 1682 942 mortem

296 985 590 1038 Intentare.
629 982 766 1036 Urbs
796 981 935 1052 ipsa,
967 980 1093 1052 polo
1124 986 1427 1052 pugnante,
1462 985 1647 1050 putata

297 1072 353 1125 In
376 1071 585 1125 subitas
615 1070 765 1126 orbis
781 1069 974 1124 victrix
1004 1068 1222 1123 abitura
1257 1066 1484 1122 favillas.

294 1162 501 1217 Suadet
532 1162 665 1216 inire
697 1160 879 1234 fugam
912 1160 1142 1231 trepidis
1171 1160 1337 1215 timor
1370 1159 1511 1215 Urbe
1541 1158 1753 1229 relicta,

293 1252 543 1322 Dumque
567 1257 717 1306 metu
744 1249 883 1304 vada
915 1256 1064 1303 trans
1092 1248 1296 1304 abeunt
1344 1246 1599 1302 Tiberina
1630 1254 1910 1314 monente,

291 1342 558 1395 Securum
589 1356 773 1395 rerum
804 1340 1036 1396 Domino
1058 1356 1157 1394 sua
1177 1345 1301 1394 vota
1326 1338 1588 1394 Calixtum

294 1430 568 1487 Laudibus
594 1431 884 1486 inveniunt
910 1430 1155 1496 dantem,
1187 1430 1437 1502 laetisque
1467 1437 1752 1485 vacantem

291 1523 661 1578 Carminibus.
695 1522 891 1578 Consul
922 1537 1155 1593 propere
1188 1521 1484 1577 Palmatius
1514 1520 1661 1576 istud

293 1616 491 1670 Pandit
514 1615 840 1678 Alexandro,
870 1614 963 1687 qui
986 1630 1113 1670 mox
1137 1615 1354 1689 delegat
1374 1616 1552 1672 eidem

295 1703 500 1777 Cogere
529 1703 877 1759 Christicolas
905 1704 1034 1770 aris,
1064 1703 1151 1758 vel
1186 1704 1430 1759 subdere
1459 1706 1655 1776 poenis.

294 1794 389 1849 Ille
426 1794 615 1848 decem
645 1794 713 1848 de
754 1793 966 1859 militia,
992 1810 1186 1864 parere
1216 1801 1457 1864 paratos,

293 1884 580 1940 Devincire
609 1884 779 1951 viros,
825 1885 1147 1956 clerumque
1186 1886 1507 1956 Patremque
1541 1885 1802 1942 Calixtum

292 1969 454 2025 Mittit
485 1988 498 2035 ;
533 1978 585 2025 at
612 1979 670 2027 ut
699 1972 938 2027 subeunt
969 1989 1077 2044 qua
1099 1974 1293 2029 concio
1316 1974 1455 2029 lucis
1485 1976 1703 2050 agebat,

292 2060 537 2115 Pectoris
556 2061 852 2117 obscurum
885 2064 1067 2118 vultus
1096 2063 1333 2138 caligine
1364 2065 1625 2135 produnt,

294 2151 641 2224 lndignoque
673 2154 861 2209 videre
893 2163 1186 2227 queantne
1208 2157 1416 2212 lumine
1435 2173 1609 2216 sacra.

291 2238 551 2298 Frustrati
581 2244 852 2302 immerito
884 2257 1209 2318 conspectu,
1244 2248 1451 2303 lumina
1485 2258 1716 2320 ponunt.

288 2331 535 2387 Territus
558 2333 640 2387 his
669 2335 861 2390 consul
892 2336 1005 2411 regi
1039 2344 1248 2407 patrata
1280 2338 1484 2394 revelat

292 2420 700 2495 Praesentatque
722 2425 890 2493 viros,
919 2434 1080 2482 cauto
1098 2443 1239 2498 quos
1268 2428 1360 2483 ille
1394 2444 1697 2485 renoscens

294 2514 521 2580 Intuitu,
554 2516 775 2571 atraciis
808 2518 923 2572 haec
954 2518 1180 2589 deputat
1206 2527 1325 2574 acta
1354 2522 1604 2587 venenis,

293 2601 495 2656 Consul
525 2603 592 2657 ad
624 2604 741 2660 hinc
773 2621 786 2659 :
821 2626 851 2657 (ι
876 2606 1100 2681 Magicis
1115 2609 1160 2662 si
1189 2608 1479 2665 fraudibus
1510 2612 1610 2666 ista
1626 2620 1903 2687 gerantur,

289 2693 528 2749 Virtutes
553 2696 645 2749 ubi
671 2704 801 2752 sunt
832 2706 1145 2754 nostrorum
1177 2709 1230 2755 et
1262 2702 1490 2757 numina
1520 2703 1704 2759 divum
1736 2705 1763 2758 ?

289 2789 433 2853 Quin
460 2790 651 2858 jubeat
679 2798 770 2847 tua
801 2792 886 2847 dis
905 2793 1082 2864 pietas
1114 2794 1376 2851 libamina
1400 2797 1547 2863 ferri,

284 2881 513 2936 Publica
539 2898 626 2938 res
654 2899 879 2953 pessum
912 2901 984 2941 ne
1016 2886 1210 2943 horum
1260 2904 1362 2957 per
1388 2890 1635 2946 carmina
1663 2892 1845 2948 detur.
1880 2918 1904 2942 ιο

286 2969 615 3025 Mercurium
649 2983 835 3027 monet
866 2974 1140 3049 Augustus
1168 2991 1266 3046 per
1293 2992 1445 3034 sacra
1471 2980 1800 3054 rogandum,

289 3060 690 3133 Propositaque
715 3062 803 3117 die
834 3064 1020 3119 cuncti
1056 3072 1256 3135 praesto
1287 3082 1408 3123 esse
1441 3068 1678 3134 Quirites

290 3149 548 3204 Prodenti
572 3157 785 3206 secreta
810 3151 977 3208 deum
1006 3169 1263 3224 praecone
1291 3156 1580 3225 jubentur.

284 3240 517 3295 Pollutis
549 3243 822 3313 pecudum
841 3246 1067 3319 sanguis
1085 3246 1224 3301 dum
1260 3246 1509 3304 funditur
1536 3249 1668 3317 aris,

286 3333 547 3388 lndomiti
578 3334 708 3391 inde
745 3336 950 3391 cadunt
968 3338 1147 3406 vituli,
1174 3340 1325 3409 porci
1358 3341 1486 3397 inde
1518 3350 1802 3411 necantur,

288 3425 427 3480 Inde
454 3427 768 3484 sacerdotes
797 3429 990 3486 Bacchi
1021 3447 1118 3502 per
1148 3430 1379 3489 delubra
1411 3435 1555 3490 misti

294 3518 689 3588 Lymphantur,
718 3521 929 3591 rapitur
950 3530 1093 3580 torto
1121 3524 1451 3599 virguncula
1470 3527 1622 3595 divo,

294 3606 680 3680 Exclamatque
707 3610 887 3680 palam
918 3627 930 3665 :
962 3632 983 3662 ι
1007 3612 1173 3669 Vivus
1202 3630 1474 3687 verasque
1503 3616 1694 3673 Calixti

292 3696 384 3751 Est
409 3696 554 3752 Deus
579 3716 595 3763 ;
626 3696 926 3771 indignans
948 3701 1143 3757 harum
1176 3704 1496 3762 contamine
1526 3722 1709 3761 rerum

294 3787 588 3859 Imperium
617 3796 758 3846 teret
796 3791 885 3845 hic
904 3799 1166 3862 vestrum,
1200 3797 1349 3867 quod
1381 3813 1525 3854 vana
1556 3798 1768 3869 petatis.
1794 3820 1817 3851 ο

293 3880 383 3934 llis
412 3880 667 3951 stupidus
696 3881 871 3952 captis
892 3883 1186 3941 Palmatius
1219 3888 1367 3943 ilicet
1397 3889 1602 3945 almum

297 3966 619 4024 Pontiﬁcem
659 3969 803 4025 Petri
836 3973 1129 4042 accedens,
1156 3977 1388 4051 vestigia
1417 3994 1626 4049 pronus

295 4059 594 4134 Astringit:
632 4081 652 4110 ι
688 4061 1137 4135 Cognovi,aiens,
1169 4068 1572 4141 Dominumque
1606 4072 1908 4145 Deumque,

297 4152 473 4225 [ligno
496 4152 623 4220 jure
648 4153 774 4208 cceli
806 4153 1100 4223 Christum,
1126 4174 1291 4230 quem
1323 4160 1606 4218 daemones
1636 4165 1740 4220 acti

297 4240 444 4295 Fassi
475 4248 604 4295 sunt
633 4241 799 4297 hodie
828 4261 842 4308 ;
875 4260 1067 4316 quare,
1101 4248 1332 4316 conjuro
1363 4267 1462 4320 per
1491 4250 1692 4322 ipsum,

292 4334 455 4404 Eripe
480 4349 569 4390 me
598 4334 747 4395 cultu
778 4335 1070 4407 larvarum,
1104 4340 1345 4413 almique
1375 4344 1599 4405 lavacri.

290 4421 409 4486 Quo
432 4421 668 4478 renitere
696 4423 863 4479 doces
883 4424 1085 4493 justos,
1118 4444 1206 4483 me
1228 4429 1377 4485 dilue
1404 4432 1659 4503 lymphis.
1701 4456 1720 4483 ο

289 4512 490 4567 Ριιῖθειιὶ
510 4513 601 4568 ubi
638 4515 755 4570 haec
786 4530 924 4585 puro
957 4518 1326 4588 probathunc
1358 4523 1687 4594 depromere
1716 4527 1904 4595 corde,

293 4602 552 4658 lndicens
571 4605 872 4661 catechizat
895 4606 945 4661 ei
968 4607 1183 4677 jejunia
1210 4627 1364 4669 more
1395 4631 1410 4679 ;

296 4696 461 4752 Lotus
487 4703 547 4751 ut
572 4696 826 4754 almiﬁcis
854 4700 1203 4774 mundusque
1232 4705 1469 4779 resurgit
1494 4706 1563 4760 ab
1592 4706 1776 4774 undis,

293 4785 571 4842 Exclamat
606 4805 618 4842 :
656 4808 681 4839 «
706 4789 843 4844 Vere
872 4790 1226 4848 manifestum
1262 4794 1445 4849 lumen
1468 4794 1655 4851 Jesum

297 4877 590 4949 Conspexi,
624 4894 824 4951 supero
854 4881 951 4952 qui
981 4898 1069 4937 me
1100 4882 1389 4939 illustravit
1410 4885 1639 4940 honore.
1674 4907 1697 4937 ι)

292 4970 603 5045 Gignuntur
630 4972 802 5046 geniti
834 4973 1114 5042 Ecclesia,
1146 4976 1664 5049 conjungituruxor,

293 5057 662 5130 Abluiturque
693 5060 896 5116 domus
923 5060 1249 5119 famulorum
1280 5073 1431 5139 grata
1454 5073 1669 5122 caterva

296 5145 709 5221 Quinquaginta
733 5149 843 5205 duo
870 5150 1094 5207 discreti
1127 5152 1302 5209 limite
1333 5170 1515 5209 sexus.

296 5237 433 5291 Inde
465 5237 752 5294 facultates
773 5242 981 5296 sanctis
1009 5244 1322 5313 expendere
1350 5244 1542 5319 egenis

298 5325 559 5389 Quaesitis
584 5336 775 5392 certat,
806 5329 1009 5384 victum
1036 5332 1388 5405 tegimenque
1418 5333 1708 5389 ministrat.

371 5413 500 5468 Post
530 5414 749 5489 triginta
770 5416 892 5472 dies
925 5419 1067 5473 hunc
1094 5418 1271 5474 Caesar
1302 5422 1517 5492 quaerit,
1538 5429 1591 5477 et
1616 5424 1772 5478 audit

298 5503 678 5561 Christicolam
698 5506 920 5575 factum,
946 5509 1169 5564 mandat
1188 5511 1293 5565 sibi
1325 5512 1504 5568 sistier
1532 5523 1734 5579 actum,

377 5669 628 5739 (179—80)
661 5673 736 5727 Id.
770 5681 852 5728 est
872 5675 1061 5744 jacens
1093 5679 1240 5728 tecto.

860 378 867 387 .
924 312 1007 367 DE
1047 310 1303 365 CHRISTI
1343 310 1701 365 TRIUMPHIS
1740 310 1913 366 APUD
1953 310 2223 367 ITALIAM
2266 310 2442 366 LIBRI
2484 311 2614 366 XIV.
2658 343 2716 353 —
2763 313 2887 368 LIB.
2932 314 3016 368 IV.

3535 316 3641 371 658

1945 441 1994 506 Α
2021 435 2224 490 Tentus
2249 435 2521 507 Torquato
2551 438 2791 509 quodam
2824 438 3118 494 insidiante
3140 438 3382 506 tribuno,

2019 526 2274 581 Truditur
2299 526 2353 580 in
2384 527 2689 583 Mamertini
2723 529 2959 603 caligine
2988 530 3231 586 claustri.

2017 615 2146 670 Tres
2177 623 2304 686 post
2335 617 2463 672 inde
2496 619 2617 673 dies
2641 619 2835 675 vinclis
2864 620 3159 675 adducitur
3182 629 3309 676 ante

2020 707 2239 762 Cinctus
2268 707 2651 776 Alexandrum,
2684 710 2821 765 solvi
2844 727 3007 781 quem
3033 712 3281 782 praecipit
3310 712 3403 768 ille
3436 732 3450 779 ;

2017 797 2277 864 Solvitur,
2302 799 2447 854 haud
2469 809 2800 866 exarmatur,
2825 809 2954 857 tunc
2982 802 3342 873 induperator
3368 821 3381 859 :

2022 909 2040 939 ι
2079 891 2316 947 Siccine.
2362 892 2589 948 Palmati
2627 895 2879 962 demens,
2913 897 3017 951 heu
3051 896 3063 950 l
3094 897 3268 953 factus
3295 898 3542 967 haberis,

2016 981 2080 1036 Ut
2111 982 2370 1054 linquens
2398 984 2553 1040 divos
2585 986 2862 1041 hominem
2884 995 3097 1043 sectere
3128 990 3430 1060 sepultum.
3462 1013 3486 1042 »

2016 1072 2109 1127 Cui
2134 1073 2348 1128 diversa
2380 1074 2523 1130 inter
2553 1078 2745 1131 consul
2776 1079 2901 1133 data
2928 1079 3055 1134 talia
3082 1081 3262 1136 reddit
3296 1099 3309 1136 :

2018 1190 2042 1211 «
2078 1165 2305 1221 Nescius
2329 1166 2633 1238 infelixque
2656 1169 2787 1223 olim
2811 1187 2911 1240 per
2939 1188 3079 1226 vana
3108 1174 3366 1247 vagabar,

2015 1257 2170 1313 Nunc
2219 1274 2409 1313 verum
2462 1274 2699 1315 noscens
2743 1261 3035 1318 Dominum
3093 1264 3362 1321 Christum
3429 1275 3626 1338 eXpeto

3332 1362 3562 1417 supplex

3332 1375 3393 1414 su

2018 1442 2207 1498 Pareat
2235 1449 2293 1497 ut
2313 1444 2485 1499 errori
2512 1443 2757 1500 tenebris
2786 1444 3146 1504 hebetudinis
3171 1359 3327 1505 acto.[
3353 1472 3373 1501 ι
3400 1378 3471 1432 Pp

2020 1537 2115 1591 Ille
2152 1538 2280 1594 dolo
2322 1538 2511 1594 ridens
2540 1541 2705 1596 tradit
2730 1541 2877 1597 claro
2908 1559 3034 1598 arce
3050 1553 3272 1600 senatus

2016 1628 2318 1699 Simplicio,
2358 1641 2575 1686 revocet
2596 1632 2780 1687 divum
2805 1650 2905 1703 per
2930 1636 3116 1691 mollia
3136 1635 3276 1692 fanis

1932 1749 1983 1816 Β
2013 1718 2366 1790 Prmcipiens,
2398 1719 2728 1793 blandisque
2760 1723 2963 1797 adigat,
2996 1725 3127 1780 dum
3154 1728 3375 1785 turbida
3404 1731 3554 1788 vitet.

2011 1810 2125 1874 Quo
2158 1809 2464 1867 deleniﬁca
2487 1813 2806 1885 celebrique
2837 1825 3098 1888 exceptus
3136 1819 3345 1877 honore

2012 1900 2269 1955 Excubiis
2289 1902 2656 1974 precibusque
2690 1904 2796 1975 piis
2816 1905 3029 1974 jejunia
3058 1909 3245 1976 comit,

2011 1989 2298 2045 Summum
2328 2005 2492 2046 orans
2522 1990 2781 2063 lacrymis
2835 1993 3049 2051 Patrem
3107 1997 3468 2072 Genitumque
3501 2019 3630 2072 pro-

3381 2092 3554 2163 [fusis,

2014 2168 2433 2242 Priscarumque
2452 2178 2647 2242 petens
2673 2174 2890 2230 veniam
2911 2191 2979 2231 ex
3000 2193 3186 2234 errore
3212 2180 3443 2237 viarum.

2012 2261 2235 2316 Accedit
2266 2262 2488 2333 quidam
2512 2263 2727 2319 interea
2745 2267 2838 2337 qui
2871 2269 3108 2342 conjuge
3131 2272 3309 2340 poscit

2014 2351 2165 2407 Hunc
2190 2368 2359 2424 super
2388 2361 2611 2425 aegrota,
2642 2372 2785 2427 quae,
2841 2359 3039 2415 clinica
3097 2362 3339 2435 (179-80)
3371 2372 3628 2435 quattuor

3353 2455 3553 2525 [annis,

2010 2532 2285 2589 Semineci
2314 2534 2537 2606 longum
2571 2536 2836 2593 tractabat
2862 2554 3093 2610 corpore
3117 2541 3330 2597 lethum
3362 2561 3373 2594 :

2008 2622 2283 2678 Sternitur
2314 2622 2403 2677 ille
2432 2624 2573 2691 solo,
2598 2624 2815 2680 famulis
2840 2635 2893 2682 et
2919 2629 3155 2702 conjuge
3181 2646 3363 2686 coram

2006 2708 2301 2781 Simplicii,
2334 2712 2700 2785 madidusque
2729 2717 3013 2772 oculorum
3036 2712 3188 2773 fonte
3220 2728 3473 2788 precatur
3506 2741 3518 2777 :

2013 2819 2038 2849 (ι
2071 2799 2688 2871 Omnipotens,servum
2715 2807 2806 2877 qui
2830 2806 3056 2862 luminis
3088 2810 3354 2865 irradiasti

2009 2893 2153 2950 Luce
2180 2896 2279 2967 pii,
2312 2903 2576 2952 zeternum
2594 2899 2849 2969 praebens
2875 2900 3006 2955 mihi
3026 2901 3213 2957 lumen
3236 2906 3412 2959 Iesum

2014 2985 2232 3051 Qumso,
2264 2993 2410 3041 tuam
2444 2988 2662 3045 salvans
2690 2990 2968 3054 famulam,
2994 2992 3137 3048 lecto
3165 2993 3315 3069 erige
3342 2994 3624 3064 blandam,

1932 3119 1981 3186 Ο
2017 3076 2341 3133 Cunctarum
2374 3088 2433 3135 ut
2460 3097 2641 3136 rerum
2668 3083 2818 3138 solus
2846 3098 3074 3139 noscare
3104 3093 3334 3143 creator.
3370 3109 3391 3137 ι

2012 3169 2162 3225 Illico
2195 3169 2397 3225 blanda
2426 3173 2541 3227 suis
2579 3175 2831 3247 gaudens
2857 3191 3146 3232 accurrere
3179 3179 3399 3249 plantis.

2010 3259 2277 3330 Simplicii
2299 3261 2437 3330 petit
2466 3263 2586 3333 ipsa
2615 3264 2865 3333 domum,
2895 3267 3206 3340 clamatque
3238 3277 3503 3343 rogatque
3534 3290 3546 3327 :

2008 3374 2034 3401 α
2069 3354 2128 3407 In
2165 3353 2387 3408 Domini
2415 3355 2544 3411 Jesu
2567 3374 2656 3413 me
2675 3362 2899 3416 nomine
2921 3363 3074 3437 tinge
3099 3363 3335 3430 lavacro,

2008 3446 2048 3499 A
2078 3460 2188 3516 quo
2210 3461 2329 3499 sum
2353 3461 2681 3518 comprensa
2718 3467 2908 3519 manu,
2940 3457 3156 3510 sublata
3185 3458 3435 3530 grabato.
3470 3481 3500 3510 »

2009 3534 2158 3589 Felix
2177 3541 2297 3589 acta
2325 3535 2519 3591 videns
2550 3538 2666 3593 haec
2686 3539 3112 3618 Simpliciusque
3124 3556 3347 3603 senator

2012 3629 2440 3686 Purificarentur
2469 3647 2688 3703 coepere
2710 3651 2907 3709 urgere
2929 3638 3173 3697 beatum.

2012 3727 2261 3781 Actutum
2296 3726 2387 3782 ille
2410 3728 2624 3784 Patrem
2654 3731 2839 3786 studet
2865 3738 3134 3793 accersire
3162 3738 3427 3797 Calixtum
3456 3761 3471 3809 ;

2014 3815 2113 3878 Qui
2147 3815 2378 3871 veniens
2418 3816 2617 3872 Christi
2656 3826 2832 3874 sacrat
2862 3821 3192 3894 baptismate
3222 3838 3449 3886 cunctos

2014 3903 2398 3976 Simpliciique
2426 3905 2674 3974 domum,
2703 3923 2952 3977 uxorem,
2974 3913 3255 3986 genitoset
3284 3918 3553 3987 alumnos,

2012 3996 2304 4071 Sexaginta
2328 3997 2540 4054 animas
2556 4000 2693 4072 ipsis
2709 4017 2877 4072 super
2891 4004 3127 4075 amplius
3157 4013 3301 4063 octo.

2084 4090 2365 4146 Exsultant
2390 4093 2564 4147 sancti
2589 4094 3124 4168 venerandatropma
3148 4098 3420 4170 colentes,

2011 4180 2150 4236 Dant
2180 4183 2372 4238 laudes
2400 4184 2654 4252 Domino,
2688 4202 2788 4256 per
2813 4203 2975 4258 quem
3001 4189 3251 4257 victoria,
3281 4208 3511 4252 summo.

2014 4272 2370 4343 Comperiens
2406 4274 2553 4344 quod
2583 4275 2906 4330 Alexander
2935 4277 3263 4349 baptismate
3292 4282 3493 4340 multos

2013 4363 2266 4418 Delubris
2291 4364 2563 4435 demptos,
2582 4381 2680 4420 cur
2707 4380 2898 4421 eorum
2931 4367 3119 4442 dirigit
3139 4386 3291 4425 arma

1923 4440 1980 4507 D
2007 4453 2257 4507 Armatos
2286 4460 2479 4508 contra
2500 4452 2631 4509 fidei
2655 4455 2984 4523 munimine,
3013 4440 3282 4527 membra,

2010 4542 2137 4607 Quae
2170 4558 2271 4598 nec
2292 4558 2641 4617 propugnare
2666 4552 2879 4615 parant,
2923 4546 3042 4601 leve
3072 4553 3248 4603 terrea
3279 4557 3482 4621 captat,

2012 4635 2185 4706 Atque
2216 4650 2410 4690 omnes
2438 4636 2637 4707 capitis
2660 4637 2928 4705 jacturam
2968 4654 3189 4693 sumere
3209 4650 3398 4695 censet
3429 4659 3443 4707 ;

2018 4724 2178 4779 Urbis
2208 4733 2263 4779 et
2287 4724 2504 4780 eximia:
2535 4726 2718 4797 capita
2748 4725 2804 4779 in
2836 4725 3055 4801 fastigia
3082 4727 3301 4792 tollens,

2015 4816 2298 4887 Depromit
2324 4817 2476 4873 necis
2506 4819 2819 4889 exemplum
2844 4816 3089 4891 fideique
3118 4819 3481 4890 triumphum.

2012 4906 2397 4978 PreSbyterum
2427 4908 2782 4980 Calepodium
2805 4910 2918 4980 jam
2940 4910 3210 4984 sanguine
3242 4910 3469 4978 fessum,

2006 4999 2253 5055 Flamine
2290 5000 2798 5076 robustum,rigido
2829 5002 2979 5057 ferus
3009 5019 3143 5058 ense
3164 5002 3421 5069 trueidat,

2016 5089 2448 5160 Romuleamque
2476 5089 2617 5144 trahi
2635 5090 2845 5145 faciens
2875 5091 3025 5146 senis
3054 5106 3178 5147 ossa
3208 5107 3309 5162 per
3337 5090 3551 5154 urbem,

2015 5182 2316 5238 Abscondit
2346 5181 2526 5236 Tiberi
2559 5182 2781 5248 ;bonus
2809 5190 2864 5237 at
2883 5184 3042 5239 Pater
3072 5184 3191 5255 ipsa
3218 5183 3459 5239 I‘alixtus

2018 5274 2296 5330 Undarum
2323 5281 2656 5330 scrutatores
2683 5276 3005 5347 perquirere
3045 5277 3223 5348 poscit
3254 5294 3269 5342 ;

2021 5364 2102 5419 Illi
2145 5365 2366 5421 inventa
2392 5365 2573 5419 levant
2598 5363 2838 5419 sinuosis
2869 5364 3099 5419 ﬂumine
3128 5366 3290 5420 textis

2017 5455 2079 5510 Et
2112 5474 2311 5527 papam
2341 5457 2649 5513 exhilarant
2679 5456 2818 5510 laetis
2848 5472 2947 5527 per
2976 5457 3169 5510 nuntia
3200 5457 3382 5511 dictis.

2016 5543 2281 5601 Dulcibus
2301 5546 2395 5601 ille
2420 5546 2640 5619 hymnis
2669 5545 2900 5601 Domino
2930 5544 3024 5617 pia
3052 5544 3296 5600 carmina
3317 5543 3556 5599 reddens
