3970 6200
369 318 474 371 659
1143 307 1506 363 FLODOARDI
1540 302 1847 359 CANONlCl
1889 300 2217 356 REMENSIS
2257 302 2592 358 OPUSCULA
2632 303 2936 360 METRICA.
3635 312 3750 365 660

373 442 633 512 Suscipit,
667 456 730 494 ac
751 439 923 493 multo
943 443 1193 492 sanctum
1229 435 1683 504 impletaromate
1708 431 1895 496 funus,
2013 435 2064 500 Α
2088 429 2356 497 Mundari,
2389 431 2672 502 spondens
2704 433 2904 487 anima;
2935 434 3230 506 carnisque
3259 437 3522 492 nitelam.

373 535 754 602 Carbaseoque
789 538 978 603 tegens
1011 528 1248 598 pretiosa
1271 525 1500 580 monilia
1530 525 1700 588 cultu,
2090 520 2320 576 Credere
2345 524 2439 594 qui
2472 523 2666 588 fassus,
2698 525 3020 596 donumque
3043 526 3366 598 indemptus
3387 539 3735 602 utrumque,

374 629 492 697 lpse
515 624 660 696 quod
691 622 941 678 ediderat
970 621 1156 674 senior
1185 619 1464 674 studiosus
1503 618 1713 671 honore
2089 613 2345 684 Corporis
2368 615 2572 670 indicio
2606 616 2806 671 mentis
2825 617 3104 688 depromit
3123 619 3419 686 honorem,

373 718 568 774 (.hristi
601 717 928 771 athletarum
962 713 1156 784 recipit
1188 712 1429 783 pollente
1457 710 1731 780 sepulcro.
2087 707 2261 778 Atque
2295 709 2464 762 Deum
2498 725 2687 762 verum
2716 709 2972 777 jocundis
2998 710 3259 766 laudibus
3291 711 3470 768 effert.

447 811 740 864 [tantorum
773 808 939 860 dansa
963 805 1141 858 lanius
1173 803 1477 876 prOpagine
1506 818 1664 864 carsa,
2090 797 2233 852 Facti
2265 815 2457 854 rumor
2486 800 2779 855 Alexandri
2811 801 2942 855 dum
2972 803 3209 873 perculit
3236 820 3419 872 aures,

375 901 558 970 lpsum
587 895 937 967 persequitur
955 893 1123 947 fetum
1147 893 1291 946 almo
1312 890 1562 961 germine
1605 888 1793 954 robur,
2089 893 2335 965 Exagitat
2361 893 2512 949 furor
2538 913 2552 961 ;
2586 895 2886 951 invalidum
2919 898 3014 968 qui
3047 899 3294 969 pondere
3321 917 3580 970 pressus,

377 984 809 1055 l’ontiﬁcemque
830 993 1026 1037 tenens
1059 982 1378 1052 lymphante
1406 978 1589 1032 furore
1621 976 1884 1030 (alixtum
2095 985 2302 1038 [parum
2334 985 2546 1056 plumbi
2570 986 2842 1042 privatum
2869 989 3116 1058 pondere
3147 999 3366 1056 mactat,

377 1079 594 1134 ltlolitur
624 1091 884 1147 superare
916 1074 1058 1127 fame
1085 1090 1097 1125 :
1131 1073 1436 1142 quintoque
1466 1069 1652 1124 voluto
2096 1073 2530 1146 Pontiﬁcemque
2555 1075 2762 1143 jubens
2801 1077 3102 1148 prOpellier
3129 1079 3268 1146 aede,
3303 1080 3554 1135 fenestra

376 1171 501 1224 Sole
532 1168 706 1242 magis
734 1165 1032 1222 confortari
1066 1164 1196 1217 dum
1233 1161 1485 1217 tristibus
1515 1161 1668 1215 audit
2103 1165 2447 1235 Prmeipitem
2465 1167 2611 1221 celsa
2641 1168 2734 1222 dat
2754 1185 2886 1225 saxo
2907 1170 3048 1225 colla
3071 1181 3353 1244 gravatum

379 1259 613 1314 Marcida
643 1255 883 1312 robustis
907 1253 1120 1325 jejunia
1141 1252 1376 1306 fustibus
1401 1258 1584 1322 auget,
2095 1253 2344 1328 Demergi
2387 1255 2442 1308 in
2474 1264 2724 1325 puteum,
2755 1259 3066 1313 cumulatur
3085 1260 3245 1314 sorde
3269 1261 3616 1314 barathrum.

380 1355 737 1422 liohoreaque
766 1349 887 1403 dies
917 1349 1247 1418 impugnans
1278 1353 1477 1400 mactat
1497 1345 1565 1416 lin
1585 1360 1780 1398 omnes
2097 1347 2334 1418 Postque
2368 1348 2562 1402 decem
2583 1356 2912 1422 septemque
2944 1351 3063 1406 dies
3094 1364 3321 1407 curante
3343 1353 3610 1408 levantur

379 1443 534 1498 Czede
562 1441 761 1504 virum,
788 1436 1091 1508 prohibens
1121 1451 1187 1489 ne
1219 1434 1344 1505 quis
1361 1433 1554 1488 solatia
1584 1432 1776 1485 saltem
2095 1440 2309 1494 Αειρι-ίι)
2328 1447 2489 1494 noctu
2512 1442 2706 1510 juncm
2738 1459 2892 1497 sacra
2923 1443 3158 1515 pignora
3187 1446 3356 1511 clero,

379 1532 600 1588 Visendi
641 1530 743 1584 sub
776 1534 932 1582 nocte
962 1526 1100 1580 ferat
1129 1543 1142 1589 ;
1167 1524 1260 1596 qui
1292 1523 1430 1578 forte
1461 1531 1710 1592 repertus
2098 1533 2224 1594 Qua:
2257 1531 2537 1602 Calepodii
2571 1533 2748 1588 bustis
2786 1534 3003 1588 Aurelia
3034 1536 3289 1606 sumpsit.

378 1629 594 1682 Crimen
618 1632 793 1678 morte
825 1624 956 1676 luat.
993 1619 1175 1674 Multis
1206 1618 1296 1673 hic
1326 1625 1481 1672 antra
1511 1616 1712 1670 diebus
2096 1624 2186 1676 Ast
2216 1622 2439 1697 longum
2472 1626 2724 1695 posthac,
2755 1625 2944 1680 divino
2974 1627 3223 1692 numine,
3252 1628 3437 1682 Remis

378 1724 514 1776 Dum
547 1719 693 1774 fovet
723 1718 1013 1786 impastus,
1035 1713 1306 1768 solamina
1327 1712 1537 1782 prtebet
1567 1710 1617 1764 ei
1637 1709 1828 1764 aethra.
2021 1752 2071 1819 Β
2099 1711 2374 1784 Delegata,
2403 1713 2497 1766 Dei
2537 1714 2801 1784 templum
2832 1713 3124 1769 Genitricis
3154 1717 3448 1781 adornant,

381 1815 614 1886 Legatur
643 1807 974 1879 Calepodius
1003 1807 1120 1861 haec
1142 1804 1326 1859 dulcia
1352 1809 1575 1874 portans
1609 1820 1621 1855 :
2021 1801 2070 1819 ν
2104 1801 2265 1854 lsthic
2287 1812 2598 1857 consortem
2625 1803 2780 1871 juxta
2809 1804 3117 1876 palmmque
3137 1807 3450 1878 gradusque

387 1928 406 1952 α
450 1905 593 1964 Esto,
626 1901 805 1964 Pater,
838 1897 1048 1962 ﬁrmus,
1081 1904 1172 1950 tua
1205 1911 1328 1949 nam
1365 1894 1608 1965 perfecta
1634 1907 1839 1947 corona
1868 1897 1969 1945 est.
2105 1891 2322 1946 Consita
2355 1893 2654 1960 Nicasium,
2680 1894 2774 1965 qui
2806 1895 2960 1949 urbis
2990 1897 3100 1951 duo
3130 1896 3338 1951 lumina
3374 1906 3584 1952 nostra)

382 1991 687 2047 Mercedem
719 1995 780 2044 ut
809 1987 996 2058 capias
1026 1985 1218 2039 Helerni
1246 1982 1495 2037 muneris
1521 1982 1778 2052 amplam.
1816 2001 1848 2030 ι)
2105 1983 2486 2041 Condecorant
2507 1987 2814 2058 clypeoque
2848 2004 3074 2057 precum
3100 1989 3224 2043 data
3251 1990 3463 2044 moenia
3491 1998 3726 2044 servant

385 2086 494 2139 Nec
520 2088 674 2138 vacat
705 2081 990 2134 abstrusus
1017 2076 1395 2131 medicamina
1428 2075 1671 2146 pendere
1693 2080 1857 2129 tutor.
2105 2080 2397 2150 Presbyter
2433 2079 2700 2146 Asterius,
2733 2081 2894 2151 patrii
2920 2089 3138 2137 curator
3165 2083 3413 2149 honoris,

385 2172 538 2228 Miles
570 2178 687 2225 erat
707 2167 954 2240 (ιυὶἀθιη,
988 2166 1240 2219 Primum
1272 2162 1522 2227 nomine,
1546 2162 1745 2232 Plenus
2105 2172 2309 2226 Tentus
2338 2171 2854 2239 Alexandro,decus
2876 2173 2979 2228 hoc
3009 2175 3219 2230 zelante
3239 2177 3507 2246 sepulcri,

389 2261 693 2326 Ulceribus,
727 2258 885 2313 dolor
913 2255 1166 2310 assiduus
1197 2250 1476 2307 cruciabat
1515 2250 1775 2304 anhelum
1812 2263 1828 2317 ;
2111 2263 2360 2334 thuem
2390 2265 2738 2334 prastitemt,
2772 2273 2894 2336 ροδι
2925 2266 3043 2336 ipse
3071 2277 3285 2321 ουτοι-ει
3310 2269 3546 2332 honore,

387 2359 442 2412 Is
464 2357 698 2430 pedibus
727 2371 786 2409 se
815 2359 1170 2424 prosternens
1196 2365 1318 2403 cum
1351 2346 1554 2403 famine
1587 2360 1743 2416 papae
2112 2351 2492 2422 Praacipitatur
2516 2370 2687 2425 aquas
2718 2355 2828 2409 alto
2859 2355 2928 2409 de
2961 2363 3127 2426 ponte
3159 2356 3261 2410 sub
3295 2357 3433 2410 imas
3468 2375 3483 2420 ;

388 2452 589 2504 Πανοῑο
629 2443 1070 2519 l’I‘BCiSCXPOSCit
1102 2441 1368 2515 languore
1389 2437 1579 2492 Ῑθνίπί·
2114 2445 2321 2516 Excipit
2343 2445 2601 2501 attollens
2633 2447 2797 2518 hujus
2827 2456 3010 2504 tamen
3031 2448 3177 2504 Ostia
3205 2449 3473 2504 membra.

392 2545 598 2600 Suadet
628 2543 830 2598 habere
863 2539 1028 2595 ﬁdem
1052 2538 1234 2604 Pater,
1257 2536 1618 2604 hortaturque
1640 2531 1854 2586 lavacro

1886 2646 2099 2704 CAPUT
2143 2648 2228 2703 1X.

1715 2751 1794 2809 De
1833 2758 2043 2810 sancta
2087 2751 2372 2811 Martina.

396 2894 665 2946 Praeterea
689 2885 896 2940 multos
928 2883 1093 2937 variis
1123 2879 1455 2936 cruciatibus
1484 2887 1635 2934 actos
2119 2877 2420 2934 Discissum
2450 2879 2642 2954 pingui
2676 2880 3025 2953 perfunditur
3052 2885 3301 2958 unguine
3330 2899 3557 2955 corpus,

398 2984 606 3054 Impius
636 2980 727 3034 hic
748 2979 928 3032 Caesar
955 2975 1174 3047 capitali
1201 2975 1321 3046 lege
1344 2972 1597 3027 trucidat.
2121 2968 2327 3023 Rursus
2355 2969 2662 3026 Alexandro
2693 2986 2877 3026 coram
2909 2971 3227 3027 decernitur
3255 2981 3377 3028 acta

396 3075 507 3128 Sub
541 3089 648 3146 quo
673 3072 826 3144 virgo
854 3069 1036 3123 nitens
1067 3073 1218 3132 natu,
1251 3064 1546 3119 virtutibus
1575 3064 1701 3128 alta,
2118 3057 2358 3112 Delubro
2386 3058 2584 3125 subici,
2618 3058 2834 3138 Christo
2862 3060 2959 3114 sed
2991 3060 3182 3133 dirigit
3211 3061 3305 3115 illa

399 3167 619 3220 Ornavit
645 3162 894 3236 percelsa
934 3159 1111 3214 crucis
1136 3157 1367 3212 Martina
1397 3163 1621 3226 tropaea.
2117 3149 2182 3204 Ut
2220 3150 2288 3204 de
2328 3166 2480 3206 more
2512 3168 2754 3222 precem,
2787 3153 3096 3208 demittitur
3123 3154 3268 3225 ignis
3298 3154 3367 3209 ab
3397 3156 3594 3221 aethra,

398 3257 526 3320 Quae
555 3253 715 3310 claris
734 3248 1188 3340 pollensopibus,
1214 3255 1366 3340 patre
1385 3244 1782 3340 consulenata,
2034 3273 2083 3340 Ο
2115 3237 2432 3340 Perculitac
2463 3241 2666 3340 redigit
2693 3241 3048 3296 simulacrum
3078 3244 3134 3297 in
3163 3249 3345 3317 strage
3366 3243 3594 3308 favillae,

400 3341 736 3398 Christicolis
758 3342 904 3413 large
925 3339 1128 3393 victum
1163 3335 1446 3406 praabebat
1475 3333 1685 3405 egenis.
2037 3325 2082 3340 ν
2120 3325 2416 3399 Exuritque
2441 3329 2754 3386 sacerdotes
2783 3331 3086 3402 sternitque
3117 3332 3420 3403 popellum.

402 3435 604 3488 Prensa
627 3431 695 3484 ab
725 3427 1059 3492 Alexandro,
1090 3425 1299 3480 Phoebo
1318 3424 1449 3478 dare
1482 3425 1641 3477 thura
1663 3422 1909 3491 jubetur.
2119 3419 2363 3475 Territus
2394 3422 2480 3476 his
2507 3423 2768 3494 princeps
2800 3424 3108 3496 victusque,
3152 3441 3218 3478 ea
3249 3425 3395 3478 bella
3426 3425 3738 3492 remittens,

404 3527 496 3579 llla
520 3540 711 3596 preces
744 3529 804 3578 ut
833 3521 1032 3585 fundit,
1054 3520 1278 3573 humum
1306 3515 1599 3572 concussio
1625 3515 1850 3568 vibrans
2123 3514 2387 3570 Praefecto
2411 3517 2627 3572 cuidam
2655 3518 2872 3573 Justino
2891 3519 3139 3593 urgenda
3170 3519 3413 3592 relegat;

404 3614 676 3676 Percellit,
714 3613 900 3667 tremit
924 3611 1085 3677 Urbs,
1119 3609 1230 3664 fani
1256 3624 1384 3681 pars
1415 3623 1572 3661 versa
1604 3605 1857 3661 residens
2127 3615 2225 3680 Qui
2253 3624 2416 3672 como
2447 3617 2589 3672 hanc
2613 3617 2772 3687 jubet
2796 3618 3312 3690 extendispatisque
3343 3619 3545 3684 secari,

402 3707 690 3764 Sacriﬁcos
705 3707 929 3778 promit,
967 3704 1181 3778 efﬁgies
1206 3703 1447 3758 resoluta
1478 3701 1700 3756 fatiscit.

2128 3712 2413 3784 Unguibus
2441 3711 2638 3768 effossa
2657 3714 2875 3768 tractari
2907 3730 3073 3770 carne
3099 3715 3370 3769 mamillas
3402 3721 3420 3767 έ

406 3797 747 3853 llisfuriatus
774 3792 1255 3861 Alexanderjubet
1281 3807 1377 3846 ora
1398 3789 1597 3860 puellae

405 3890 583 3948 Tundi
614 3887 808 3959 alapis,
841 3886 969 3940 cilia
995 3883 1269 3939 horriﬁcis
1292 3881 1588 3952 irrumpier
1616 3879 1814 3947 hamis,

408 3979 701 4037 Carniﬁces
720 3985 922 4033 sanctae
963 3974 1144 4045 pcenis
1185 3970 1614 4039 insisterejussi,

407 4074 634 4131 Defectu
665 4069 894 4140 stupidi,
923 4067 1108 4121 subito
1139 4065 1379 4120 clamore
1409 4065 1649 4118 fatentur

410 4166 644 4220 Cernere
666 4177 725 4216 se
757 4159 921 4215 rutilo
939 4157 1218 4212 radiantes
1237 4163 1496 4227 quattuor
1524 4170 1618 4210 ore

2126 3811 2355 3867 llorrida
2379 3813 2509 3867 dum
2549 3814 2840 3870 scrobibus
2871 3823 3093 3870 centum
3125 3822 3250 3870 octo
3291 3815 3600 3886 decemque
3632 3833 3734 3886 pa-

3471 3916 3668 3988 [tescit,

2125 4012 2351 4067 Carcere
2381 4013 2462 4068 sic
2491 4013 2707 4079 victrix,
2733 4013 3092 4086 tenebrisque
3125 4014 3424 4069 retruditur
3445 4014 3598 4070 atris.

2124 4114 2566 4184 Amphitreatrali
2592 4113 2771 4168 belvis
2800 4121 2924 4186 post
2953 4115 3184 4186 prtebita
3220 4115 3351 4170 ludo

411 4258 563 4310 Stare
592 4253 757 4318 viros,
789 4251 962 4321 ipsam
990 4249 1114 4302 laeto
1145 4246 1240 4318 qui
1271 4246 1476 4300 famine
1514 4243 1732 4299 ﬁrment
1763 4261 1778 4302 ;
2124 4219 2351 4321 [τηξηδηί
2374 4234 2570 4321 δείξατε
2601 4224 2785 4272 manet
2808 4233 3100 4290 congressa
3127 4218 3298 4284 Ῑθοηίι

413 4349 480 4403 At
507 4346 614 4401 sibi
646 4341 967 4416 segniﬁcam
1001 4344 1247 4410 perstent
1277 4335 1531 4410 infligere
1564 4349 1779 4405 poenam
2122 4315 2336 4386 Ωυίειιιθ
2365 4315 2540 4386 Pedes
2567 4329 2794 4369 currens
2821 4314 2889 4368 ad
2919 4314 3156 4388 Virginis
3178 4329 3273 4368 0τᾶ
3299 4321 3542 4380 coercet.

414 4414 984 4516 Fragminciesmmm
1017 4436 1246 4506 posthac
1274 4434 1404 4488 dum
1421 4431 1694 4486 scinditur
1721 4429 1882 4494 alma,
2122 4415 2311 4470 Nativa
2331 4422 2384 4469 et
2415 4414 2633 4469 feritate
2665 4430 2866 4468 vacans
2900 4415 3054 4469 velut
3073 4430 3248 4487 agnus
3268 4414 3540 4471 habetur:

412 4511 786 4601 Perduratque
818 4534 1015 4600 potens
1051 4525 1274 4581 lictores
1303 4522 1404 4578 ista
1433 4527 1713 4592 patrantes
2122 4516 2213 4569 Ast
2239 4513 2335 4568 ubi
2367 4513 2607 4585 placanti
2639 4511 2808 4567 furias
2837 4513 3080 4569 dimotus
3110 4513 3178 4567 ad
3201 4519 3356 4567 antra

415 4627 546 4680 Octo
573 4621 777 4693 quibus
800 4619 1014 4687 jussum
1045 4614 1339 4669 sceleratas
1365 4612 1534 4665 edere
1564 4625 1776 4681 poenas.
2048 4647 2105 4716 D
2135 4613 2406 4683 Impastus
2431 4627 2609 4666 caveae
2631 4618 2935 4678 revocatur,
2962 4611 3165 4668 omissa
3181 4612 3414 4666 resumit

418 4718 608 4774 Divina
644 4713 888 4770 bonitate
919 4709 1011 4782 pio
1041 4715 1184 4763 stant
1212 4707 1421 4761 lumine
1446 4703 1667 4759 tandem
2048 4703 2099 4716 ν
2133 4709 2237 4765 Ore
2267 4725 2482 4765 venena
2514 4708 2695 4775 famis,
2727 4708 3007 4780 rictusque
3039 4709 3094 4762 in
3122 4725 3354 4781 corpora
3385 4709 3560 4764 tendit

422 4809 600 4866 lnduti
631 4814 798 4879 atque
828 4801 1199 4858 ministerium
1229 4797 1451 4854 crudele
1482 4802 1748 4870 negantes
2133 4810 2323 4878 Obvia,
2356 4817 2762 4884 cognatumque
2803 4810 2940 4880 ρριίι
2969 4809 3140 4864 crudo
3162 4809 3383 4884 agmine
3411 4809 3579 4884 regis,

418 4904 632 4959 Christo
645 4894 1231 4972 proclamantDomino
1253 4909 1314 4948 se
1341 4891 1568 4946 credere
1593 4903 1742 4981 vero.
1774 4979 1780 4981 Δ
2131 4908 2491 4980 Vindictaque
2511 4907 2617 4979 piae
2655 4907 2865 4981 subigit
2894 4906 3231 4978 perimilquc
3252 4905 3474 4976 ρυριιθε,

419 4997 566 5060 Quos
593 4998 782 5048 contra
814 4991 992 5045 Caesar
1021 4985 1378 5042 furibundam
1400 4997 1664 5037 accensus
1694 4980 1752 5035 in
1771 4979 1925 5042 iram,

421 5091 677 5162 Praecipit
705 5088 967 5161 appensis
997 5083 1222 5140 lacerari
1239 5082 1450 5138 viscera
1480 5079 1626 5135 ferro
1658 5097 1670 5132 :

423 5186 524 5253 Qui
557 5184 822 5238 mundum
850 5188 904 5237 et
932 5179 1138 5235 lanium
1167 5183 1314 5232 secta
1341 5174 1556 5235 cervice
1582 5173 1904 5244 relinquunt

422 5277 704 5344 Martyres,
737 5279 792 5326 et
829 5270 953 5326 cmli
979 5268 1161 5324 felicia
1191 5282 1360 5340 regna
1379 5270 1699 5335 capessunt.
2135 5315 2267 5344 “An
2291 5315 2427 5344 dum
2461 5318 2578 5344 me.
2615 5317 2726 5344 0M0
2760 5268 2877 5344 5;“
2899 5268 3126 5344 omni".
3155 5308 3304 5344 mm”

491 5308 557 5330 ut
600 5308 704 5337 ιω,
737 5308 792 5326 ω
829 5308 953 5326 w...
980 5308 1161 5324 ww...
1191 5308 1360 5340 mg.”
1381 5308 1699 5335 cupkuu
2801 5309 2811 5319 ,
3294 5308 3304 5319 ο

491 5308 788 5432 suppliciis
817 5359 1065 5430 pulsatur
1094 5358 1224 5411 item
1264 5354 1494 5410 Martina
1525 5357 1729 5406 retecta
2135 5315 2430 5432 ξίξῗθιᾱυθδ
2461 5318 2583 5418 Ρίξδί
2613 5317 2732 5432 fit"
2757 5308 3126 5432 Ὓῗδλοπθτξυτ
3154 5315 3308 5432 eum:

491 5405 787 5432 "“'l'r'""'"'
817 5405 1056 5430 r""""""
1095 5405 1224 5411 """
1264 5405 1364 5410 ”’““’“
1386 5405 1492 5407 """
1563 5405 1574 5406 ί
1596 5405 1601 5406 ⁷
1622 5405 1663 5406 "
2179 5411 2188 5420 .
2519 5409 2528 5418 .
2757 5407 2767 5417 .

417 5454 697 5519 Vestibus,
736 5469 800 5508 ac
826 5451 1004 5525 plagis
1027 5465 1220 5505 omnes
1250 5447 1422 5503 incisa
1452 5461 1554 5516 per
1577 5451 1747 5508 artus,
2132 5411 2533 5525 E‘bammf‘ig‘
2567 5426 2582 5476 δ
2615 5408 2848 5463 Dommo
2873 5407 3002 5461 dum
3036 5405 3141 5518 .ﬁxa
3171 5406 3440 5476 pmbamr

419 5544 687 5606 Quattuor
706 5540 834 5595 hinc
855 5507 995 5610 pa‘fis
1021 5538 1279 5599 distenta,
1305 5542 1358 5590 et
1390 5534 1587 5589 robore
1618 5549 1780 5598 cmsa’
2132 5513 2438 5568 Tormentis
2467 5511 2668 5566 iterum
2698 5525 2872 5581 pensa
2899 5516 2999 5571 est,
3033 5507 3233 5561 iterum
3263 5523 3448 5580 ungue
3464 5513 3663 5561 cavata.

417 5630 621 5684 Cuncta
652 5629 836 5683 animo
862 5627 988 5682 forti
1014 5631 1271 5695 suscepta
1293 5622 1538 5694 pericula
1557 5622 1714 5677 ridet.
2135 5611 2330 5666 Omnia
2346 5610 2476 5665 dum
2509 5614 2752 5680 superat.
2785 5607 2996 5679 magica
3030 5611 3285 5660 censetur
3305 5604 3375 5658 ab
3409 5614 3525 5661 arte

421 5715 552 5768 lude
581 5721 798 5783 recepta
819 5714 976 5784 nigro
1008 5712 1288 5768 tenebrosi
1311 5710 1546 5766 carceris
1566 5718 1744 5775 antro,
2133 5711 2354 5778 Victrix,
2389 5710 2624 5782 impexis
2653 5708 2934 5779 ferturque
2965 5707 3132 5762 latere
3157 5704 3396 5776 capillis.

2131 5014 2242 5068 Nec
2274 5026 2461 5086 regem
2493 5007 2811 5082 aggreditur
2835 5007 3000 5062 charo
3030 5022 3098 5060 ne
3129 5006 3284 5080 virgo
3311 5014 3524 5060 careret

2131 5111 2404 5184 Martyrio,
2435 5117 2527 5164 aut
2557 5124 2760 5164 saevum
2791 5115 3069 5178 pateretur
3095 5107 3267 5160 inulta
3297 5112 3606 5177 tyrannum.

2133 5211 2359 5268 Caesaris
2383 5211 2525 5264 hanc
2548 5209 2743 5264 iterum
2769 5207 2939 5276 jussis
2961 5206 3235 5280 ergastula
3255 5206 3539 5261 claudunt.
