3970 6200
174 329 297 382 66!
798 327 883 381 DE
921 327 1177 382 CHRISTI
1222 328 1581 395 TRIUMPHIS
1620 332 1791 387 APUD
1834 333 2094 389 ITALIAM
2140 337 2312 392 LIBRI
2353 339 2483 394 XIV.
2527 373 2594 382 —
2636 343 2759 398 LIB.
2809 346 2893 399 ιν.
3436 353 3541 408 662

176 454 351 508 Tunc
397 468 516 507 raso
548 452 861 523 exspoliant
891 458 1135 507 sanctam
1178 453 1331 524 quasi
1374 455 1525 510 crine
1558 472 1814 526 prcmen-
1838 462 1889 530 Α
1919 458 2178 513 Noctibus
2199 461 2287 515 hic
2320 462 2527 518 inclusa
2560 465 2732 521 tribus
2764 468 2989 523 totidem
3022 471 3218 526 diebus

1590 542 1740 613 [tem,
1917 548 2089 602 Torva
2118 550 2443 619 pharetratae
2474 553 2528 607 in
2553 556 2766 610 cineres
2791 557 2903 629 agit
2924 574 3019 613 ora
3044 561 3246 615 Dianae.

174 642 468 712 Allophyli
507 641 699 695 fortem
730 640 1007 712 quondam
1043 647 1102 694 ut
1131 641 1378 696 Sansona
1404 641 1668 716 ligarunt:
1918 640 2007 694 Sic
2022 658 2196 708 sacra,
2228 643 2304 697 sic
2337 660 2591 714 proceres
2621 665 2907 719 superans,
2942 662 3201 709 censetur
3230 658 3428 727 agonis

174 733 252 785 At
284 730 484 784 Christi
507 730 705 784 virtute
727 730 811 784 sui
851 737 1001 783 stans
1036 729 1229 785 fortior
1256 731 1368 795 illa,
1921 734 2222 789 Extremam
2266 736 2426 809 rigidi
2458 740 2640 812 gladio
2671 742 3003 797 concludere
3043 753 3268 813 metam,

172 823 302 877 Nec
330 823 475 877 cedit
504 822 682 885 saevis,
718 838 820 876 nec
850 821 1118 896 frangitur
1145 822 1320 877 obsita
1343 822 1504 878 foedis
1918 828 2140 901 Hocque
2173 832 2487 904 triumphali
2516 842 2728 905 partum
2761 838 2894 909 petit
2921 842 3124 895 aethera
3150 844 3292 897 saltu

172 913 472 966 Clauditur
497 911 621 965 hinc
650 910 844 966 Triviae
868 911 1205 982 armipotens
1244 912 1444 968 invicta
1464 914 1697 980 sacello;

1707 1045 1912 1101 CAPUT
1950 1047 2012 1101 X.

1136 1146 1214 1205 De
1240 1155 1444 1207 sancto
1480 1149 1711 1210 Urbano
1743 1169 1904 1232 papa
1936 1164 1987 1211 et
2017 1164 2227 1215 sancta
2260 1157 2523 1217 chilia.

167 1257 439 1311 Urbanus
467 1255 635 1309 validi
668 1255 1067 1324 robustusjura
1099 1257 1288 1314 Calixti
1912 1267 2154 1321 Sidereis
2184 1285 2432 1341 auroque
2464 1272 2611 1328 notis
2636 1275 2851 1344 signata
2881 1278 3103 1346 tabella,

164 1348 417 1417 Excipit,
450 1362 515 1401 ac
553 1346 767 1400 Domini
799 1347 1095 1420 vigilanter
1126 1350 1311 1419 przelia
1340 1359 1563 1420 tractat;
1913 1357 1984 1409 Ac
2014 1356 2138 1410 diva
2168 1357 2427 1414 irradiata
2451 1360 2557 1415 tide
2591 1364 2800 1433 perlata
2830 1366 3065 1421 citatur:

162 1438 636 1511 Deligitathletas
659 1437 847 1492 divina
878 1438 931 1492 in
964 1446 1143 1494 castra
1172 1440 1386 1507 fideles,
1912 1472 1934 1491 α
1982 1446 2129 1502 Unus
2170 1450 2327 1504 adest
2357 1451 2524 1516 Deus,
2558 1469 2667 1507 una
2706 1454 2864 1523 fides,
2898 1456 3219 1528 baptimatis
3265 1478 3452 1517 unum.
3505 1482 3528 1517 ››

165 1527 446 1593 Roborat,
476 1532 713 1587 exercet,
746 1526 1013 1596 disponit,
1041 1530 1233 1591 munit,
1272 1530 1522 1599 adornat,
1909 1539 2159 1593 Atti-emit
2188 1541 2270 1594 his
2289 1558 2545 1613 sponsus,
2572 1545 2767 1612 credit,
2804 1526 3108 1617 prostratus
3128 1554 3341 1620 adorat,

166 1617 409 1683 lmbuit,
441 1622 634 1681 armat,
659 1617 791 1691 agit,
823 1619 1069 1672 caelestia
1099 1620 1246 1675 bella
1276 1631 1551 1698 perurget.
1910 1628 2149 1699 Erigitur
2169 1629 2420 1702 faturque
2451 1632 2637 1701 fidem,
2669 1637 2949 1707 fluctuque
2976 1648 3221 1695 sacratur

164 1707 290 1760 Nec
322 1705 636 1775 supplenda
653 1706 803 1760 viros
825 1707 989 1762 modo
1020 1706 1215 1762 Christi
1245 1711 1311 1764 ad
1338 1712 1542 1767 muenia
1566 1716 1733 1789 cogit,
1909 1718 2135 1774 Sincere
2171 1722 2387 1789 doetus,
2420 1740 2745 1798 sponsaaque
2788 1730 3086 1785 remittitur
3115 1734 3313 1788 almus.

164 1793 322 1858 Quin
358 1792 671 1848 bellatrices
709 1793 950 1848 admittit
982 1795 1037 1848 in
1069 1812 1218 1850 arma
1247 1798 1479 1867 puellas.
1907 1807 2043 1862 Dum
2068 1810 2307 1865 veniens
2339 1792 2488 1866 illum
2518 1792 2895 1887 paranympho
2917 1818 3100 1874 ccelite
3126 1820 3315 1875 fultam

164 1886 422 1949 Quarum
448 1882 679 1938 Czeciliaa
708 1884 1034 1959 praefulgida
1076 1885 1213 1942 facta
1243 1888 1515 1955 feruntur,
1910 1899 2460 1971 Heppcritorantem,
2488 1882 2580 1977 qui
2610 1882 2847 1963 candida
2874 1910 2989 1965 lilia
3009 1912 3172 1967 sertis

164 1972 464 2048 Sanguine
491 1988 613 2044 quae
650 1988 924 2047 generosa
950 1974 1064 2045 ρὶο,
1097 1978 1419 2050 generosior
1447 1986 1591 2047 θοῑιιν
1909 1995 2343 2067 Anteferensque
2366 2013 2516 2052 rosas
2544 2003 2895 2071 preperantia
2920 2006 3146 2073 praemia
3174 2007 3384 2078 pandit.

166 2062 474 2118 Nobilitate
506 2062 616 2134 poli
644 2070 802 2117 terrae
819 2070 978 2118 ornat
1009 2064 1371 2121 nobilitatem.

1910 2087 2044 2141 Huic
2070 2104 2365 2161 germanus
2396 2098 2511 2145 erat
2537 2092 2700 2147 rebus
2731 2093 3010 2150 Tiburtius
3041 2114 3183 2152 unus

165 2158 353 2212 Nocte
373 2156 463 2210 die
494 2156 611 2210 haec
638 2164 786 2210 casta
805 2156 1032 2211 volvens
1065 2173 1220 2211 sacra
1250 2159 1460 2215 famina
1491 2169 1695 2231 mente,

1909 2178 2024 2233 Prw
2054 2180 2266 2233 cunctis
2295 2181 2513 2248 charus,
2546 2183 2633 2237 cui
2668 2187 2905 2254 postulat
2938 2188 3028 2243 ille
3060 2190 3317 2253 salutem.

167 2251 417 2304 Assidue
446 2249 704 2320 precibus
737 2249 1064 2322 Dominique
1095 2251 1148 2305 in
1181 2251 1303 2324 lege
1334 2254 1589 2322 vacabat;
1913 2267 2300 2339 Pollieitusque
2334 2271 2443 2340 poli
2477 2288 2535 2327 se
2567 2249 2700 2328 civis
2740 2276 2794 2329 in
2834 2285 2977 2331 astra
3008 2288 3274 2350 receptat.

165 2340 433 2395 Vestibus
461 2341 668 2395 auratis
707 2357 869 2412 quam
910 2342 1041 2396 dum
1074 2342 1338 2398 decorare
1370 2354 1629 2416 parentes
1909 2362 2124 2415 Interea
2155 2362 2380 2417 monitis
2417 2366 2646 2419 struitur
2674 2367 2801 2421 dum
2839 2371 2942 2425 tiro
2974 2372 3243 2428 colendus

162 2430 518 2485 Ausonidum
550 2431 724 2485 veteri
753 2447 1079 2502 sponsarum
1113 2449 1268 2488 more
1298 2436 1548 2491 solerent
1905 2448 2008 2504 Pro
2046 2451 2187 2505 votis
2213 2452 2448 2507 dilectus
2472 2454 2628 2509 adest
2658 2454 2956 2525 Tiburtius,
2982 2460 3171 2529 intrat,

164 2518 412 2574 Velleris
439 2519 639 2573 hircini
665 2519 779 2574 haec
803 2520 1077 2575 velamine
1099 2521 1347 2577 membra
1376 2524 1655 2581 domabat.

167 2610 384 2666 Illustri
418 2611 693 2681 desponsa
722 2611 838 2666 viro
872 2628 994 2683 quae
1029 2612 1316 2669 Valeriano

171 2704 417 2775 Urgetur
443 2702 698 2757 thalamis
738 2703 845 2778 legi
877 2721 1070 2773 parere
1089 2706 1301 2780 jugali;

1828 2562 1877 2629 Β
1904 2541 2214 2598 Admiratur
2243 2544 2574 2599 odoriferam
2605 2562 2664 2601 se
2698 2564 2826 2603 nare
2859 2566 3108 2607 rosarum

1906 2633 2226 2705 Percepisse
2248 2652 2458 2703 auram,
2491 2639 2657 2695 viduo
2688 2658 2908 2714 quoque
2933 2644 3161 2700 ﬂoribus
3195 2664 3360 2711 anno,

1908 2726 1967 2780 Et
1991 2726 2105 2794 jam
2137 2743 2194 2781 se
2226 2728 2373 2783 dulci
2404 2742 2672 2787 memorat
2699 2735 2939 2790 novitate
2971 2737 3233 2792 refectum

166 2796 462 2852 Accelerat
490 2797 661 2851 taedas
692 2806 986 2867 superatus
1016 2816 1201 2855 amore
1234 2801 1440 2871 petitor
1904 2815 2261 2887 Prosequitur
2288 2818 2453 2873 frater
2492 2819 2640 2887 ﬁdei,
2692 2822 2932 2895 denique
2972 2826 3205 2881 salutem

172 2886 427 2941 lnvitans
466 2886 616 2940 laatas
649 2886 829 2956 epulis
856 2888 1095 2959 gaudere
1126 2890 1358 2943 choreas
1905 2886 2127 2959 Alterno
2158 2921 2403 2961 reserare
2426 2908 2654 2963 studens
2683 2909 2936 2965 affamine
2966 2912 3167 2980 lucem,

116 3048 120 3050 γ
168 2976 434 3048 Organici
456 2976 726 3046 psallente
755 2978 931 3032 melos
956 2980 1269 3035 acllromate
1294 2980 1444 3049 festi,
1905 2995 2136 3065 supplet
2168 2997 2322 3070 virgo
2347 2998 2567 3066 juvans,
2599 3009 2754 3072 grato
2786 3018 2889 3056 nec
2920 2976 3342 3081 egerejugalem

174 3070 271 3122 Illa
304 3068 423 3121 Deo
448 3068 650 3122 mentis
678 3068 885 3123 cithara
916 3086 1013 3124 sua
1045 3070 1184 3125 festa
1213 3073 1468 3141 canebat,
1906 3084 2173 3139 Permittit
2203 3068 2403 3155 spolio,
2437 3068 2869 3162 vitamﬂvitaaque
2899 3068 3151 3149 tenorem

172 3158 278 3214 Cor
305 3159 576 3212 mundum
606 3165 756 3213 casto
789 3160 955 3215 tribui
980 3162 1083 3215 sibi
1124 3179 1351 3233 corpore
1380 3181 1633 3234 poscens.
1904 3175 2078 3245 Atque
2101 3176 2244 3229 viam
2273 3177 2523 3245 pandens
2551 3180 2802 3249 apprime
2823 3181 3079 3236 informat
3108 3186 3415 3255 alumnum,

177 3248 400 3300 Interea
423 3245 631 3301 crebris
661 3246 857 3301 coelum
893 3248 1249 3322 pingentibus
1286 3253 1447 3307 astris
1904 3263 2287 3334 Uberibusque
2316 3263 2461 3320 fovet
2487 3245 2760 3339 geminos,
2784 3277 2838 3324 et
2861 3270 3001 3327 lacte
3029 3272 3266 3344 Sophim.

172 3339 434 3408 Sponsus
460 3354 582 3393 cum
616 3354 820 3409 sponsa
841 3347 1049 3395 secreta
1080 3342 1283 3396 cubilia
1312 3346 1510 3412 sumit;
1901 3354 1995 3407 Vix
2018 3371 2129 3408 una
2153 3362 2364 3409 tantum
2382 3373 2505 3427 quae
2534 3358 2745 3413 credita
2774 3370 2934 3417 nocte
2967 3366 3183 3431 marita,

172 3431 547 3505 Magnanimis
577 3433 678 3487 sed
707 3433 859 3506 virgo
892 3435 1043 3505 prior
1075 3439 1381 3506 penetralia
1404 3442 1589 3497 cordis
1901 3442 2116 3497 Nubere
2147 3459 2386 3513 namque
2414 3455 2627 3515 putata,
2653 3462 2810 3501 suum
2844 3452 2983 3518 parit
3006 3453 3125 3523 ipsa
3151 3458 3443 3529 maritum;

173 3525 268 3580 Cui
303 3526 515 3598 pandat
544 3526 674 3583 fidei
718 3527 888 3583 fidum
918 3536 1192 3585 scrutatur
1221 3533 1458 3588 amicum
1484 3553 1498 3600 ;
1907 3530 2016 3586 Hoc
2045 3546 2267 3603 quoque
2286 3547 2368 3585 ine
2398 3548 2624 3602 parvum
2655 3536 2913 3591 credatur
2943 3540 3171 3614 pignore
3203 3545 3315 3601 fcta

176 3620 275 3675 Ille
303 3618 476 3675 fidem
503 3620 726 3677 ﬁrmans
758 3624 909 3678 nullo
939 3640 999 3678 se
1026 3641 1279 3695 promere
1306 3637 1465 3698 pacto
1902 3620 2143 3692 Ᾱυεθίυτ
2168 3618 2387 3692 genitus
2414 3636 2512 3691 Pr0
2536 3621 2749 3678 telluris
2768 3638 2896 3679 θοοθ
2922 3642 3230 3698 supernus:

177 3711 378 3765 Abdita
401 3718 652 3779 testatur,
680 3714 798 3769 haec
827 3715 995 3771 corde
1021 3718 1260 3791 tegenda
1286 3717 1458 3787 ﬁdeli,
1903 3716 2165 3791 Giguilur
2191 3733 2321 3791 ergo
2350 3717 2458 3773 fide
2490 3720 2680 3774 matris
2707 3721 2985 3777 Tiburtius
3027 3725 3209 3793 hujus,

172 3804 312 3859 Tum
347 3812 495 3860 casta
518 3806 672 3879 virgo
705 3807 816 3877 poli
849 3808 1023 3863 civem
1054 3810 1332 3880 depromit
1356 3822 1628 3871 amantem

1588 3833 1628 3871 m
1828 3833 1878 3901 Ο
1906 3804 2124 3877 Perque
2148 3807 2512 3863 ministerium
2544 3826 2700 3881 papae
2734 3811 3056 3881 producitur
3086 3816 3270 3883 undis,

177 3896 588 3968 custodemque
617 3897 701 3951 sui
730 3898 900 3954 multo
931 3916 988 3954 se
1018 3901 1217 3958 ardore
1249 3910 1515 3974 tuentem,
1839 3896 1875 3901 ⁷
1903 3899 2073 3955 Filius
2103 3901 2378 3969 ECCIBSIIB,
2413 3902 2643 3958 rationis
2674 3910 2726 3960 et
2756 3904 2927 3960 ubere
2957 3905 3156 3981 gIISCIl.

180 3986 348 4056 Cujus
380 3987 435 4042 in
466 3988 682 4059 impuro
710 3990 970 4060 procedat
1000 4000 1060 4046 ut
1091 3994 1225 4049 ultio
1252 4001 1397 4051 tactu
1902 3994 2019 4049 Jam
2050 4004 2171 4067 post
2202 3997 2285 4053 lac
2314 3998 2519 4070 majore
2558 3999 2684 4055 cibo
2716 4002 3031 4059 nutriuntur
3060 4004 3306 4072 alumni;

180 4074 306 4129 Fert
329 4083 607 4146 quaeratur
629 4092 784 4133 amor
814 4081 1076 4136 tutamine
1097 4081 1444 4152 virginitatis.
1905 4087 2240 4144 Excrescunt
2264 4090 2497 4159 juvenes
2523 4092 2743 4147 culmen
2774 4096 3136 4165 splendentcr
3164 4098 3219 4152 in
3245 4099 3445 4164 altum;

181 4168 274 4223 His
300 4170 554 4240 stupidus
577 4171 817 4239 juvenis,
850 4173 1036 4229 divino
1067 4192 1130 4231 ac
1160 4178 1388 4232 numine
1419 4178 1579 4243 ﬁxus,
1906 4175 2119 4230 Robore
2151 4178 2409 4248 perfectae
2435 4180 2665 4250 jamjam
2689 4184 2908 4239 virtutis
2938 4186 3232 4248 anhelant;

184 4259 432 4316 Pandere
463 4262 764 4318 caelicolam
808 4266 947 4335 petit
987 4266 1128 4322 hanc
1159 4286 1320 4340 quem
1345 4272 1514 4340 jactat
1541 4273 1798 4332 amicum.
1903 4264 2168 4319 Αῑίοηυηῐ
2201 4267 2418 4336 inopes,
2452 4267 2624 4323 fessos
2654 4271 2922 4326 SOIamine
2952 4283 3206 4343 Ροτίαηιὶ

176 4353 275 4408 Illa
305 4355 495 4411 favens
511 4358 749 4428 spondet
780 4360 946 4416 modo
978 4377 1040 4417 se
1064 4362 1210 4418 sinat
1237 4373 1363 4421 ante
1396 4368 1564 4437 piari;

1902 4355 2108 4411 Excisis
2135 4358 2309 4412 solum
2342 4370 2598 4430 superest
2618 4362 2765 4432 quod
2798 4364 3002 4419 dedere
3032 4383 3232 4421 munus

178 4444 273 4499 Ille
303 4463 503 4522 rogans
541 4450 664 4521 quis
692 4450 759 4504 ad
784 4451 839 4505 id
863 4468 987 4507 sese
1020 4456 1290 4512 mundare
1323 4459 1556 4529 valeret,

1904 4447 2193 4518 Exequiale
2222 4460 2416 4519 parant
2446 4453 2646 4508 celebri
2681 4454 2885 4523 pietate
2913 4456 3122 4524 viriles,

176 4536 387 4609 Accipit
417 4541 693 4596 Urbanum
717 4546 1048 4601 veneranda2
1078 4548 1247 4604 heroa
1276 4560 1513 4608 senecta,
1899 4539 2173 4595 Turbidus
2202 4543 2514 4600 Almachius
2540 4546 2723 4602 Romae
2747 4547 3038 4618 praefectus
3066 4553 3272 4609 amicos

180 4625 290 4681 Hoc
311 4637 497 4698 aprum
520 4639 822 4703 sanctoque
854 4632 951 4688 Dei
986 4638 1313 4708 purgamine
1346 4641 1604 4699 doctum;
1899 4633 2302 4704 Omnipotentis
2334 4638 2449 4693 heri
2482 4641 2661 4711 poenis
2687 4643 2970 4698 cruciabat
3009 4646 3259 4713 acerbis;

176 4715 268 4771 Sic
295 4726 445 4774 notat
471 4721 730 4775 monitrix
770 4740 869 4793 per
889 4740 1047 4795 quos,
1081 4727 1175 4781 ubi
1204 4746 1453 4800 quaerere
1486 4742 1791 4792 monstrat:
1901 4723 2035 4779 ΗυῙο
2073 4724 2246 4780 more
2280 4727 2456 4800 τιίὲοῆ
2489 4739 2690 4786 δθηῦῐξὲ
2723 4732 3035 4789 (Ῑυιοθάίηίε
3068 4736 3262 4803 hOSliS,

179 4804 394 4862 Invenit
421 4809 736 4866 accelerans
768 4829 962 4869 cursor
1000 4818 1253 4873 mandata
1283 4821 1501 4878 beatum
1902 4817 2059 4874 Pcstc
2090 4836 2189 4890 per
2216 4823 2519 4897 armigeros
2550 4825 2695 4880 fellis
2728 4828 2823 4881 lita
2855 4829 2962 4883 tela
2992 4829 3232 4885 ferentes

181 4894 523 4966 Pontificem,
556 4900 736 4958 fassus
758 4905 853 4977 qui
879 4907 992 4976 jam
1017 4908 1203 4964 divina
1232 4914 1480 4970 secundo
1905 4909 2134 4964 Denotat
2157 4894 2423 4965 almoru‘m
2452 4912 2640 4967 blandi
2671 4916 2958 4971 solaminis
2982 4924 3157 4973 actus.

179 4983 528 5058 Principibus
567 5007 771 5059 coram,
797 5011 949 5050 sacra
978 4998 1123 5053 inter
1152 4999 1311 5056 busta
1341 5005 1562 5061 latebat.

1899 5001 2054 5056 Tenti
2078 5002 2370 5073 lethiferis,
2405 5004 2561 5059 hoste
2580 5005 2977 5075 instimulante,
3011 5009 3299 5076 ministris,

183 5072 404 5153 Virgine
426 5082 514 5135 cui
538 5100 708 5157 gnara
734 5085 863 5139 dum
886 5087 1089 5143 famina
1112 5090 1279 5147 missa
1304 5092 1573 5165 feruntur,
1899 5096 2268 5164 Tirouesjusti
2295 5098 2510 5153 οθηδοτὶ
2538 5100 2838 5174 adiguntur
2859 5102 3085 5175 iniquo;

189 5174 395 5231 Gaudia
426 5195 622 5251 magna
651 5181 875 5236 trahens
899 5184 1103 5252 animo,
1127 5203 1307 5261 genua
1335 5190 1388 5244 in
1420 5193 1536 5248 sola
1566 5194 1686 5271 ﬁgit
1814 5225 1871 5294 Ι)
1901 5191 2024 5257 Qui,
2058 5191 2273 5246 titulum
2306 5191 2577 5263 objiciens
2612 5193 2833 5249 famosae
2868 5197 3199 5264 nobilitatis,

189 5259 325 5294 Πηηο
356 5265 617 5294 tamam.--
654 5269 940 5294 --...1-_.I-
1019 5288 1249 5294 _.-_--b,,
1306 5293 1314 5294 ,
1416 5279 1429 5294 ι
1504 5281 1515 5292 ο
1542 5282 1554 5294 .
1691 5291 1696 5294 .
1746 5286 1756 5294 .
1913 5284 1924 5294 .
2049 5282 2079 5294 ..
2118 5284 2129 5294 .
2560 5286 2569 5294 .
3008 5288 3018 5294 .
3054 5288 3063 5294 .
3152 5289 3162 5294 -

184 5259 327 5317 Dans
356 5265 619 5337 lacrymas
650 5269 967 5340 gaudendo,
1019 5259 1325 5347 manusque
1364 5279 1432 5332 ad
1472 5259 1656 5338 sidera
1685 5286 1792 5341 tol~
1814 5259 1871 5294 υ
1899 5282 2088 5356 Arguit
2118 5284 2218 5337 bos
2246 5259 2400 5339 vanae
2427 5286 2574 5356 quod
2601 5301 2753 5341 more
2782 5288 3197 5357 superstitionis

1588 5372 1727 5442 [lens
1901 5371 2167 5426 Personas
2191 5389 2290 5427 sua
2321 5374 2631 5445 dilapident
2662 5375 2994 5445 patrimonia
3015 5378 3213 5433 alendo

183 5439 485 5499 Altithrono
515 5461 629 5519 regi
652 5453 943 5518 gratesque
970 5467 1274 5524 precesque
1305 5439 1601 5525 profundit-
1900 5459 2212 5523 lndecores,
2240 5439 2500 5534 lethoque
2524 5439 2673 5518 datis
2694 5479 2792 5534 pro
2810 5464 3039 5519 crimine
3073 5466 3301 5521 honesta

184 5529 257 5582 Ac
285 5532 466 5586 verbis
496 5534 697 5605 aperiri
730 5536 849 5602 ejus
876 5537 1007 5592 hinc
1036 5543 1199 5595 corda
1224 5554 1512 5612 precatur;
1902 5551 2063 5605 Busta
2094 5561 2309 5621 parent,
2344 5571 2453 5625 quo
2486 5572 2543 5610 se
2566 5557 2799 5612 doceant
2830 5557 2915 5611 his
2948 5557 3154 5612 foedere
3180 5574 3367 5615 nexos.

185 5618 424 5693 Votaque
455 5623 583 5677 dum
615 5626 886 5694 promptis
926 5630 1157 5697 supplex
1204 5634 1317 5688 inec
1347 5636 1586 5694 destinat
1616 5642 1797 5703 astris,
1901 5640 1981 5693 llli
2005 5657 2063 5695 se
2094 5640 2332 5698 famulos
2363 5663 2599 5717 quorum
2634 5658 2963 5705 accusantur
2991 5650 3152 5704 amici

186 5705 471 5766 :Ethereus
500 5726 703 5780 supero
733 5712 883 5765 visus
920 5716 1298 5773 moderamine
1338 5724 1516 5779 vultus
1902 5733 2188 5805 Exoptant,
2212 5705 2467 5811 interque
2496 5742 2729 5799 calentis
2756 5744 2968 5815 spicula
2999 5744 3155 5801 luctz‘e
