3970 6200
469 347 574 403 663
1248 343 1611 431 FLODOARDI
1655 343 1956 398 CANONICI
2001 341 2324 398 REMENSIS
2367 344 2663 402 OPUCULA
2703 348 3013 406 METRICA.
3715 362 3814 415 66$

468 472 715 526 Victores
737 471 924 543 lepido
955 471 1156 526 dantur
1184 471 1486 525 certamine
1508 470 1720 526 fratres.
2101 474 2152 542 Α
2181 472 2531 547 Sarcophago
2557 476 2689 548 quin
2713 478 2892 550 pingit
2919 495 3074 535 avem
3103 498 3211 554 qua
3238 485 3451 541 credita
3475 487 3630 552 vita;

466 561 727 635 Cognitor
744 568 796 614 at
821 559 1054 614 rubidus
1071 558 1345 629 mistoque
1367 559 1548 613 furore
1570 559 1897 629 diremptus.
2182 561 2308 616 Post
2335 571 2564 618 mortem
2587 567 2744 634 cujus
2769 568 2947 636 patuit
2977 571 3351 644 paradigmate
3373 574 3589 630 lumen.

466 653 608 706 Luce
641 650 959 722 triumphali
999 659 1343 721 praestantem
1378 649 1724 704 Valerianum
2185 649 2461 705 Ductatrix
2491 661 2612 722 post
2641 653 2941 728 belligeros
2970 658 3036 711 ad
3063 661 3290 729 praemia
3316 663 3516 718 missos

465 745 741 800 Dedecore
759 743 930 819 afﬂigi
965 760 1199 798 censens
1226 744 1319 798 dat
1342 743 1538 798 robore
1559 744 1726 810 caedi;
2186 739 2436 796 Poscitur
2455 743 2521 797 ad
2550 744 2777 813 bellum,
2802 755 3164 822 Optatumque
3180 761 3405 808 vocatur
3428 771 3697 828 agonem.

466 834 675 888 Gaudet
704 839 758 886 at
789 832 902 896 ille,
935 840 1234 902 monetque
1264 846 1365 885 suo
1395 847 1464 885 ne
1495 832 1721 885 vulnere
1757 831 1906 886 cives
2184 835 2321 888 Dum
2353 837 2588 907 cupidus
2617 854 2817 895 censor
2837 839 3062 897 fratrum
3095 845 3425 916 patrimonia
3453 866 3743 920 quaerens,

466 926 825 997 Franguntur,
861 923 976 977 veri
1003 931 1055 977 at
1078 932 1334 976 maneant
1357 923 1557 976 virtute
1587 922 1792 977 viriles.
2186 924 2456 982 Caeciliam
2488 929 2771 998 hocjubet
2801 933 2996 988 arctari
3029 935 3330 992 moliminis
3361 946 3521 1004 astu;

464 1016 705 1070 Verbere
735 1015 1002 1069 deficiens
1033 1015 1214 1068 lanius
1238 1013 1399 1082 jubet
1429 1029 1560 1068 ense
1591 1013 1766 1076 feriri,
2182 1017 2307 1074 11ωο
2337 1019 2428 1074 ubi
2463 1023 2803 1093 pauperibus
2833 1025 3008 1081 divisa
3033 1028 3294 1096 renoscit,
3326 1032 3588 1086 eamdem

468 1107 529 1164 Ni
563 1109 738 1164 libent
762 1109 912 1164 Jovis
933 1115 992 1163 ut
1013 1115 1205 1163 statuae
1241 1116 1508 1162 mactetur
1537 1113 1788 1178 uterque.
2178 1107 2633 1167 Thuriﬁcaturam
2664 1113 2834 1169 veluti
2869 1116 3160 1172 lictoribus
3189 1135 3309 1173 aras

466 1202 730 1255 Maximus
753 1200 1036 1265 intererat,
1062 1199 1154 1270 qui
1181 1198 1579 1252 cornicularius
1600 1207 1721 1251 actu
1747 1215 1761 1262 ;
2186 1199 2438 1271 Praecipit
2464 1203 2531 1256 ad
2562 1204 2780 1260 rabibas
2811 1207 3004 1263 rabido
3043 1210 3343 1266 certamine
3371 1212 3499 1267 duci
3523 1231 3536 1266 :

468 1293 563 1348 llic
593 1293 732 1347 ﬂens
759 1291 1112 1363 prosequitur
1144 1291 1296 1344 laetos
1325 1291 1394 1343 ad
1429 1288 1620 1343 funera
1652 1289 1866 1355 fratres,
2185 1287 2281 1342 Illa
2312 1290 2409 1344 sed
2450 1291 2731 1348 invertens
2755 1295 2946 1350 avidos
2974 1297 3041 1350 ad
3073 1297 3225 1353 lucra
3255 1299 3558 1363 ministros,

466 1385 646 1449 Flens,
679 1383 807 1456 quia
836 1383 1144 1458 gauderent
1173 1389 1499 1452 praesentem
1528 1381 1780 1436 amittere
1810 1381 1975 1436 vitam
2184 1377 2588 1453 Lucrantesque
2610 1382 2849 1448 lucrans,
2882 1393 2937 1440 et
2958 1385 3093 1441 ditia
3123 1386 3314 1443 fenora
3339 1390 3596 1445 condens

465 1472 545 1525 Illi
570 1477 887 1542 proponunt
913 1469 1075 1523 aliam
1103 1483 1432 1538 semperque
1459 1476 1796 1536 manentem,
2183 1470 2443 1527 Ductores
2461 1474 2686 1529 sceleris
2715 1476 2939 1546 pietatis
2965 1477 3021 1532 in
3049 1479 3198 1534 edita
3217 1481 3387 1547 ducit,

467 1563 612 1616 llanc
641 1561 803 1630 hujus
833 1561 1130 1632 perhibent
1163 1562 1459 1632 reprobatu
1500 1561 1936 1633 percipiendam,
2183 1566 2592 1640 Participesque
2620 1570 2729 1626 Deo
2757 1571 2976 1628 Urbano
2997 1583 3247 1629 sacrante
3268 1585 3508 1647 coaptat.

468 1655 529 1708 Ut
558 1655 682 1708 vitae
706 1660 998 1709 renovatur
1026 1653 1140 1707 avis
1170 1653 1489 1707 discrimine
1519 1653 1777 1724 phoenix;
2183 1659 2281 1723 Qui
2314 1659 2455 1714 intra
2479 1669 2635 1732 septa
2665 1663 2860 1718 domus
2889 1664 3079 1721 divino
3110 1665 3260 1722 fonte
3291 1668 3464 1723 beatae

464 1745 699 1817 Surgere
738 1743 807 1798 ad
855 1744 993 1811 meo,
1039 1743 1204 1797 m0d0
1235 1758 1364 1796 Vera
1412 1743 1630 1813 Ρτοδθῐ,
1665 1743 1774 1810 iam
1817 1741 2152 1844 MaXimUSB
2183 1751 2416 1823 Virginis
2445 1754 2757 1810 emundans
2788 1755 3019 1824 animas,
3053 1759 3260 1829 prolem
3288 1761 3403 1815 edit
3432 1762 3688 1833 Opimam

1823 1835 2012 1906 [Optat.
2100 1835 2147 1844 ”
2187 1841 2553 1914 Ecclesizeque
2581 1845 2751 1899 sacris
2779 1846 3084 1916 penetralia
3113 1855 3258 1903 casta
3287 1859 3565 1906 venustat.

465 1946 797 2004 promittunt
827 1945 956 2001 huic
989 1946 1044 2000 in
1077 1946 1310 2002 Domino
1341 1947 1686 2003 ostenlacula
1717 1945 1808 2000 ﬁxi
2186 1934 2281 1989 Hic
2313 1934 2466 1989 festis
2496 1935 2784 1991 celebrans
2814 1939 3073 2010 mysteria
3105 1949 3290 1996 sancta
3322 1942 3550 2010 diebus,

467 2041 706 2111 Corpore
731 2055 839 2110 qua
870 2038 1135 2094 Dominus
1165 2039 1319 2093 dabit
1349 2040 1449 2094 hos
1478 2040 1716 2110 spoliare
1748 2039 1901 2106 hora,

2183 2023 2518 2079 Detrimenta
2547 2025 2714 2092 hosti,
2748 2027 2977 2085 Domino
3009 2030 3100 2101 pia
3132 2032 3282 2087 lucra
3305 2034 3553 2104 parabat.

468 2132 586 2186 Vita
615 2147 854 2202 sequens
885 2146 994 2201 quo
1020 2138 1268 2185 sumatur
1299 2139 1549 2202 spectare
1577 2130 1794 2199 decore,
2185 2112 2418 2202 lfuntius
2447 2115 2712 2170 Almachii
2740 2125 3020 2190 gestorum
3052 2120 3145 2174 ubi
3179 2123 3412 2192 perculit
3441 2139 3633 2193 aures,

463 2223 712 2276 Testetur
736 2236 795 2276 se
824 2219 1118 2276 vanificum
1147 2221 1427 2292 deponere
1459 2221 1684 2276 cultum.

2183 2201 2508 2258 Praesentem
2536 2204 2697 2273 jubet
2720 2205 2812 2260 ille
2842 2207 2957 2261 dari
2999 2216 3208 2264 terrore
3243 2213 3483 2281 puellam

463 2313 676 2368 Juranti
709 2312 968 2367 maudant
997 2313 1234 2383 spatium
1266 2313 1561 2383 impetrare
1593 2313 1727 2382 diei,
2182 2292 2436 2383 βθηδυτίθ
2460 2294 2744 2383 ἷκτοὲίίδηδ
2772 2293 2835 2350 δι
2855 2297 3057 2352 (δειδίοΓ
3088 2298 3213 2364 illa;
3250 2302 3567 2371 rependens

467 2405 542 2458 Ad
564 2404 720 2472 cuius
753 2381 1189 2474 perducti"ipsis
1211 2381 1603 2478 rogitantibus,
1630 2381 1778 2459 mdes
2181 2381 2357 2478 Verba
2374 2382 2570 2478 probat
2595 2384 2882 2455 stolidum,
2905 2402 3098 2441 vanam
3128 2388 3221 2443 dat
3240 2389 3501 2444 culminis
3522 2408 3743 2461 auram,

470 2495 676 2549 Divinis
703 2494 939 2551 formant
969 2495 1193 2551 monitis
1216 2496 1513 2567 ipsumque
1544 2495 1900 2568 domumque.

2185 2475 2372 2547 Arguit
2403 2476 2675 2550 ignarum,
2704 2484 2940 2546 sontem,
2973 2479 3265 2550 probitatis
3295 2489 3349 2536 et
3379 2483 3591 2538 hostem

468 2587 644 2639 Aurea
676 2593 998 2639 nocturnam
1033 2584 1270 2658 pingunt
1299 2584 1429 2639 dum
1459 2585 1642 2638 sidera
1670 2585 1867 2656 pallam
2188 2570 2381 2624 l’andit
2411 2570 2723 2639 confusum,
2757 2573 2918 2629 docet
2946 2576 3132 2630 omnia
3155 2576 3287 2632 falsa
3312 2587 3588 2645 secutum,

470 2677 741 2731 Caeciliam
776 2693 904 2731 ecce
936 2677 1252 2731 sacerdotes
1281 2677 1613 2732 comitantur
1641 2677 1708 2730 ad
1741 2678 1873 2732 istos

2187 2659 2416 2731 Insuper
2441 2667 2680 2716 ostentat
2708 2673 2912 2718 caecum
2941 2663 3168 2736 risuque
3196 2667 3521 2736 petendum.

471 2768 804 2824 Perveniunt
831 2767 1187 2838 prmbentque
1210 2782 1362 2822 novae
1393 2767 1723 2838 baptismata
1741 2769 1902 2840 proli.
2187 2753 2280 2808 "is
2303 2754 2541 2809 immane
2576 2755 2771 2810 ἀοιθηε
2803 2756 3003 2810 adeCi
3025 2757 3235 2812 "iSibus
3266 2759 3417 2813 illam

472 2863 674 2915 Aurora
697 2867 981 2931 retegente
996 2859 1172 2913 solum
1187 2858 1531 2932 fugientibus
1552 2859 1784 2930 umbris,
2191 2847 2359 2918 [nque
2386 2847 2551 2902 ἀοῖηο
2583 2847 2807 2919 Propria
2845 2849 3099 2903 lhermali
3133 2849 3330 2905 ardore
3359 2855 3600 2908 cremari

470 2950 682 3005 Siderei
712 2948 927 3004 duclrix
953 2946 1149 3003 affatur
1179 2955 1355 3002 castra
1389 2947 1584 3015 duelli,
2189 2938 2445 3010 Praecipit
2481 2939 2737 2995 invictam
2770 2940 2909 2996 lucis
2935 2941 3138 2998 virtute
3167 2943 3428 3013 puellam.

471 3039 962 3107 Abjicianthorans
983 3036 1336 3092 tenebrarum
1362 3035 1596 3092 obscura
1612 3037 1805 3093 beatos
2191 3028 2419 3083 1110111839
2449 3028 2622 3084 ῐηυῙίο
2643 3028 2861 3084 Summ?
2890 3030 3086 3086 1'0b0l'e
3119 3030 3301 3087 ῖθΐνοΐ
3315 3050 3329 3100 ὅ

471 3129 718 3194 Tirones,
750 3126 899 3180 rutili
926 3133 979 3181 et
999 3126 1331 3198 capiantpia
1361 3127 1587 3181 luminis
1609 3144 1778 3182 arma.

473 3218 743 3272 Maturant
771 3215 1091 3282 bellatores,
1124 3216 1419 3290 gladioque
1451 3217 1610 3272 recisi

2189 3123 2252 3177 At
2283 3122 2432 3177 nulla
2462 3131 2578 3178 arte
2603 3123 2730 3179 dato
2762 3125 2968 3196 petitur
2998 3125 3090 3197 pia
3121 3126 3274 3202 virgo
3302 3129 3509 3195 calore,

2190 3213 2330 3276 Quin
2352 3211 2674 3270 alacristota
2706 3215 3007 3284 persistens
3037 3221 3195 3270 nocte
3227 3215 3434 3288 dieque

2111 3171 2162 3239 C

475 3306 755 3372 Libantur,
790 3303 1010 3377 fragiles
1033 3305 1213 3360 carnis
1242 3315 1523 3377 ponuntur
1549 3306 1804 3373 amictus,
2191 3308 2448 3363 Flammis
2479 3317 2757 3384 congestae
2789 3309 3026 3366 assiduis
3056 3310 3310 3366 interrita
3340 3310 3520 3380 silva,

473 3398 712 3468 Divaque
744 3404 1024 3469 perpetuae
1055 3397 1351 3469 capiuntur
1381 3399 1604 3470 praemia
1629 3398 1774 3454 vitae.
2192 3397 2301 3452 Ceu
2334 3398 2609 3471 fringente
2642 3398 2762 3455 loco
2793 3399 2944 3454 nullo
2978 3399 3181 3456 sudore
3216 3409 3477 3466 notatur;

543 3488 898 3559 Complentur
914 3487 1374 3558 promissa,videt
1397 3488 1602 3543 donum
1628 3488 1945 3559 exsequiale
2189 3487 2368 3559 thue
2395 3487 2734 3559 triumphum
2763 3495 2916 3544 atrox
2941 3489 3149 3544 clarum
3187 3490 3335 3559 capit
3369 3506 3506 3545 aure
3545 3501 3814 3563 tyrannus

473 3583 738 3638 Maximus
767 3584 1036 3639 aethereos
1061 3584 1200 3639 coelo
1223 3599 1550 3654 properasse
1570 3583 1875 3651 ministros,
2191 3577 2430 3634 Conatur
2470 3587 2657 3654 tegere
2685 3597 2747 3635 ac
2765 3596 2910 3636 saevo
2940 3580 3285 3655 restinguere
3317 3580 3487 3647 ferro,

475 3673 826 3745 Corporeque
855 3690 1105 3748 egressas
1130 3673 1341 3747 gremio
1357 3674 1659 3743 sumpsisse
1691 3673 1925 3743 puellas,
2193 3669 2340 3726 Hanc
2358 3669 2496 3724 inibi
2529 3671 2700 3727 crudo
2732 3672 3000 3727 mandans
3030 3687 3292 3728 mucrone
3319 3673 3488 3728 litari.

474 3764 902 3837 Virgincumque
928 3763 1098 3817 decus
1127 3778 1355 3833 superas
1374 3762 1588 3817 vexisse
1607 3779 1706 3832 per
1734 3779 1924 3829 auras;
2188 3760 2346 3816 Jussa
2378 3762 2506 3817 ferri
2537 3763 2690 3819 dirus
2719 3764 2894 3820 tendit
2915 3765 3193 3836 complere
3223 3764 3474 3832 satelles;

475 3860 602 3921 Quae
634 3857 888 3928 lacrymis
914 3855 1190 3910 enarranti
1219 3871 1319 3926 per
1344 3854 1545 3926 gaudia
1576 3853 1730 3922 fusis,
2190 3852 2427 3927 Virginis
2452 3862 2507 3910 at
2537 3863 2742 3911 tenerae
2771 3856 2964 3929 jugulo
2989 3856 3071 3910 vis
3092 3853 3271 3909 ferrea
3300 3855 3469 3922 cedit,

475 3947 775 4001 Credentes
809 3946 964 4000 multi
988 3959 1191 4016 supero
1221 3961 1280 3998 se
1311 3943 1549 3998 subdere
1583 3945 1694 4015 regi
2189 3942 2292 3999 Ter
2322 3946 2520 4001 librata
2550 3945 2695 4012 neci,
2725 3952 2808 4000 ter
2828 3944 2983 3999 mitia
3011 3944 3152 4000 colla
3170 3942 3427 4017 fatigans,

473 4037 742 4092 Gaudent.
774 4035 1055 4091 Almachio
1083 4034 1341 4089 sublimia
1372 4035 1511 4090 facta
1531 4034 1804 4104 feruntur,
2189 4036 2301 4092 Nec
2327 4044 2492 4108 caput
2520 4054 2551 4092 a
2574 4037 2726 4092 tenui
2758 4037 2971 4092 cervice
2999 4036 3262 4092 revellere
3293 4052 3553 4092 noscens.

479 4129 741 4184 Maximus
771 4135 936 4199 atque
967 4127 1051 4182 sui
1080 4127 1212 4199 quia
1242 4127 1437 4183 Christi
1467 4131 1626 4205 signa
1655 4137 1977 4201 sequantur.
2191 4126 2364 4181 Carne
2395 4125 2569 4180 tribus
2591 4135 2716 4196 post
2741 4125 2896 4198 virgo
2916 4141 3148 4180 manens
3177 4125 3246 4179 ad
3273 4134 3400 4181 vota
3417 4126 3646 4195 diebus,

480 4223 573 4278 Ille
599 4223 828 4293 indigna
857 4221 1120 4288 fremens,
1146 4229 1200 4278 et
1230 4223 1477 4293 pondera
1507 4223 1624 4278 dira
1658 4223 1858 4279 furoris
2190 4214 2399 4271 Pastori
2420 4215 2769 4271 commendat
2798 4230 2950 4284 oves,
2974 4232 3111 4288 quas
3143 4222 3319 4270 mater
3348 4216 3556 4283 alebat,

478 4314 787 4378 Ostentans,
815 4311 1030 4383 plumbi
1065 4310 1192 4367 facit
1223 4312 1370 4368 hunc
1399 4329 1499 4384 per
1525 4312 1756 4368 verbera
1790 4314 1943 4368 tundi
1969 4332 1983 4380 ;
2196 4308 2438 4379 Urbano,
2462 4307 2674 4363 meritis
2700 4307 2900 4363 functa
2921 4307 3015 4378 qui
3046 4305 3240 4361 funera
3261 4322 3466 4361 curans

477 4405 612 4460 Dum
645 4405 781 4460 levis
809 4413 864 4460 et
892 4406 1142 4481 gaudens
1167 4406 1278 4463 exit
1303 4408 1417 4476 jam
1449 4407 1695 4478 pondere
1721 4407 1901 4475 liber;
2193 4401 2496 4473 Exsequiis,
2531 4401 2672 4456 inter
2691 4402 2932 4476 collegas
2952 4403 3092 4456 hanc
3116 4401 3258 4456 locat
3287 4399 3485 4464 almos,

478 4499 646 4562 Quem
679 4512 902 4568 quoque
940 4496 1093 4571 virgo
1141 4496 1346 4551 decens
1377 4496 1655 4568 hujusque
1701 4497 1960 4570 magistra
1991 4517 2091 4586 pa-
2107 4537 2167 4607 D
2191 4494 2459 4566 Castaque
2476 4494 2806 4566 praasulibus
2826 4493 3110 4565 conjungit
3139 4492 3372 4566 pignora
3401 4492 3594 4548 castis.

1807 4588 2018 4660 [laestrae
2055 4582 2058 4586 ’
2107 4582 2166 4607 ν
2189 4589 2291 4654 Qui
2323 4603 2474 4643 sacer
2495 4595 2720 4660 argento
2752 4594 3041 4658 postquam
3072 4585 3185 4639 edit
3215 4591 3418 4640 cuncta
3443 4589 3640 4642 sacrati

475 4679 636 4734 Juxta
665 4678 757 4733 ubi
791 4679 1114 4734 condiderat
1133 4678 1328 4734 fratres
1356 4679 1498 4734 locat
1528 4678 1647 4750 ipsa
1677 4679 1943 4748 sodalem,
2189 4681 2322 4736 Vasa
2353 4679 2669 4748 ministerii,
2700 4677 3010 4750 multosque
3041 4677 3109 4731 ad
3137 4677 3322 4731 sidera
3360 4678 3530 4734 mittit

479 4771 587 4827 Nec
616 4771 747 4826 sinit
767 4772 1000 4844 auspicii
1029 4770 1271 4844 fideique
1293 4772 1462 4827 latere
1484 4771 1788 4844 probamen
2187 4773 2443 4846 Martyrio
2468 4773 2666 4840 claros,
2697 4771 2843 4842 capit
2864 4769 3066 4841 inclyta
3096 4768 3328 4840 prmmia
3359 4785 3611 4826 consors.

1973 4881 2179 4939 CAPUT
2220 4883 2310 4940 Xl.

1317 4981 1394 5040 De
1420 4989 1625 5041 sancto
1655 4982 1953 5044 Pontiano
1976 5001 2137 5062 papa
2167 4994 2220 5044 et
2249 4985 2568 5063 Hippolyto
2593 4981 2949 5060 presbytero.

476 5090 612 5145 Hinc
636 5087 938 5144 Pontianus
949 5089 1074 5158 jura
1098 5087 1320 5159 supplet
1343 5087 1630 5163 regminis,
2194 5091 2516 5162 Hippolytus
2541 5088 2620 5144 illi
2640 5094 2825 5143 mente
2855 5087 2979 5141 diva
2992 5084 3282 5158 jungitur;

476 5186 758 5260 Dignequc
789 5185 988 5240 summi
1015 5183 1160 5240 bella
1189 5193 1427 5241 tractans
1454 5183 1741 5254 principis,
2193 5180 2344 5236 Cives
2373 5179 2598 5249 adoptat
2627 5177 2784 5233 dives
2815 5176 2968 5231 exsul
2999 5175 3235 5231 faenoris

474 5279 552 5334 Ob
585 5279 706 5332 haec
736 5277 925 5334 dolosa
941 5277 1134 5334 fraude
1164 5278 1434 5333 Sardiniae
1469 5278 1659 5344 datur;
2189 5269 2957 5341 Multiplicandibarbarorum
2985 5284 3085 5338 per
3112 5267 3271 5334 fora;

471 5372 588 5437 Quo
620 5367 878 5423 destituta
907 5378 1062 5441 patre
1083 5369 1240 5440 plebs
1269 5369 1628 5441 praedonibus
2191 5362 2281 5417 His
2312 5379 2461 5434 agger
2493 5362 2669 5417 hostis
2695 5360 3003 5416 institorem
3037 5360 3278 5417 fustibus
3322 5380 3330 5390 δ

469 5461 681 5516 Animae
709 5462 940 5527 pateret,
973 5458 1191 5530 perdito
1220 5475 1352 5534 grex
1380 5466 1440 5514 ut
1468 5459 1608 5514 duce
2186 5453 2427 5509 Mactans
2457 5454 2696 5525 Opimam
2725 5452 2871 5508 celsa
2900 5452 3073 5508 mittit
3101 5454 3316 5511 moenia

465 5555 636 5628 Lupis
665 5552 897 5623 patescit
911 5553 1226 5625 abditisque
1257 5553 1490 5608 furibus.
2185 5545 2352 5614 Cujus
2373 5545 2533 5601 beata
2563 5545 2838 5600 Fabianus
2859 5544 3092 5617 pignora

461 5648 525 5702 At
557 5660 627 5700 ne
653 5641 878 5698 relictus
907 5652 1162 5718 pergeret
1190 5645 1408 5709 solatio,
2184 5633 2388 5688 Praesul
2419 5633 2587 5688 relata
2609 5633 2701 5688 dat
2723 5632 2908 5687 Calisti
2942 5633 3086 5687 inter
3105 5633 3198 5704 pia

461 5731 560 5788 Hic
591 5747 759 5800 papa,
785 5732 947 5806 longe
977 5741 1301 5806 segregatus
1325 5733 1562 5797 civibus,
2185 5723 2388 5780 Decore
2408 5724 2570 5779 busta
2589 5724 2805 5780 consito
2821 5723 3126 5779 mausoleo.

463 5819 659 5892 lgnota
689 5817 851 5883 ruris,
882 5823 1217 5891 competenti
1258 5823 1547 5892 presbyter
