  <div class='ocr_page' id='page_1' title='image "/cluster/home/n/w/nwhite01/storage/ocr_20150623/134-135/uva.x000829784/918.png"; bbox 0 0 3970 6200; ppageno 0'>
   <div class='ocr_carea' id='block_1_1' title="bbox 248 258 3578 328">
    <p class='ocr_par' dir='ltr' id='par_1_1' title="bbox 248 258 3578 328">
     <span class='ocr_line' id='line_1_1' title="bbox 248 258 3578 328; baseline 0.005 -17"><span class='ocrx_word' id='word_1_1' title='bbox 248 259 357 314; x_wconf 84' lang='grc'>665</span> <span class='ocrx_word' id='word_1_2' title='bbox 866 258 947 311; x_wconf 87' lang='lat' dir='ltr'><strong>DE</strong></span> <span class='ocrx_word' id='word_1_3' title='bbox 990 258 1244 313; x_wconf 82' lang='lat' dir='ltr'><strong>CHRISTI</strong></span> <span class='ocrx_word' id='word_1_4' title='bbox 1284 258 1640 317; x_wconf 85' lang='lat' dir='ltr'>TRIUMPHIS</span> <span class='ocrx_word' id='word_1_5' title='bbox 1682 263 1850 320; x_wconf 75' lang='lat' dir='ltr'>APUD</span> <span class='ocrx_word' id='word_1_6' title='bbox 1894 266 2157 322; x_wconf 77' lang='lat' dir='ltr'><strong>ITALIAM</strong></span> <span class='ocrx_word' id='word_1_7' title='bbox 2200 267 2370 322; x_wconf 80' lang='lat' dir='ltr'>LIBRI</span> <span class='ocrx_word' id='word_1_8' title='bbox 2412 268 2542 322; x_wconf 79' lang='lat' dir='ltr'><strong>XIV.</strong></span> <span class='ocrx_word' id='word_1_9' title='bbox 2589 299 2647 307; x_wconf 91' lang='lat'><strong>—-</strong></span> <span class='ocrx_word' id='word_1_10' title='bbox 2694 269 2814 324; x_wconf 88' lang='lat' dir='ltr'>LIB.</span> <span class='ocrx_word' id='word_1_11' title='bbox 2863 271 2924 324; x_wconf 90' lang='lat' dir='ltr'>IV</span> <span class='ocrx_word' id='word_1_12' title='bbox 3471 272 3578 328; x_wconf 90' lang='lat'>666</span> 
     </span>
    </p>
   </div>
   <div class='ocr_carea' id='block_1_2' title="bbox 1739 396 2106 455">
    <p class='ocr_par' dir='ltr' id='par_1_2' title="bbox 1739 396 2106 455">
     <span class='ocr_line' id='line_1_2' title="bbox 1739 396 2106 455; baseline 0.011 -6"><span class='ocrx_word' id='word_1_13' title='bbox 1739 396 1949 452; x_wconf 77' lang='lat' dir='ltr'>CAPUT</span> <span class='ocrx_word' id='word_1_14' title='bbox 1993 397 2106 455; x_wconf 84' lang='lat' dir='ltr'><strong>XII.</strong></span> 
     </span>
    </p>
   </div>
   <div class='ocr_carea' id='block_1_3' title="bbox 1111 492 2697 579">
    <p class='ocr_par' dir='ltr' id='par_1_3' title="bbox 1111 492 2697 579">
     <span class='ocr_line' id='line_1_3' title="bbox 1111 492 2697 579; baseline 0.009 -30"><span class='ocrx_word' id='word_1_15' title='bbox 1111 492 1187 549; x_wconf 91' lang='lat' dir='ltr'>De</span> <span class='ocrx_word' id='word_1_16' title='bbox 1215 494 1475 553; x_wconf 74' lang='lat' dir='ltr'>Ant/tero</span> <span class='ocrx_word' id='word_1_17' title='bbox 1503 513 1661 573; x_wconf 85' lang='lat' dir='ltr'>papa</span> <span class='ocrx_word' id='word_1_18' title='bbox 1692 506 1743 556; x_wconf 85' lang='lat' dir='ltr'>et</span> <span class='ocrx_word' id='word_1_19' title='bbox 1788 501 2014 559; x_wconf 76' lang='lat' dir='ltr'>ultione</span> <span class='ocrx_word' id='word_1_20' title='bbox 2045 510 2219 561; x_wconf 52' lang='lat' dir='ltr'>sexta</span> <span class='ocrx_word' id='word_1_21' title='bbox 2243 506 2697 579; x_wconf 74' lang='lat' dir='ltr'>persecutionis.</span> 
     </span>
    </p>
   </div>
   <div class='ocr_carea' id='block_1_4' title="bbox 249 604 3126 689">
    <p class='ocr_par' dir='ltr' id='par_1_4' title="bbox 249 604 3126 689">
     <span class='ocr_line' id='line_1_4' title="bbox 249 604 3126 689; baseline 0.006 -33"><span class='ocrx_word' id='word_1_22' title='bbox 249 605 521 658; x_wconf 78' lang='lat' dir='ltr'>Antheros</span> <span class='ocrx_word' id='word_1_23' title='bbox 550 604 715 672; x_wconf 87' lang='lat' dir='ltr'>hujus</span> <span class='ocrx_word' id='word_1_24' title='bbox 737 604 1036 658; x_wconf 83' lang='lat' dir='ltr'>exsulantis</span> <span class='ocrx_word' id='word_1_25' title='bbox 1059 605 1300 659; x_wconf 89' lang='lat' dir='ltr'>culmina</span> <span class='ocrx_word' id='word_1_26' title='bbox 1895 618 1944 684; x_wconf 77' lang='grc' dir='ltr'><strong>Α</strong></span> <span class='ocrx_word' id='word_1_27' title='bbox 1971 613 2256 669; x_wconf 87' lang='lat' dir='ltr'>Crassatur</span> <span class='ocrx_word' id='word_1_28' title='bbox 2285 615 2462 670; x_wconf 89' lang='lat' dir='ltr'>almos</span> <span class='ocrx_word' id='word_1_29' title='bbox 2493 616 2611 670; x_wconf 88' lang='lat' dir='ltr'>dira</span> <span class='ocrx_word' id='word_1_30' title='bbox 2636 626 2826 671; x_wconf 91' lang='lat' dir='ltr'>contra</span> <span class='ocrx_word' id='word_1_31' title='bbox 2860 619 3126 689; x_wconf 62' lang='lat' dir='ltr'>praesules</span> 
     </span>
    </p>
   </div>
   <div class='ocr_carea' id='block_1_5' title="bbox 249 692 3186 786">
    <p class='ocr_par' dir='ltr' id='par_1_5' title="bbox 249 692 3186 786">
     <span class='ocr_line' id='line_1_5' title="bbox 249 692 3186 786; baseline 0.008 -42"><span class='ocrx_word' id='word_1_32' title='bbox 249 692 498 763; x_wconf 86' lang='lat' dir='ltr'>Capessit</span> <span class='ocrx_word' id='word_1_33' title='bbox 527 693 636 746; x_wconf 89' lang='lat' dir='ltr'>alta</span> <span class='ocrx_word' id='word_1_34' title='bbox 666 708 1009 763; x_wconf 89' lang='lat' dir='ltr'>prosequens</span> <span class='ocrx_word' id='word_1_35' title='bbox 1027 693 1277 766; x_wconf 86' lang='lat' dir='ltr'>vestigia.</span> <span class='ocrx_word' id='word_1_36' title='bbox 1969 704 2297 779; x_wconf 90' lang='lat' dir='ltr'>Clerumque</span> <span class='ocrx_word' id='word_1_37' title='bbox 2329 723 2497 762; x_wconf 65' lang='lat' dir='ltr'>sacra:</span> <span class='ocrx_word' id='word_1_38' title='bbox 2527 709 2673 763; x_wconf 88' lang='lat' dir='ltr'>celsa</span> <span class='ocrx_word' id='word_1_39' title='bbox 2705 710 2884 781; x_wconf 88' lang='lat' dir='ltr'>plebis</span> <span class='ocrx_word' id='word_1_40' title='bbox 2914 712 3186 786; x_wconf 88' lang='lat' dir='ltr'>regmina,</span> 
     </span>
    </p>
   </div>
   <div class='ocr_carea' id='block_1_6' title="bbox 252 783 3168 875">
    <p class='ocr_par' dir='ltr' id='par_1_6' title="bbox 252 783 3168 875">
     <span class='ocr_line' id='line_1_6' title="bbox 252 783 3168 875; baseline 0.008 -39"><span class='ocrx_word' id='word_1_41' title='bbox 252 783 349 837; x_wconf 88' lang='lat' dir='ltr'>llic</span> <span class='ocrx_word' id='word_1_42' title='bbox 378 784 546 856; x_wconf 89' lang='lat' dir='ltr'>digna</span> <span class='ocrx_word' id='word_1_43' title='bbox 574 784 870 875; x_wconf 85' lang='lat' dir='ltr'>diligenter</span> <span class='ocrx_word' id='word_1_44' title='bbox 900 792 1021 839; x_wconf 90' lang='lat' dir='ltr'>acta</span> <span class='ocrx_word' id='word_1_45' title='bbox 1037 792 1333 856; x_wconf 88' lang='lat' dir='ltr'>martyrum</span> <span class='ocrx_word' id='word_1_46' title='bbox 1966 798 2274 869; x_wconf 85' lang='lat' dir='ltr'>Tribusque</span> <span class='ocrx_word' id='word_1_47' title='bbox 2303 799 2360 853; x_wconf 91' lang='lat' dir='ltr'>in</span> <span class='ocrx_word' id='word_1_48' title='bbox 2390 801 2551 855; x_wconf 88' lang='lat' dir='ltr'>annis</span> <span class='ocrx_word' id='word_1_49' title='bbox 2578 800 2690 855; x_wconf 86' lang='lat' dir='ltr'>ﬁne</span> <span class='ocrx_word' id='word_1_50' title='bbox 2709 803 2855 875; x_wconf 87' lang='lat' dir='ltr'>regis</span> <span class='ocrx_word' id='word_1_51' title='bbox 2871 783 3168 860; x_wconf 74' lang='lat' dir='ltr'>clauditur.</span> 
     </span>
    </p>
   </div>
   <div class='ocr_carea' id='block_1_7' title="bbox 250 873 3081 965">
    <p class='ocr_par' dir='ltr' id='par_1_7' title="bbox 250 873 3081 965">
     <span class='ocr_line' id='line_1_7' title="bbox 250 873 3081 965; baseline 0.008 -39"><span class='ocrx_word' id='word_1_52' title='bbox 250 874 427 927; x_wconf 83' lang='lat' dir='ltr'>Causa</span> <span class='ocrx_word' id='word_1_53' title='bbox 445 874 591 928; x_wconf 91' lang='lat' dir='ltr'>beati</span> <span class='ocrx_word' id='word_1_54' title='bbox 624 873 817 928; x_wconf 88' lang='lat' dir='ltr'>mortis</span> <span class='ocrx_word' id='word_1_55' title='bbox 845 875 1002 929; x_wconf 69' lang='lat' dir='ltr'>alma:</span> <span class='ocrx_word' id='word_1_56' title='bbox 1041 875 1278 940; x_wconf 86' lang='lat' dir='ltr'>Maximi,</span> <span class='ocrx_word' id='word_1_57' title='bbox 1968 886 2230 943; x_wconf 76' lang='lat' dir='ltr'>Vindicta</span> <span class='ocrx_word' id='word_1_58' title='bbox 2247 889 2405 957; x_wconf 87' lang='lat' dir='ltr'>cujus</span> <span class='ocrx_word' id='word_1_59' title='bbox 2435 890 2683 961; x_wconf 73' lang='lat' dir='ltr'>turgidos</span> <span class='ocrx_word' id='word_1_60' title='bbox 2714 873 3081 965; x_wconf 51' lang='lat' dir='ltr'>in—principes</span> 
     </span>
    </p>
   </div>
   <div class='ocr_carea' id='block_1_8' title="bbox 250 965 2914 1052">
    <p class='ocr_par' dir='ltr' id='par_1_8' title="bbox 250 965 2914 1052">
     <span class='ocr_line' id='line_1_8' title="bbox 250 965 2914 1052; baseline 0.007 -36"><span class='ocrx_word' id='word_1_61' title='bbox 250 965 349 1029; x_wconf 91' lang='lat' dir='ltr'>Qui</span> <span class='ocrx_word' id='word_1_62' title='bbox 380 980 545 1018; x_wconf 91' lang='lat' dir='ltr'>carne</span> <span class='ocrx_word' id='word_1_63' title='bbox 566 974 769 1035; x_wconf 85' lang='lat' dir='ltr'>martyr</span> <span class='ocrx_word' id='word_1_64' title='bbox 786 982 849 1021; x_wconf 91' lang='lat' dir='ltr'>ac</span> <span class='ocrx_word' id='word_1_65' title='bbox 889 967 1148 1022; x_wconf 90' lang='lat' dir='ltr'>sacerdos</span> <span class='ocrx_word' id='word_1_66' title='bbox 1186 970 1433 1025; x_wconf 86' lang='lat' dir='ltr'>solvitur.</span> <span class='ocrx_word' id='word_1_67' title='bbox 1970 976 2119 1031; x_wconf 88' lang='lat' dir='ltr'>lllata</span> <span class='ocrx_word' id='word_1_68' title='bbox 2136 979 2303 1045; x_wconf 90' lang='lat' dir='ltr'>juste,</span> <span class='ocrx_word' id='word_1_69' title='bbox 2337 995 2437 1033; x_wconf 87' lang='lat' dir='ltr'>ceu</span> <span class='ocrx_word' id='word_1_70' title='bbox 2471 978 2589 1033; x_wconf 85' lang='lat' dir='ltr'>lues</span> <span class='ocrx_word' id='word_1_71' title='bbox 2618 980 2914 1052; x_wconf 55' lang='lat' dir='ltr'>{Egyptios</span> 
     </span>
    </p>
   </div>
   <div class='ocr_carea' id='block_1_9' title="bbox 250 1053 3013 1138">
    <p class='ocr_par' dir='ltr' id='par_1_9' title="bbox 250 1053 3013 1138">
     <span class='ocr_line' id='line_1_9' title="bbox 250 1053 3013 1138; baseline 0.007 -33"><span class='ocrx_word' id='word_1_72' title='bbox 250 1053 409 1106; x_wconf 84' lang='lat' dir='ltr'>Notat</span> <span class='ocrx_word' id='word_1_73' title='bbox 434 1053 723 1123; x_wconf 84' lang='lat' dir='ltr'>requirens</span> <span class='ocrx_word' id='word_1_74' title='bbox 751 1070 814 1108; x_wconf 90' lang='lat' dir='ltr'>ac</span> <span class='ocrx_word' id='word_1_75' title='bbox 846 1056 1095 1111; x_wconf 84' lang='lat' dir='ltr'>recondit</span> <span class='ocrx_word' id='word_1_76' title='bbox 1122 1056 1176 1110; x_wconf 91' lang='lat' dir='ltr'>in</span> <span class='ocrx_word' id='word_1_77' title='bbox 1216 1075 1370 1113; x_wconf 88' lang='lat' dir='ltr'>sacra</span> <span class='ocrx_word' id='word_1_78' title='bbox 1404 1076 1418 1124; x_wconf 91' lang='lat'><strong>;</strong></span> <span class='ocrx_word' id='word_1_79' title='bbox 1966 1064 2205 1138; x_wconf 80' lang='lat' dir='ltr'>Turgore</span> <span class='ocrx_word' id='word_1_80' title='bbox 2227 1066 2362 1119; x_wconf 82' lang='lat' dir='ltr'>sexti</span> <span class='ocrx_word' id='word_1_81' title='bbox 2405 1066 2700 1123; x_wconf 82' lang='lat' dir='ltr'>lancinavit</span> <span class='ocrx_word' id='word_1_82' title='bbox 2744 1070 3013 1124; x_wconf 85' lang='lat' dir='ltr'>verberis.</span> 
     </span>
    </p>
   </div>
   <div class='ocr_carea' id='block_1_10' title="bbox 251 1145 3227 1229">
    <p class='ocr_par' dir='ltr' id='par_1_10' title="bbox 251 1145 3227 1229">
     <span class='ocr_line' id='line_1_10' title="bbox 251 1145 3227 1229; baseline 0.005 -33"><span class='ocrx_word' id='word_1_83' title='bbox 251 1148 489 1207; x_wconf 89' lang='lat' dir='ltr'>Quorum</span> <span class='ocrx_word' id='word_1_84' title='bbox 531 1153 794 1210; x_wconf 88' lang='lat' dir='ltr'>meretur,</span> <span class='ocrx_word' id='word_1_85' title='bbox 828 1145 1120 1201; x_wconf 86' lang='lat' dir='ltr'>Maximino</span> <span class='ocrx_word' id='word_1_86' title='bbox 1145 1148 1394 1220; x_wconf 90' lang='lat' dir='ltr'>principe</span> <span class='ocrx_word' id='word_1_87' title='bbox 1967 1151 2170 1223; x_wconf 85' lang='lat' dir='ltr'>Nempe</span> <span class='ocrx_word' id='word_1_88' title='bbox 2210 1154 2315 1208; x_wconf 90' lang='lat' dir='ltr'>hoc</span> <span class='ocrx_word' id='word_1_89' title='bbox 2345 1165 2633 1223; x_wconf 86' lang='lat' dir='ltr'>perempto</span> <span class='ocrx_word' id='word_1_90' title='bbox 2672 1155 2946 1227; x_wconf 89' lang='lat' dir='ltr'>Puppieni</span> <span class='ocrx_word' id='word_1_91' title='bbox 2978 1158 3227 1229; x_wconf 82' lang='lat' dir='ltr'>cuspide,</span> 
     </span>
    </p>
   </div>
   <div class='ocr_carea' id='block_1_11' title="bbox 252 1238 3189 1314">
    <p class='ocr_par' dir='ltr' id='par_1_11' title="bbox 252 1238 3189 1314">
     <span class='ocr_line' id='line_1_11' title="bbox 252 1238 3189 1314; baseline 0.003 -23"><span class='ocrx_word' id='word_1_92' title='bbox 252 1238 476 1292; x_wconf 88' lang='lat' dir='ltr'>Nostros</span> <span class='ocrx_word' id='word_1_93' title='bbox 505 1246 703 1310; x_wconf 83' lang='lat' dir='ltr'>agente</span> <span class='ocrx_word' id='word_1_94' title='bbox 733 1246 857 1309; x_wconf 90' lang='lat' dir='ltr'>post</span> <span class='ocrx_word' id='word_1_95' title='bbox 887 1241 1153 1295; x_wconf 84' lang='lat' dir='ltr'>Neronem</span> <span class='ocrx_word' id='word_1_96' title='bbox 1182 1242 1422 1297; x_wconf 84' lang='lat' dir='ltr'>turbinis</span> <span class='ocrx_word' id='word_1_97' title='bbox 1966 1240 2096 1295; x_wconf 88' lang='lat' dir='ltr'>Cum</span> <span class='ocrx_word' id='word_1_98' title='bbox 2133 1240 2294 1295; x_wconf 85' lang='lat' dir='ltr'>fratre</span> <span class='ocrx_word' id='word_1_99' title='bbox 2329 1257 2565 1312; x_wconf 83' lang='lat' dir='ltr'>regnans</span> <span class='ocrx_word' id='word_1_100' title='bbox 2593 1258 2766 1297; x_wconf 69' lang='lat' dir='ltr'>caesor</span> <span class='ocrx_word' id='word_1_101' title='bbox 2792 1244 2913 1314; x_wconf 89' lang='lat' dir='ltr'>ipse</span> <span class='ocrx_word' id='word_1_102' title='bbox 2942 1245 3189 1299; x_wconf 66' lang='lat' dir='ltr'>cmditur.</span> 
     </span>
    </p>
   </div>
   <div class='ocr_carea' id='block_1_12' title="bbox 254 1330 3046 1407">
    <p class='ocr_par' dir='ltr' id='par_1_12' title="bbox 254 1330 3046 1407">
     <span class='ocr_line' id='line_1_12' title="bbox 254 1330 3046 1407; baseline 0.003 -24"><span class='ocrx_word' id='word_1_103' title='bbox 254 1330 398 1384; x_wconf 89' lang='lat' dir='ltr'>Sexti</span> <span class='ocrx_word' id='word_1_104' title='bbox 433 1338 638 1383; x_wconf 88' lang='lat' dir='ltr'>retecta</span> <span class='ocrx_word' id='word_1_105' title='bbox 675 1330 817 1403; x_wconf 89' lang='lat' dir='ltr'>lege,</span> <span class='ocrx_word' id='word_1_106' title='bbox 851 1331 1237 1397; x_wconf 89' lang='lat' dir='ltr'>contubernia,</span> <span class='ocrx_word' id='word_1_107' title='bbox 1970 1332 2149 1387; x_wconf 86' lang='lat' dir='ltr'>Nostri</span> <span class='ocrx_word' id='word_1_108' title='bbox 2172 1334 2489 1404; x_wconf 87' lang='lat' dir='ltr'>quotannis</span> <span class='ocrx_word' id='word_1_109' title='bbox 2516 1335 2731 1389; x_wconf 90' lang='lat' dir='ltr'>enecati</span> <span class='ocrx_word' id='word_1_110' title='bbox 2759 1335 3046 1407; x_wconf 83' lang='lat' dir='ltr'>praesules,</span> 
     </span>
    </p>
   </div>
   <div class='ocr_carea' id='block_1_13' title="bbox 251 1424 3130 1503">
    <p class='ocr_par' dir='ltr' id='par_1_13' title="bbox 251 1424 3130 1503">
     <span class='ocr_line' id='line_1_13' title="bbox 251 1424 3130 1503; baseline 0.004 -28"><span class='ocrx_word' id='word_1_111' title='bbox 251 1424 379 1487; x_wconf 60' lang='lat' dir='ltr'>Quae</span> <span class='ocrx_word' id='word_1_112' title='bbox 412 1424 519 1477; x_wconf 90' lang='lat' dir='ltr'>lata</span> <span class='ocrx_word' id='word_1_113' title='bbox 548 1424 857 1479; x_wconf 89' lang='lat' dir='ltr'>decessoris</span> <span class='ocrx_word' id='word_1_114' title='bbox 895 1426 1024 1479; x_wconf 92' lang='lat' dir='ltr'>odio</span> <span class='ocrx_word' id='word_1_115' title='bbox 1058 1426 1303 1493; x_wconf 51' lang='lat' dir='ltr'>Caesaris,</span> <span class='ocrx_word' id='word_1_116' title='bbox 1972 1428 2121 1483; x_wconf 85' lang='lat' dir='ltr'>Datis</span> <span class='ocrx_word' id='word_1_117' title='bbox 2150 1437 2228 1483; x_wconf 90' lang='lat' dir='ltr'>tot</span> <span class='ocrx_word' id='word_1_118' title='bbox 2255 1428 2406 1483; x_wconf 90' lang='lat' dir='ltr'>orbis</span> <span class='ocrx_word' id='word_1_119' title='bbox 2432 1430 2500 1484; x_wconf 90' lang='lat' dir='ltr'>ad</span> <span class='ocrx_word' id='word_1_120' title='bbox 2542 1446 2735 1486; x_wconf 88' lang='lat' dir='ltr'>necem</span> <span class='ocrx_word' id='word_1_121' title='bbox 2767 1432 3130 1503; x_wconf 87' lang='lat' dir='ltr'>primatibus:</span> 
     </span>
    </p>
   </div>
   <div class='ocr_carea' id='block_1_14' title="bbox 252 1514 3159 1595">
    <p class='ocr_par' dir='ltr' id='par_1_14' title="bbox 252 1514 3159 1595">
     <span class='ocr_line' id='line_1_14' title="bbox 252 1514 3159 1595; baseline 0.004 -27"><span class='ocrx_word' id='word_1_122' title='bbox 252 1514 419 1581; x_wconf 90' lang='lat' dir='ltr'>Cujus</span> <span class='ocrx_word' id='word_1_123' title='bbox 446 1514 537 1585; x_wconf 90' lang='lat' dir='ltr'>pio</span> <span class='ocrx_word' id='word_1_124' title='bbox 562 1516 777 1570; x_wconf 87' lang='lat' dir='ltr'>nitebat</span> <span class='ocrx_word' id='word_1_125' title='bbox 804 1517 929 1571; x_wconf 91' lang='lat' dir='ltr'>aula</span> <span class='ocrx_word' id='word_1_126' title='bbox 956 1518 1179 1573; x_wconf 88' lang='lat' dir='ltr'>nomine</span> <span class='ocrx_word' id='word_1_127' title='bbox 1974 1520 2110 1576; x_wconf 77' lang='lat' dir='ltr'>Hinc</span> <span class='ocrx_word' id='word_1_128' title='bbox 2134 1520 2442 1576; x_wconf 85' lang='lat' dir='ltr'>Gordianus</span> <span class='ocrx_word' id='word_1_129' title='bbox 2469 1522 2617 1577; x_wconf 87' lang='lat' dir='ltr'>bella</span> <span class='ocrx_word' id='word_1_130' title='bbox 2645 1531 3159 1595; x_wconf 88' lang='lat' dir='ltr'>spectatprospera.</span> 
     </span>
    </p>
   </div>
   <div class='ocr_carea' id='block_1_15' title="bbox 253 1605 1419 1679">
    <p class='ocr_par' dir='ltr' id='par_1_15' title="bbox 253 1605 1419 1679">
     <span class='ocr_line' id='line_1_15' title="bbox 253 1605 1419 1679; baseline 0.006 -19"><span class='ocrx_word' id='word_1_131' title='bbox 253 1605 485 1660; x_wconf 88' lang='lat' dir='ltr'>Mamma</span> <span class='ocrx_word' id='word_1_132' title='bbox 518 1614 693 1662; x_wconf 87' lang='lat' dir='ltr'>mater</span> <span class='ocrx_word' id='word_1_133' title='bbox 719 1624 883 1679; x_wconf 91' lang='lat' dir='ltr'>quam</span> <span class='ocrx_word' id='word_1_134' title='bbox 910 1608 1134 1664; x_wconf 87' lang='lat' dir='ltr'>fovebat</span> <span class='ocrx_word' id='word_1_135' title='bbox 1174 1619 1419 1677; x_wconf 90' lang='lat' dir='ltr'>strenue,</span> 
     </span>
    </p>
   </div>
   <div class='ocr_carea' id='block_1_16' title="bbox 1724 1683 2126 1741">
    <p class='ocr_par' dir='ltr' id='par_1_16' title="bbox 1724 1683 2126 1741">
     <span class='ocr_line' id='line_1_16' title="bbox 1724 1683 2126 1741; baseline -0.005 -2"><span class='ocrx_word' id='word_1_136' title='bbox 1724 1684 1933 1741; x_wconf 84' lang='lat' dir='ltr'>CAPUT</span> <span class='ocrx_word' id='word_1_137' title='bbox 1982 1683 2126 1739; x_wconf 85' lang='lat' dir='ltr'><strong>XIII.</strong></span> 
     </span>
    </p>
   </div>
   <div class='ocr_carea' id='block_1_17' title="bbox 656 1778 3162 1860">
    <p class='ocr_par' dir='ltr' id='par_1_17' title="bbox 656 1778 3162 1860">
     <span class='ocr_line' id='line_1_17' title="bbox 656 1778 3162 1860; baseline 0.003 -24"><span class='ocrx_word' id='word_1_138' title='bbox 656 1778 735 1836; x_wconf 92' lang='lat' dir='ltr'>De</span> <span class='ocrx_word' id='word_1_139' title='bbox 766 1778 1001 1837; x_wconf 82' lang='lat' dir='ltr'>duobus</span> <span class='ocrx_word' id='word_1_140' title='bbox 1049 1780 1352 1858; x_wconf 74' lang='lat' dir='ltr'>Philippis</span> <span class='ocrx_word' id='word_1_141' title='bbox 1386 1785 1844 1860; x_wconf 62' lang='lat' dir='ltr'>imperatoribus</span> <span class='ocrx_word' id='word_1_142' title='bbox 1886 1794 1940 1845; x_wconf 86' lang='lat' dir='ltr'>et</span> <span class='ocrx_word' id='word_1_143' title='bbox 1982 1786 2197 1844; x_wconf 85' lang='lat' dir='ltr'>Pontio</span> <span class='ocrx_word' id='word_1_144' title='bbox 2229 1792 2491 1859; x_wconf 76' lang='lat' dir='ltr'>martyre</span> <span class='ocrx_word' id='word_1_145' title='bbox 2534 1794 2585 1843; x_wconf 85' lang='lat' dir='ltr'>et</span> <span class='ocrx_word' id='word_1_146' title='bbox 2623 1794 2828 1844; x_wconf 82' lang='lat' dir='ltr'>sancto</span> <span class='ocrx_word' id='word_1_147' title='bbox 2874 1786 3162 1844; x_wconf 84' lang='lat' dir='ltr'>Fabiano.</span> 
     </span>
    </p>
   </div>
   <div class='ocr_carea' id='block_1_18' title="bbox 258 1891 3183 1973">
    <p class='ocr_par' dir='ltr' id='par_1_18' title="bbox 258 1891 3183 1973">
     <span class='ocr_line' id='line_1_18' title="bbox 258 1891 3183 1973; baseline 0.002 -28"><span class='ocrx_word' id='word_1_148' title='bbox 258 1891 489 1964; x_wconf 88' lang='lat' dir='ltr'>Egregia</span> <span class='ocrx_word' id='word_1_149' title='bbox 510 1899 635 1963; x_wconf 90' lang='lat' dir='ltr'>post</span> <span class='ocrx_word' id='word_1_150' title='bbox 658 1892 760 1947; x_wconf 89' lang='lat' dir='ltr'>hos</span> <span class='ocrx_word' id='word_1_151' title='bbox 789 1893 1190 1963; x_wconf 85' lang='lat' dir='ltr'>splendescens</span> <span class='ocrx_word' id='word_1_152' title='bbox 1225 1912 1358 1966; x_wconf 87' lang='lat' dir='ltr'>pace</span> <span class='ocrx_word' id='word_1_153' title='bbox 1393 1897 1698 1968; x_wconf 88' lang='lat' dir='ltr'>Philippus,</span> <span class='ocrx_word' id='word_1_154' title='bbox 1898 1905 1947 1972; x_wconf 83' lang='grc' dir='ltr'><strong>Β</strong></span> <span class='ocrx_word' id='word_1_155' title='bbox 1973 1898 2196 1954; x_wconf 89' lang='lat' dir='ltr'>Instruit</span> <span class='ocrx_word' id='word_1_156' title='bbox 2228 1899 2470 1973; x_wconf 88' lang='lat' dir='ltr'>anguina</span> <span class='ocrx_word' id='word_1_157' title='bbox 2500 1898 2718 1953; x_wconf 89' lang='lat' dir='ltr'>liventis</span> <span class='ocrx_word' id='word_1_158' title='bbox 2744 1898 2937 1953; x_wconf 85' lang='lat' dir='ltr'>fraude</span> <span class='ocrx_word' id='word_1_159' title='bbox 2958 1900 3183 1962; x_wconf 88' lang='lat' dir='ltr'>veneni,</span> 
     </span>
    </p>
   </div>
   <div class='ocr_carea' id='block_1_19' title="bbox 246 1984 3359 2063">
    <p class='ocr_par' dir='ltr' id='par_1_19' title="bbox 246 1984 3359 2063">
     <span class='ocr_line' id='line_1_19' title="bbox 246 1984 3359 2063; baseline 0.004 -28"><span class='ocrx_word' id='word_1_160' title='bbox 246 1984 513 2038; x_wconf 63' lang='lat' dir='ltr'>Praecelso</span> <span class='ocrx_word' id='word_1_161' title='bbox 538 1999 754 2054; x_wconf 57' lang='lat' dir='ltr'>supera}</span> <span class='ocrx_word' id='word_1_162' title='bbox 786 1985 1077 2039; x_wconf 88' lang='lat' dir='ltr'>decoratus</span> <span class='ocrx_word' id='word_1_163' title='bbox 1097 1988 1318 2041; x_wconf 88' lang='lat' dir='ltr'>nomine</span> <span class='ocrx_word' id='word_1_164' title='bbox 1358 1989 1515 2062; x_wconf 87' lang='lat' dir='ltr'>legis.</span> <span class='ocrx_word' id='word_1_165' title='bbox 1968 1992 2196 2049; x_wconf 88' lang='lat' dir='ltr'>Exacuit</span> <span class='ocrx_word' id='word_1_166' title='bbox 2221 1990 2458 2045; x_wconf 90' lang='lat' dir='ltr'>stimulis</span> <span class='ocrx_word' id='word_1_167' title='bbox 2489 1990 2769 2063; x_wconf 79' lang='lat' dir='ltr'>agitatque</span> <span class='ocrx_word' id='word_1_168' title='bbox 2798 1992 2866 2045; x_wconf 89' lang='lat' dir='ltr'>ad</span> <span class='ocrx_word' id='word_1_169' title='bbox 2889 1990 3031 2046; x_wconf 89' lang='lat' dir='ltr'>furta</span> <span class='ocrx_word' id='word_1_170' title='bbox 3063 1990 3359 2047; x_wconf 90' lang='lat' dir='ltr'>furentem.</span> 
     </span>
    </p>
   </div>
   <div class='ocr_carea' id='block_1_20' title="bbox 246 2073 3244 2153">
    <p class='ocr_par' dir='ltr' id='par_1_20' title="bbox 246 2073 3244 2153">
     <span class='ocr_line' id='line_1_20' title="bbox 246 2073 3244 2153; baseline 0.004 -26"><span class='ocrx_word' id='word_1_171' title='bbox 246 2074 575 2143; x_wconf 80' lang='lat' dir='ltr'>l’articipem</span> <span class='ocrx_word' id='word_1_172' title='bbox 609 2073 776 2129; x_wconf 87' lang='lat' dir='ltr'>fastus</span> <span class='ocrx_word' id='word_1_173' title='bbox 799 2076 1046 2149; x_wconf 90' lang='lat' dir='ltr'>genitum</span> <span class='ocrx_word' id='word_1_174' title='bbox 1074 2076 1204 2132; x_wconf 85' lang='lat' dir='ltr'>facit</span> <span class='ocrx_word' id='word_1_175' title='bbox 1234 2095 1355 2134; x_wconf 87' lang='lat' dir='ltr'>esse</span> <span class='ocrx_word' id='word_1_176' title='bbox 1389 2080 1704 2151; x_wconf 86' lang='lat' dir='ltr'>Philippum</span> <span class='ocrx_word' id='word_1_177' title='bbox 1741 2100 1755 2146; x_wconf 88' lang='lat'><strong>;</strong></span> <span class='ocrx_word' id='word_1_178' title='bbox 1958 2084 2051 2139; x_wconf 92' lang='lat' dir='ltr'>llle</span> <span class='ocrx_word' id='word_1_179' title='bbox 2077 2083 2234 2137; x_wconf 91' lang='lat' dir='ltr'>dolos</span> <span class='ocrx_word' id='word_1_180' title='bbox 2261 2083 2489 2137; x_wconf 88' lang='lat' dir='ltr'>volvens</span> <span class='ocrx_word' id='word_1_181' title='bbox 2521 2082 2749 2153; x_wconf 89' lang='lat' dir='ltr'>in0pino</span> <span class='ocrx_word' id='word_1_182' title='bbox 2782 2083 3015 2139; x_wconf 89' lang='lat' dir='ltr'>crimine</span> <span class='ocrx_word' id='word_1_183' title='bbox 3037 2085 3244 2153; x_wconf 90' lang='lat' dir='ltr'>justum</span> 
     </span>
    </p>
   </div>
   <div class='ocr_carea' id='block_1_21' title="bbox 246 2162 3338 2248">
    <p class='ocr_par' dir='ltr' id='par_1_21' title="bbox 246 2162 3338 2248">
     <span class='ocr_line' id='line_1_21' title="bbox 246 2162 3338 2248; baseline 0.005 -33"><span class='ocrx_word' id='word_1_184' title='bbox 246 2162 473 2216; x_wconf 88' lang='lat' dir='ltr'>Pontius</span> <span class='ocrx_word' id='word_1_185' title='bbox 513 2162 612 2217; x_wconf 90' lang='lat' dir='ltr'>hos</span> <span class='ocrx_word' id='word_1_186' title='bbox 643 2170 851 2232; x_wconf 89' lang='lat' dir='ltr'>martyr</span> <span class='ocrx_word' id='word_1_187' title='bbox 875 2164 1064 2219; x_wconf 88' lang='lat' dir='ltr'>divina</span> <span class='ocrx_word' id='word_1_188' title='bbox 1091 2166 1159 2219; x_wconf 89' lang='lat' dir='ltr'>ad</span> <span class='ocrx_word' id='word_1_189' title='bbox 1194 2168 1381 2221; x_wconf 91' lang='lat' dir='ltr'>munia</span> <span class='ocrx_word' id='word_1_190' title='bbox 1412 2168 1612 2222; x_wconf 89' lang='lat' dir='ltr'>Christi</span> <span class='ocrx_word' id='word_1_191' title='bbox 1956 2174 2304 2248; x_wconf 84' lang='lat' dir='ltr'>Aggreditur,</span> <span class='ocrx_word' id='word_1_192' title='bbox 2340 2173 2605 2245; x_wconf 89' lang='lat' dir='ltr'>furvoque</span> <span class='ocrx_word' id='word_1_193' title='bbox 2637 2186 2794 2229; x_wconf 88' lang='lat' dir='ltr'>necat</span> <span class='ocrx_word' id='word_1_194' title='bbox 2824 2176 3107 2230; x_wconf 90' lang='lat' dir='ltr'>molimine</span> <span class='ocrx_word' id='word_1_195' title='bbox 3130 2192 3338 2247; x_wconf 84' lang='lat' dir='ltr'>regem.</span> 
     </span>
    </p>
   </div>
   <div class='ocr_carea' id='block_1_22' title="bbox 243 2254 3412 2334">
    <p class='ocr_par' dir='ltr' id='par_1_22' title="bbox 243 2254 3412 2334">
     <span class='ocr_line' id='line_1_22' title="bbox 243 2254 3412 2334; baseline 0.003 -27"><span class='ocrx_word' id='word_1_196' title='bbox 243 2254 546 2307; x_wconf 90' lang='lat' dir='ltr'>Instituens</span> <span class='ocrx_word' id='word_1_197' title='bbox 564 2254 809 2316; x_wconf 87' lang='lat' dir='ltr'>monitis,</span> <span class='ocrx_word' id='word_1_198' title='bbox 852 2256 1111 2325; x_wconf 89' lang='lat' dir='ltr'>prudenti</span> <span class='ocrx_word' id='word_1_199' title='bbox 1134 2259 1390 2332; x_wconf 90' lang='lat' dir='ltr'>dogmate</span> <span class='ocrx_word' id='word_1_200' title='bbox 1406 2261 1568 2324; x_wconf 87' lang='lat' dir='ltr'>vexit,</span> <span class='ocrx_word' id='word_1_201' title='bbox 1960 2264 2214 2333; x_wconf 87' lang='lat' dir='ltr'>Principe</span> <span class='ocrx_word' id='word_1_202' title='bbox 2246 2262 2519 2317; x_wconf 89' lang='lat' dir='ltr'>subducto</span> <span class='ocrx_word' id='word_1_203' title='bbox 2549 2264 2854 2332; x_wconf 84' lang='lat' dir='ltr'>pervadens</span> <span class='ocrx_word' id='word_1_204' title='bbox 2888 2271 3103 2333; x_wconf 89' lang='lat' dir='ltr'>sceptra</span> <span class='ocrx_word' id='word_1_205' title='bbox 3126 2272 3412 2334; x_wconf 87' lang='lat' dir='ltr'>tyrannus,</span> 
     </span>
    </p>
   </div>
   <div class='ocr_carea' id='block_1_23' title="bbox 244 2336 3210 2422">
    <p class='ocr_par' dir='ltr' id='par_1_23' title="bbox 244 2336 3210 2422">
     <span class='ocr_line' id='line_1_23' title="bbox 244 2336 3210 2422; baseline 0.003 -24"><span class='ocrx_word' id='word_1_206' title='bbox 244 2345 435 2417; x_wconf 81' lang='lat' dir='ltr'>Fulget</span> <span class='ocrx_word' id='word_1_207' title='bbox 461 2336 513 2399; x_wconf 84' lang='lat' dir='ltr'>at</span> <span class='ocrx_word' id='word_1_208' title='bbox 540 2345 625 2399; x_wconf 90' lang='lat' dir='ltr'>his</span> <span class='ocrx_word' id='word_1_209' title='bbox 644 2353 855 2400; x_wconf 90' lang='lat' dir='ltr'>mactus</span> <span class='ocrx_word' id='word_1_210' title='bbox 885 2348 1064 2418; x_wconf 89' lang='lat' dir='ltr'>palma</span> <span class='ocrx_word' id='word_1_211' title='bbox 1096 2350 1198 2404; x_wconf 92' lang='lat' dir='ltr'>sub</span> <span class='ocrx_word' id='word_1_212' title='bbox 1223 2351 1542 2413; x_wconf 83' lang='lat' dir='ltr'>Vatcriano;</span> <span class='ocrx_word' id='word_1_213' title='bbox 1964 2354 2097 2419; x_wconf 63' lang='lat' dir='ltr'>Quae</span> <span class='ocrx_word' id='word_1_214' title='bbox 2130 2368 2229 2406; x_wconf 91' lang='lat' dir='ltr'>sua</span> <span class='ocrx_word' id='word_1_215' title='bbox 2250 2361 2379 2407; x_wconf 89' lang='lat' dir='ltr'>sunt</span> <span class='ocrx_word' id='word_1_216' title='bbox 2409 2352 2530 2407; x_wconf 90' lang='lat' dir='ltr'>diro</span> <span class='ocrx_word' id='word_1_217' title='bbox 2547 2362 2702 2406; x_wconf 88' lang='lat' dir='ltr'>curat</span> <span class='ocrx_word' id='word_1_218' title='bbox 2726 2352 3031 2422; x_wconf 90' lang='lat' dir='ltr'>producere</span> <span class='ocrx_word' id='word_1_219' title='bbox 3065 2354 3210 2415; x_wconf 90' lang='lat' dir='ltr'>nisu,</span> 
     </span>
    </p>
   </div>
   <div class='ocr_carea' id='block_1_24' title="bbox 242 2436 3585 2518">
    <p class='ocr_par' dir='ltr' id='par_1_24' title="bbox 242 2436 3585 2518">
     <span class='ocr_line' id='line_1_24' title="bbox 242 2436 3585 2518; baseline 0.002 -28"><span class='ocrx_word' id='word_1_220' title='bbox 242 2437 547 2491; x_wconf 63' lang='lat' dir='ltr'>zEneadum</span> <span class='ocrx_word' id='word_1_221' title='bbox 581 2436 790 2507; x_wconf 87' lang='lat' dir='ltr'>primus</span> <span class='ocrx_word' id='word_1_222' title='bbox 822 2455 1030 2511; x_wconf 87' lang='lat' dir='ltr'>regum,</span> <span class='ocrx_word' id='word_1_223' title='bbox 1058 2443 1403 2515; x_wconf 84' lang='lat' dir='ltr'>prolemque,</span> <span class='ocrx_word' id='word_1_224' title='bbox 1432 2452 1757 2518; x_wconf 89' lang='lat' dir='ltr'>patremque</span> <span class='ocrx_word' id='word_1_225' title='bbox 1970 2444 2275 2501; x_wconf 87' lang='lat' dir='ltr'>Prosternit</span> <span class='ocrx_word' id='word_1_226' title='bbox 2305 2444 2577 2514; x_wconf 85' lang='lat' dir='ltr'>genitum,</span> <span class='ocrx_word' id='word_1_227' title='bbox 2606 2452 2778 2499; x_wconf 88' lang='lat' dir='ltr'>totum</span> <span class='ocrx_word' id='word_1_228' title='bbox 2828 2454 3011 2499; x_wconf 88' lang='lat' dir='ltr'>movet</span> <span class='ocrx_word' id='word_1_229' title='bbox 3037 2461 3188 2497; x_wconf 89' lang='lat' dir='ltr'>arma</span> <span class='ocrx_word' id='word_1_230' title='bbox 3224 2460 3323 2514; x_wconf 88' lang='lat' dir='ltr'>per</span> <span class='ocrx_word' id='word_1_231' title='bbox 3343 2461 3539 2515; x_wconf 87' lang='lat' dir='ltr'>agmen</span> <span class='ocrx_word' id='word_1_232' title='bbox 3571 2464 3585 2509; x_wconf 91' lang='lat'><strong>;</strong></span> 
     </span>
    </p>
   </div>
   <div class='ocr_carea' id='block_1_25' title="bbox 243 2529 3376 2607">
    <p class='ocr_par' dir='ltr' id='par_1_25' title="bbox 243 2529 3376 2607">
     <span class='ocr_line' id='line_1_25' title="bbox 243 2529 3376 2607; baseline 0.001 -24"><span class='ocrx_word' id='word_1_233' title='bbox 243 2529 514 2584; x_wconf 89' lang='lat' dir='ltr'>Concordi</span> <span class='ocrx_word' id='word_1_234' title='bbox 540 2545 809 2584; x_wconf 88' lang='lat' dir='ltr'>venerans</span> <span class='ocrx_word' id='word_1_235' title='bbox 837 2531 987 2586; x_wconf 88' lang='lat' dir='ltr'>cultu</span> <span class='ocrx_word' id='word_1_236' title='bbox 1019 2549 1143 2587; x_wconf 93' lang='lat' dir='ltr'>cum</span> <span class='ocrx_word' id='word_1_237' title='bbox 1176 2536 1330 2604; x_wconf 89' lang='lat' dir='ltr'>prole</span> <span class='ocrx_word' id='word_1_238' title='bbox 1362 2536 1667 2607; x_wconf 87' lang='lat' dir='ltr'>Philippus,</span> <span class='ocrx_word' id='word_1_239' title='bbox 1968 2534 2109 2589; x_wconf 89' lang='lat' dir='ltr'>lIinc</span> <span class='ocrx_word' id='word_1_240' title='bbox 2138 2533 2345 2601; x_wconf 89' lang='lat' dir='ltr'>majora</span> <span class='ocrx_word' id='word_1_241' title='bbox 2377 2542 2588 2602; x_wconf 89' lang='lat' dir='ltr'>petens,</span> <span class='ocrx_word' id='word_1_242' title='bbox 2620 2532 3175 2587; x_wconf 88' lang='lat' dir='ltr'>Dominisubvertcre</span> <span class='ocrx_word' id='word_1_243' title='bbox 3202 2538 3376 2587; x_wconf 89' lang='lat' dir='ltr'>castra</span> 
     </span>
    </p>
   </div>
   <div class='ocr_carea' id='block_1_26' title="bbox 248 2618 3518 2697">
    <p class='ocr_par' dir='ltr' id='par_1_26' title="bbox 248 2618 3518 2697">
     <span class='ocr_line' id='line_1_26' title="bbox 248 2618 3518 2697; baseline 0.001 -26"><span class='ocrx_word' id='word_1_244' title='bbox 248 2618 457 2689; x_wconf 81' lang='lat' dir='ltr'>Inclyta</span> <span class='ocrx_word' id='word_1_245' title='bbox 488 2627 702 2688; x_wconf 90' lang='lat' dir='ltr'>sceptra</span> <span class='ocrx_word' id='word_1_246' title='bbox 732 2619 1128 2692; x_wconf 88' lang='lat' dir='ltr'>regitconsorti</span> <span class='ocrx_word' id='word_1_247' title='bbox 1164 2623 1374 2697; x_wconf 88' lang='lat' dir='ltr'>fulgida</span> <span class='ocrx_word' id='word_1_248' title='bbox 1403 2626 1576 2682; x_wconf 90' lang='lat' dir='ltr'>cultu.</span> <span class='ocrx_word' id='word_1_249' title='bbox 1966 2626 2204 2691; x_wconf 86' lang='lat' dir='ltr'>Nititur;</span> <span class='ocrx_word' id='word_1_250' title='bbox 2238 2625 2385 2679; x_wconf 87' lang='lat' dir='ltr'>haud</span> <span class='ocrx_word' id='word_1_251' title='bbox 2427 2640 2581 2679; x_wconf 91' lang='lat' dir='ltr'>mora</span> <span class='ocrx_word' id='word_1_252' title='bbox 2607 2624 2889 2679; x_wconf 88' lang='lat' dir='ltr'>ductorem</span> <span class='ocrx_word' id='word_1_253' title='bbox 2925 2624 3322 2679; x_wconf 87' lang='lat' dir='ltr'>moderaminis</span> <span class='ocrx_word' id='word_1_254' title='bbox 3355 2624 3518 2692; x_wconf 83' lang='lat' dir='ltr'>hujus</span> 
     </span>
    </p>
   </div>
   <div class='ocr_carea' id='block_1_27' title="bbox 243 2708 3345 2792">
    <p class='ocr_par' dir='ltr' id='par_1_27' title="bbox 243 2708 3345 2792">
     <span class='ocr_line' id='line_1_27' title="bbox 243 2708 3345 2792; baseline 0.003 -31"><span class='ocrx_word' id='word_1_255' title='bbox 243 2708 508 2762; x_wconf 90' lang='lat' dir='ltr'>Fascibus</span> <span class='ocrx_word' id='word_1_256' title='bbox 539 2708 628 2762; x_wconf 91' lang='lat' dir='ltr'>hic</span> <span class='ocrx_word' id='word_1_257' title='bbox 652 2709 814 2775; x_wconf 89' lang='lat' dir='ltr'>altus,</span> <span class='ocrx_word' id='word_1_258' title='bbox 844 2709 1041 2766; x_wconf 89' lang='lat' dir='ltr'>Christi</span> <span class='ocrx_word' id='word_1_259' title='bbox 1071 2713 1139 2766; x_wconf 91' lang='lat' dir='ltr'>ad</span> <span class='ocrx_word' id='word_1_260' title='bbox 1170 2716 1431 2783; x_wconf 82' lang='lat' dir='ltr'>mysteria</span> <span class='ocrx_word' id='word_1_261' title='bbox 1460 2731 1681 2778; x_wconf 89' lang='lat' dir='ltr'>curvus,</span> <span class='ocrx_word' id='word_1_262' title='bbox 1976 2719 2218 2791; x_wconf 90' lang='lat' dir='ltr'>Impetit,</span> <span class='ocrx_word' id='word_1_263' title='bbox 2251 2727 2416 2790; x_wconf 90' lang='lat' dir='ltr'>atque</span> <span class='ocrx_word' id='word_1_264' title='bbox 2447 2718 2574 2773; x_wconf 89' lang='lat' dir='ltr'>data</span> <span class='ocrx_word' id='word_1_265' title='bbox 2606 2718 2906 2773; x_wconf 88' lang='lat' dir='ltr'>Fabianum</span> <span class='ocrx_word' id='word_1_266' title='bbox 2933 2718 3055 2792; x_wconf 86' lang='lat' dir='ltr'>lege</span> <span class='ocrx_word' id='word_1_267' title='bbox 3089 2718 3345 2773; x_wconf 90' lang='lat' dir='ltr'>trucidat.</span> 
     </span>
    </p>
   </div>
   <div class='ocr_carea' id='block_1_28' title="bbox 250 2798 3374 2882">
    <p class='ocr_par' dir='ltr' id='par_1_28' title="bbox 250 2798 3374 2882">
     <span class='ocr_line' id='line_1_28' title="bbox 250 2798 3374 2882; baseline 0.002 -30"><span class='ocrx_word' id='word_1_268' title='bbox 250 2799 384 2852; x_wconf 92' lang='lat' dir='ltr'>Dum</span> <span class='ocrx_word' id='word_1_269' title='bbox 416 2798 632 2853; x_wconf 68' lang='lat' dir='ltr'>Pascha:</span> <span class='ocrx_word' id='word_1_270' title='bbox 650 2800 902 2853; x_wconf 89' lang='lat' dir='ltr'>excubiis</span> <span class='ocrx_word' id='word_1_271' title='bbox 929 2800 1058 2855; x_wconf 87' lang='lat' dir='ltr'>ferri</span> <span class='ocrx_word' id='word_1_272' title='bbox 1091 2802 1198 2857; x_wconf 91' lang='lat' dir='ltr'>sibi</span> <span class='ocrx_word' id='word_1_273' title='bbox 1230 2821 1382 2859; x_wconf 91' lang='lat' dir='ltr'>sacra</span> <span class='ocrx_word' id='word_1_274' title='bbox 1415 2816 1653 2881; x_wconf 88' lang='lat' dir='ltr'>rogaret,</span> <span class='ocrx_word' id='word_1_275' title='bbox 1974 2809 2222 2864; x_wconf 90' lang='lat' dir='ltr'>Crudelis</span> <span class='ocrx_word' id='word_1_276' title='bbox 2251 2809 2466 2879; x_wconf 64' lang='lat' dir='ltr'>Scythae</span> <span class='ocrx_word' id='word_1_277' title='bbox 2500 2806 2624 2862; x_wconf 87' lang='lat' dir='ltr'>velli</span> <span class='ocrx_word' id='word_1_278' title='bbox 2658 2807 2880 2882; x_wconf 86' lang='lat' dir='ltr'>agmina</span> <span class='ocrx_word' id='word_1_279' title='bbox 2908 2818 3099 2862; x_wconf 88' lang='lat' dir='ltr'>sancta</span> <span class='ocrx_word' id='word_1_280' title='bbox 3123 2806 3374 2875; x_wconf 85' lang='lat' dir='ltr'>jubentis</span> 
     </span>
    </p>
   </div>
   <div class='ocr_carea' id='block_1_29' title="bbox 247 2889 3504 2969">
    <p class='ocr_par' dir='ltr' id='par_1_29' title="bbox 247 2889 3504 2969">
     <span class='ocr_line' id='line_1_29' title="bbox 247 2889 3504 2969; baseline 0.003 -28"><span class='ocrx_word' id='word_1_281' title='bbox 247 2889 571 2943; x_wconf 87' lang='lat' dir='ltr'>Luctisonos</span> <span class='ocrx_word' id='word_1_282' title='bbox 601 2889 743 2943; x_wconf 89' lang='lat' dir='ltr'>inter</span> <span class='ocrx_word' id='word_1_283' title='bbox 772 2899 915 2946; x_wconf 91' lang='lat' dir='ltr'>stare</span> <span class='ocrx_word' id='word_1_284' title='bbox 946 2900 999 2947; x_wconf 92' lang='lat' dir='ltr'>et</span> <span class='ocrx_word' id='word_1_285' title='bbox 1030 2909 1130 2947; x_wconf 91' lang='lat' dir='ltr'>sua</span> <span class='ocrx_word' id='word_1_286' title='bbox 1161 2894 1395 2949; x_wconf 91' lang='lat' dir='ltr'>crimina</span> <span class='ocrx_word' id='word_1_287' title='bbox 1429 2896 1629 2952; x_wconf 81' lang='lat' dir='ltr'>flentes</span> <span class='ocrx_word' id='word_1_288' title='bbox 1970 2900 2293 2969; x_wconf 89' lang='lat' dir='ltr'>Sumpserat</span> <span class='ocrx_word' id='word_1_289' title='bbox 2324 2898 2415 2952; x_wconf 92' lang='lat' dir='ltr'>hic</span> <span class='ocrx_word' id='word_1_290' title='bbox 2441 2897 2645 2952; x_wconf 87' lang='lat' dir='ltr'>celebri</span> <span class='ocrx_word' id='word_1_291' title='bbox 2678 2896 2881 2967; x_wconf 67' lang='lat' dir='ltr'>przesul</span> <span class='ocrx_word' id='word_1_292' title='bbox 2914 2896 3294 2951; x_wconf 88' lang='lat' dir='ltr'>moderamina</span> <span class='ocrx_word' id='word_1_293' title='bbox 3323 2902 3457 2950; x_wconf 92' lang='lat' dir='ltr'>nutu</span> <span class='ocrx_word' id='word_1_294' title='bbox 3490 2912 3504 2959; x_wconf 92' lang='lat'><strong>;</strong></span> 
     </span>
    </p>
   </div>
   <div class='ocr_carea' id='block_1_30' title="bbox 248 2980 3361 3063">
    <p class='ocr_par' dir='ltr' id='par_1_30' title="bbox 248 2980 3361 3063">
     <span class='ocr_line' id='line_1_30' title="bbox 248 2980 3361 3063; baseline 0.003 -30"><span class='ocrx_word' id='word_1_295' title='bbox 248 2980 591 3050; x_wconf 71' lang='lat' dir='ltr'>Praecipitur,</span> <span class='ocrx_word' id='word_1_296' title='bbox 618 2981 832 3052; x_wconf 88' lang='lat' dir='ltr'>farique</span> <span class='ocrx_word' id='word_1_297' title='bbox 863 2990 917 3038; x_wconf 90' lang='lat' dir='ltr'>et</span> <span class='ocrx_word' id='word_1_298' title='bbox 948 2985 1169 3056; x_wconf 84' lang='lat' dir='ltr'>prOpria</span> <span class='ocrx_word' id='word_1_299' title='bbox 1196 2986 1329 3041; x_wconf 88' lang='lat' dir='ltr'>ﬂere</span> <span class='ocrx_word' id='word_1_300' title='bbox 1350 2988 1548 3058; x_wconf 91' lang='lat' dir='ltr'>piacla.</span> <span class='ocrx_word' id='word_1_301' title='bbox 1971 2989 2161 3045; x_wconf 84' lang='lat' dir='ltr'>Fertur</span> <span class='ocrx_word' id='word_1_302' title='bbox 2186 2990 2334 3044; x_wconf 90' lang='lat' dir='ltr'>enim</span> <span class='ocrx_word' id='word_1_303' title='bbox 2358 2990 2640 3063; x_wconf 91' lang='lat' dir='ltr'>digressus</span> <span class='ocrx_word' id='word_1_304' title='bbox 2669 3006 2822 3063; x_wconf 88' lang='lat' dir='ltr'>agro,</span> <span class='ocrx_word' id='word_1_305' title='bbox 2855 2988 3147 3044; x_wconf 87' lang='lat' dir='ltr'>comitatus</span> <span class='ocrx_word' id='word_1_306' title='bbox 3168 2988 3361 3043; x_wconf 90' lang='lat' dir='ltr'>amicis</span> 
     </span>
    </p>
   </div>
   <div class='ocr_carea' id='block_1_31' title="bbox 248 3073 3416 3149">
    <p class='ocr_par' dir='ltr' id='par_1_31' title="bbox 248 3073 3416 3149">
     <span class='ocr_line' id='line_1_31' title="bbox 248 3073 3416 3149; baseline 0.002 -24"><span class='ocrx_word' id='word_1_307' title='bbox 248 3073 344 3127; x_wconf 89' lang='lat' dir='ltr'>Ille</span> <span class='ocrx_word' id='word_1_308' title='bbox 366 3073 669 3129; x_wconf 89' lang='lat' dir='ltr'>sacerdotis</span> <span class='ocrx_word' id='word_1_309' title='bbox 689 3084 815 3130; x_wconf 92' lang='lat' dir='ltr'>voto</span> <span class='ocrx_word' id='word_1_310' title='bbox 846 3077 1101 3131; x_wconf 87' lang='lat' dir='ltr'>mandata</span> <span class='ocrx_word' id='word_1_311' title='bbox 1132 3094 1448 3149; x_wconf 86' lang='lat' dir='ltr'>capessens,</span> <span class='ocrx_word' id='word_1_312' title='bbox 1974 3077 2229 3132; x_wconf 75' lang='lat' dir='ltr'>Ecclesiae</span> <span class='ocrx_word' id='word_1_313' title='bbox 2256 3084 2578 3147; x_wconf 87' lang='lat' dir='ltr'>penetrasse</span> <span class='ocrx_word' id='word_1_314' title='bbox 2607 3077 2855 3144; x_wconf 90' lang='lat' dir='ltr'>domum,</span> <span class='ocrx_word' id='word_1_315' title='bbox 2874 3093 2984 3149; x_wconf 91' lang='lat' dir='ltr'>qua</span> <span class='ocrx_word' id='word_1_316' title='bbox 3011 3076 3205 3132; x_wconf 90' lang='lat' dir='ltr'>concio</span> <span class='ocrx_word' id='word_1_317' title='bbox 3238 3076 3416 3147; x_wconf 88' lang='lat' dir='ltr'>plebis</span> 
     </span>
    </p>
   </div>
   <div class='ocr_carea' id='block_1_32' title="bbox 249 3165 3348 3239">
    <p class='ocr_par' dir='ltr' id='par_1_32' title="bbox 249 3165 3348 3239">
     <span class='ocr_line' id='line_1_32' title="bbox 249 3165 3348 3239; baseline 0.002 -20"><span class='ocrx_word' id='word_1_318' title='bbox 249 3166 475 3220; x_wconf 85' lang='lat' dir='ltr'>Pectore</span> <span class='ocrx_word' id='word_1_319' title='bbox 491 3172 597 3221; x_wconf 88' lang='lat' dir='ltr'>stat</span> <span class='ocrx_word' id='word_1_320' title='bbox 623 3184 817 3237; x_wconf 89' lang='lat' dir='ltr'>prono,</span> <span class='ocrx_word' id='word_1_321' title='bbox 842 3169 1344 3239; x_wconf 88' lang='lat' dir='ltr'>dispellitculmina</span> <span class='ocrx_word' id='word_1_322' title='bbox 1374 3180 1578 3228; x_wconf 83' lang='lat' dir='ltr'>mente.</span> <span class='ocrx_word' id='word_1_323' title='bbox 1903 3229 1939 3239; x_wconf 43' lang='grc' dir='ltr'><strong>Α</strong></span> <span class='ocrx_word' id='word_1_324' title='bbox 1974 3165 2033 3220; x_wconf 83' lang='lat' dir='ltr'><strong>In</strong></span> <span class='ocrx_word' id='word_1_325' title='bbox 2064 3165 2281 3220; x_wconf 83' lang='lat' dir='ltr'>diversa</span> <span class='ocrx_word' id='word_1_326' title='bbox 2307 3165 2536 3219; x_wconf 83' lang='lat' dir='ltr'>studens</span> <span class='ocrx_word' id='word_1_327' title='bbox 2564 3165 2829 3230; x_wconf 81' lang='lat' dir='ltr'>certabat,</span> <span class='ocrx_word' id='word_1_328' title='bbox 2864 3174 2918 3219; x_wconf 85' lang='lat' dir='ltr'>et</span> <span class='ocrx_word' id='word_1_329' title='bbox 2946 3166 3099 3235; x_wconf 76' lang='lat' dir='ltr'>optio</span> <span class='ocrx_word' id='word_1_330' title='bbox 3131 3165 3302 3237; x_wconf 83' lang='lat' dir='ltr'>patris</span> <span class='ocrx_word' id='word_1_331' title='bbox 3335 3182 3348 3230; x_wconf 89' lang='lat'><strong>;</strong></span> 
     </span>
    </p>
   </div>
   <div class='ocr_carea' id='block_1_33' title="bbox 249 3229 3246 3335">
    <p class='ocr_par' dir='ltr' id='par_1_33' title="bbox 249 3229 3246 3335">
     <span class='ocr_line' id='line_1_33' title="bbox 249 3229 3246 3335; baseline 0.002 -28"><span class='ocrx_word' id='word_1_332' title='bbox 249 3254 479 3309; x_wconf 85' lang='lat' dir='ltr'>Maxima</span> <span class='ocrx_word' id='word_1_333' title='bbox 507 3229 749 3327; x_wconf 77' lang='lat' dir='ltr'>supremi</span> <span class='ocrx_word' id='word_1_334' title='bbox 782 3229 975 3314; x_wconf 82' lang='lat' dir='ltr'>recolit</span> <span class='ocrx_word' id='word_1_335' title='bbox 1003 3261 1130 3314; x_wconf 92' lang='lat' dir='ltr'>dum</span> <span class='ocrx_word' id='word_1_336' title='bbox 1163 3262 1406 3317; x_wconf 91' lang='lat' dir='ltr'>culmina</span> <span class='ocrx_word' id='word_1_337' title='bbox 1433 3262 1611 3335; x_wconf 87' lang='lat' dir='ltr'>regni.</span> <span class='ocrx_word' id='word_1_338' title='bbox 1892 3229 1942 3297; x_wconf 66' lang='grc' dir='ltr'><strong>Ο</strong></span> <span class='ocrx_word' id='word_1_339' title='bbox 1974 3258 2156 3313; x_wconf 86' lang='lat' dir='ltr'>Astitit</span> <span class='ocrx_word' id='word_1_340' title='bbox 2182 3258 2272 3312; x_wconf 92' lang='lat' dir='ltr'>ille</span> <span class='ocrx_word' id='word_1_341' title='bbox 2304 3258 2441 3312; x_wconf 91' lang='lat' dir='ltr'>nihil</span> <span class='ocrx_word' id='word_1_342' title='bbox 2463 3258 2769 3313; x_wconf 66' lang='lat' dir='ltr'>subeundae</span> <span class='ocrx_word' id='word_1_343' title='bbox 2800 3259 3056 3313; x_wconf 89' lang='lat' dir='ltr'>conscius</span> <span class='ocrx_word' id='word_1_344' title='bbox 3084 3259 3246 3324; x_wconf 88' lang='lat' dir='ltr'>arcis,</span> 
     </span>
    </p>
   </div>
   <div class='ocr_carea' id='block_1_34' title="bbox 249 3342 3302 3419">
    <p class='ocr_par' dir='ltr' id='par_1_34' title="bbox 249 3342 3302 3419">
     <span class='ocr_line' id='line_1_34' title="bbox 249 3342 3302 3419; baseline 0.002 -25"><span class='ocrx_word' id='word_1_345' title='bbox 249 3342 520 3415; x_wconf 81' lang='lat' dir='ltr'>Lugubris</span> <span class='ocrx_word' id='word_1_346' title='bbox 543 3352 596 3398; x_wconf 90' lang='lat' dir='ltr'>at</span> <span class='ocrx_word' id='word_1_347' title='bbox 628 3346 847 3401; x_wconf 90' lang='lat' dir='ltr'>tandem</span> <span class='ocrx_word' id='word_1_348' title='bbox 878 3355 1199 3419; x_wconf 88' lang='lat' dir='ltr'>patrataque</span> <span class='ocrx_word' id='word_1_349' title='bbox 1222 3350 1456 3404; x_wconf 89' lang='lat' dir='ltr'>crimina</span> <span class='ocrx_word' id='word_1_350' title='bbox 1487 3350 1663 3405; x_wconf 88' lang='lat' dir='ltr'>fassus</span> <span class='ocrx_word' id='word_1_351' title='bbox 1970 3351 2035 3405; x_wconf 80' lang='lat' dir='ltr'>At</span> <span class='ocrx_word' id='word_1_352' title='bbox 2062 3365 2332 3403; x_wconf 90' lang='lat' dir='ltr'>summam</span> <span class='ocrx_word' id='word_1_353' title='bbox 2365 3357 2531 3403; x_wconf 63' lang='lat' dir='ltr'>tantae</span> <span class='ocrx_word' id='word_1_354' title='bbox 2562 3348 2779 3404; x_wconf 89' lang='lat' dir='ltr'>visurus</span> <span class='ocrx_word' id='word_1_355' title='bbox 2800 3350 2866 3403; x_wconf 91' lang='lat' dir='ltr'>ad</span> <span class='ocrx_word' id='word_1_356' title='bbox 2896 3350 3100 3404; x_wconf 84' lang='lat' dir='ltr'>extima</span> <span class='ocrx_word' id='word_1_357' title='bbox 3134 3364 3302 3404; x_wconf 65' lang='lat' dir='ltr'>curm.</span> 
     </span>
    </p>
   </div>
   <div class='ocr_carea' id='block_1_35' title="bbox 253 3434 3396 3515">
    <p class='ocr_par' dir='ltr' id='par_1_35' title="bbox 253 3434 3396 3515">
     <span class='ocr_line' id='line_1_35' title="bbox 253 3434 3396 3515; baseline 0.003 -33"><span class='ocrx_word' id='word_1_358' title='bbox 253 3434 511 3503; x_wconf 82' lang='lat' dir='ltr'>Implorat</span> <span class='ocrx_word' id='word_1_359' title='bbox 541 3437 773 3508; x_wconf 77' lang='lat' dir='ltr'>supplex</span> <span class='ocrx_word' id='word_1_360' title='bbox 794 3441 993 3494; x_wconf 83' lang='lat' dir='ltr'>summi</span> <span class='ocrx_word' id='word_1_361' title='bbox 1018 3458 1109 3495; x_wconf 72' lang='lat' dir='ltr'>rex</span> <span class='ocrx_word' id='word_1_362' title='bbox 1130 3442 1357 3495; x_wconf 74' lang='lat' dir='ltr'>numina</span> <span class='ocrx_word' id='word_1_363' title='bbox 1384 3442 1551 3515; x_wconf 70' lang='lat' dir='ltr'>regis,</span> <span class='ocrx_word' id='word_1_364' title='bbox 1974 3434 2070 3490; x_wconf 86' lang='lat' dir='ltr'>llic</span> <span class='ocrx_word' id='word_1_365' title='bbox 2101 3435 2313 3490; x_wconf 93' lang='lat' dir='ltr'>discors</span> <span class='ocrx_word' id='word_1_366' title='bbox 2343 3435 2561 3490; x_wconf 89' lang='lat' dir='ltr'>diversa</span> <span class='ocrx_word' id='word_1_367' title='bbox 2583 3445 2771 3505; x_wconf 89' lang='lat' dir='ltr'>crepat</span> <span class='ocrx_word' id='word_1_368' title='bbox 2800 3436 2931 3490; x_wconf 91' lang='lat' dir='ltr'>dum</span> <span class='ocrx_word' id='word_1_369' title='bbox 2964 3435 3171 3492; x_wconf 88' lang='lat' dir='ltr'>famina</span> <span class='ocrx_word' id='word_1_370' title='bbox 3199 3444 3396 3504; x_wconf 82' lang='lat' dir='ltr'>coetus,</span> 
     </span>
    </p>
   </div>
   <div class='ocr_carea' id='block_1_36' title="bbox 253 3521 3256 3601">
    <p class='ocr_par' dir='ltr' id='par_1_36' title="bbox 253 3521 3256 3601">
     <span class='ocr_line' id='line_1_36' title="bbox 253 3521 3256 3601; baseline 0.003 -27"><span class='ocrx_word' id='word_1_371' title='bbox 253 3521 618 3595; x_wconf 86' lang='lat' dir='ltr'>Divinumque</span> <span class='ocrx_word' id='word_1_372' title='bbox 649 3542 869 3580; x_wconf 89' lang='lat' dir='ltr'>manere</span> <span class='ocrx_word' id='word_1_373' title='bbox 894 3528 985 3597; x_wconf 93' lang='lat' dir='ltr'>pio</span> <span class='ocrx_word' id='word_1_374' title='bbox 1012 3529 1119 3583; x_wconf 90' lang='lat' dir='ltr'>sibi</span> <span class='ocrx_word' id='word_1_375' title='bbox 1146 3531 1313 3585; x_wconf 91' lang='lat' dir='ltr'>corde</span> <span class='ocrx_word' id='word_1_376' title='bbox 1346 3531 1599 3587; x_wconf 92' lang='lat' dir='ltr'>timorem</span> <span class='ocrx_word' id='word_1_377' title='bbox 1973 3527 2279 3584; x_wconf 87' lang='lat' dir='ltr'>Dissociata</span> <span class='ocrx_word' id='word_1_378' title='bbox 2311 3542 2512 3598; x_wconf 88' lang='lat' dir='ltr'>parans</span> <span class='ocrx_word' id='word_1_379' title='bbox 2542 3526 2708 3601; x_wconf 89' lang='lat' dir='ltr'>digne</span> <span class='ocrx_word' id='word_1_380' title='bbox 2739 3526 2949 3582; x_wconf 87' lang='lat' dir='ltr'>sociare</span> <span class='ocrx_word' id='word_1_381' title='bbox 2980 3528 3256 3594; x_wconf 89' lang='lat' dir='ltr'>columba,</span> 
     </span>
    </p>
   </div>
   <div class='ocr_carea' id='block_1_37' title="bbox 255 3616 3200 3694">
    <p class='ocr_par' dir='ltr' id='par_1_37' title="bbox 255 3616 3200 3694">
     <span class='ocr_line' id='line_1_37' title="bbox 255 3616 3200 3694; baseline 0.001 -26"><span class='ocrx_word' id='word_1_382' title='bbox 255 3616 618 3686; x_wconf 86' lang='lat' dir='ltr'>Depromens,</span> <span class='ocrx_word' id='word_1_383' title='bbox 643 3618 871 3688; x_wconf 61' lang='lat' dir='ltr'>quaesita</span> <span class='ocrx_word' id='word_1_384' title='bbox 896 3620 1089 3675; x_wconf 91' lang='lat' dir='ltr'>humili</span> <span class='ocrx_word' id='word_1_385' title='bbox 1117 3638 1269 3677; x_wconf 89' lang='lat' dir='ltr'>sacra</span> <span class='ocrx_word' id='word_1_386' title='bbox 1298 3632 1522 3694; x_wconf 89' lang='lat' dir='ltr'>pectore</span> <span class='ocrx_word' id='word_1_387' title='bbox 1555 3624 1723 3680; x_wconf 92' lang='lat' dir='ltr'>sumit</span> <span class='ocrx_word' id='word_1_388' title='bbox 1751 3644 1763 3679; x_wconf 92' lang='lat'><strong>:</strong></span> <span class='ocrx_word' id='word_1_389' title='bbox 1978 3622 2132 3677; x_wconf 83' lang='lat' dir='ltr'>l’acis</span> <span class='ocrx_word' id='word_1_390' title='bbox 2164 3620 2361 3687; x_wconf 88' lang='lat' dir='ltr'>amica,</span> <span class='ocrx_word' id='word_1_391' title='bbox 2392 3619 2543 3675; x_wconf 89' lang='lat' dir='ltr'>venit</span> <span class='ocrx_word' id='word_1_392' title='bbox 2570 3618 2799 3673; x_wconf 90' lang='lat' dir='ltr'>livorem</span> <span class='ocrx_word' id='word_1_393' title='bbox 2837 3617 2978 3672; x_wconf 89' lang='lat' dir='ltr'>fellis</span> <span class='ocrx_word' id='word_1_394' title='bbox 3004 3618 3200 3672; x_wconf 90' lang='lat' dir='ltr'>abesse</span> 
     </span>
    </p>
   </div>
   <div class='ocr_carea' id='block_1_38' title="bbox 252 3708 3403 3785">
    <p class='ocr_par' dir='ltr' id='par_1_38' title="bbox 252 3708 3403 3785">
     <span class='ocr_line' id='line_1_38' title="bbox 252 3708 3403 3785; baseline 0.001 -26"><span class='ocrx_word' id='word_1_395' title='bbox 252 3708 316 3760; x_wconf 83' lang='lat' dir='ltr'>At</span> <span class='ocrx_word' id='word_1_396' title='bbox 360 3708 621 3763; x_wconf 91' lang='lat' dir='ltr'>Dominus</span> <span class='ocrx_word' id='word_1_397' title='bbox 635 3725 869 3780; x_wconf 90' lang='lat' dir='ltr'>pronum</span> <span class='ocrx_word' id='word_1_398' title='bbox 899 3712 1062 3768; x_wconf 91' lang='lat' dir='ltr'>solito</span> <span class='ocrx_word' id='word_1_399' title='bbox 1093 3714 1381 3770; x_wconf 89' lang='lat' dir='ltr'>sustollere</span> <span class='ocrx_word' id='word_1_400' title='bbox 1412 3726 1585 3783; x_wconf 87' lang='lat' dir='ltr'>curat,</span> <span class='ocrx_word' id='word_1_401' title='bbox 1976 3711 2486 3785; x_wconf 80' lang='lat' dir='ltr'>Praecipienstibris</span> <span class='ocrx_word' id='word_1_402' title='bbox 2515 3728 2529 3776; x_wconf 89' lang='lat'><strong>;</strong></span> <span class='ocrx_word' id='word_1_403' title='bbox 2563 3710 2771 3765; x_wconf 85' lang='lat' dir='ltr'>sentire</span> <span class='ocrx_word' id='word_1_404' title='bbox 2791 3709 2884 3763; x_wconf 88' lang='lat' dir='ltr'>dat</span> <span class='ocrx_word' id='word_1_405' title='bbox 2915 3708 3176 3763; x_wconf 90' lang='lat' dir='ltr'>omnibus</span> <span class='ocrx_word' id='word_1_406' title='bbox 3207 3724 3403 3773; x_wconf 90' lang='lat' dir='ltr'>unum,</span> 
     </span>
    </p>
   </div>
   <div class='ocr_carea' id='block_1_39' title="bbox 251 3798 3339 3875">
    <p class='ocr_par' dir='ltr' id='par_1_39' title="bbox 251 3798 3339 3875">
     <span class='ocr_line' id='line_1_39' title="bbox 251 3798 3339 3875; baseline 0 -24"><span class='ocrx_word' id='word_1_407' title='bbox 251 3798 513 3853; x_wconf 88' lang='lat' dir='ltr'>Fascibus</span> <span class='ocrx_word' id='word_1_408' title='bbox 546 3801 874 3869; x_wconf 86' lang='lat' dir='ltr'>ampliﬁcat;</span> <span class='ocrx_word' id='word_1_409' title='bbox 909 3803 1011 3858; x_wconf 90' lang='lat' dir='ltr'>soli</span> <span class='ocrx_word' id='word_1_410' title='bbox 1047 3804 1278 3875; x_wconf 89' lang='lat' dir='ltr'>piajura</span> <span class='ocrx_word' id='word_1_411' title='bbox 1301 3808 1559 3863; x_wconf 87' lang='lat' dir='ltr'>trementi</span> <span class='ocrx_word' id='word_1_412' title='bbox 1974 3805 2150 3860; x_wconf 88' lang='lat' dir='ltr'>Unum</span> <span class='ocrx_word' id='word_1_413' title='bbox 2182 3805 2249 3860; x_wconf 89' lang='lat' dir='ltr'>de</span> <span class='ocrx_word' id='word_1_414' title='bbox 2290 3803 2479 3860; x_wconf 89' lang='lat' dir='ltr'>multis</span> <span class='ocrx_word' id='word_1_415' title='bbox 2510 3818 2742 3858; x_wconf 90' lang='lat' dir='ltr'>censens</span> <span class='ocrx_word' id='word_1_416' title='bbox 2774 3816 3097 3872; x_wconf 63' lang='lat' dir='ltr'>praeponere</span> <span class='ocrx_word' id='word_1_417' title='bbox 3126 3799 3339 3854; x_wconf 89' lang='lat' dir='ltr'>cunctis</span> 
     </span>
    </p>
   </div>
   <div class='ocr_carea' id='block_1_40' title="bbox 255 3886 3377 3970">
    <p class='ocr_par' dir='ltr' id='par_1_40' title="bbox 255 3886 3377 3970">
     <span class='ocr_line' id='line_1_40' title="bbox 255 3886 3377 3970; baseline -0.001 -27"><span class='ocrx_word' id='word_1_418' title='bbox 255 3886 458 3943; x_wconf 90' lang='lat' dir='ltr'>Unicus</span> <span class='ocrx_word' id='word_1_419' title='bbox 483 3887 573 3943; x_wconf 89' lang='lat' dir='ltr'>hic</span> <span class='ocrx_word' id='word_1_420' title='bbox 592 3887 874 3944; x_wconf 88' lang='lat' dir='ltr'>confertur</span> <span class='ocrx_word' id='word_1_421' title='bbox 905 3892 1080 3946; x_wconf 89' lang='lat' dir='ltr'>honos</span> <span class='ocrx_word' id='word_1_422' title='bbox 1106 3909 1308 3963; x_wconf 90' lang='lat' dir='ltr'>supero</span> <span class='ocrx_word' id='word_1_423' title='bbox 1340 3896 1534 3950; x_wconf 89' lang='lat' dir='ltr'>ordine</span> <span class='ocrx_word' id='word_1_424' title='bbox 1568 3900 1707 3970; x_wconf 86' lang='lat' dir='ltr'>regi,</span> <span class='ocrx_word' id='word_1_425' title='bbox 1976 3894 2145 3950; x_wconf 90' lang='lat' dir='ltr'>Unius</span> <span class='ocrx_word' id='word_1_426' title='bbox 2175 3910 2286 3948; x_wconf 92' lang='lat' dir='ltr'>una</span> <span class='ocrx_word' id='word_1_427' title='bbox 2315 3891 2512 3965; x_wconf 69' lang='lat' dir='ltr'>petens</span> <span class='ocrx_word' id='word_1_428' title='bbox 2539 3900 2703 3964; x_wconf 88' lang='lat' dir='ltr'>caput</span> <span class='ocrx_word' id='word_1_429' title='bbox 2724 3890 2880 3962; x_wconf 85' lang='lat' dir='ltr'>eligit</span> <span class='ocrx_word' id='word_1_430' title='bbox 2910 3889 3170 3947; x_wconf 90' lang='lat' dir='ltr'>omnibus</span> <span class='ocrx_word' id='word_1_431' title='bbox 3184 3903 3377 3950; x_wconf 89' lang='lat' dir='ltr'>unum,</span> 
     </span>
    </p>
   </div>
   <div class='ocr_carea' id='block_1_41' title="bbox 256 3976 3483 4057">
    <p class='ocr_par' dir='ltr' id='par_1_41' title="bbox 256 3976 3483 4057">
     <span class='ocr_line' id='line_1_41' title="bbox 256 3976 3483 4057; baseline -0.002 -23"><span class='ocrx_word' id='word_1_432' title='bbox 256 3978 419 4034; x_wconf 85' lang='lat' dir='ltr'>Urbis</span> <span class='ocrx_word' id='word_1_433' title='bbox 447 3987 505 4034; x_wconf 89' lang='lat' dir='ltr'>ut</span> <span class='ocrx_word' id='word_1_434' title='bbox 535 3980 747 4035; x_wconf 60' lang='lat' dir='ltr'>educta:</span> <span class='ocrx_word' id='word_1_435' title='bbox 768 3983 1060 4057; x_wconf 62' lang='lat' dir='ltr'>prmsignia</span> <span class='ocrx_word' id='word_1_436' title='bbox 1087 3985 1286 4056; x_wconf 88' lang='lat' dir='ltr'>gaudia</span> <span class='ocrx_word' id='word_1_437' title='bbox 1321 3987 1500 4057; x_wconf 90' lang='lat' dir='ltr'>plebis</span> <span class='ocrx_word' id='word_1_438' title='bbox 1983 3984 2403 4054; x_wconf 86' lang='lat' dir='ltr'>Concordesque</span> <span class='ocrx_word' id='word_1_439' title='bbox 2431 3998 2625 4037; x_wconf 90' lang='lat' dir='ltr'>omnes</span> <span class='ocrx_word' id='word_1_440' title='bbox 2656 3991 2865 4052; x_wconf 87' lang='lat' dir='ltr'>patrem</span> <span class='ocrx_word' id='word_1_441' title='bbox 2891 3980 3166 4036; x_wconf 89' lang='lat' dir='ltr'>connectit</span> <span class='ocrx_word' id='word_1_442' title='bbox 3194 3976 3262 4032; x_wconf 91' lang='lat' dir='ltr'>ad</span> <span class='ocrx_word' id='word_1_443' title='bbox 3294 3992 3483 4032; x_wconf 90' lang='lat' dir='ltr'>unum.</span> 
     </span>
    </p>
   </div>
   <div class='ocr_carea' id='block_1_42' title="bbox 255 4068 3324 4148">
    <p class='ocr_par' dir='ltr' id='par_1_42' title="bbox 255 4068 3324 4148">
     <span class='ocr_line' id='line_1_42' title="bbox 255 4068 3324 4148; baseline 0.002 -26"><span class='ocrx_word' id='word_1_444' title='bbox 255 4071 498 4143; x_wconf 80' lang='lat' dir='ltr'>Augusto</span> <span class='ocrx_word' id='word_1_445' title='bbox 531 4071 633 4125; x_wconf 88' lang='lat' dir='ltr'>hoc</span> <span class='ocrx_word' id='word_1_446' title='bbox 664 4072 985 4128; x_wconf 88' lang='lat' dir='ltr'>moderante</span> <span class='ocrx_word' id='word_1_447' title='bbox 1006 4076 1171 4130; x_wconf 88' lang='lat' dir='ltr'>micet</span> <span class='ocrx_word' id='word_1_448' title='bbox 1200 4078 1529 4133; x_wconf 90' lang='lat' dir='ltr'>millesimus</span> <span class='ocrx_word' id='word_1_449' title='bbox 1554 4095 1748 4148; x_wconf 89' lang='lat' dir='ltr'>annus,</span> <span class='ocrx_word' id='word_1_450' title='bbox 1980 4072 2331 4128; x_wconf 90' lang='lat' dir='ltr'>Conclamant</span> <span class='ocrx_word' id='word_1_451' title='bbox 2349 4072 2533 4126; x_wconf 89' lang='lat' dir='ltr'>cuncti</span> <span class='ocrx_word' id='word_1_452' title='bbox 2563 4068 2773 4125; x_wconf 70' lang='lat' dir='ltr'>cmlesti</span> <span class='ocrx_word' id='word_1_453' title='bbox 2804 4070 3044 4124; x_wconf 91' lang='lat' dir='ltr'>culmine</span> <span class='ocrx_word' id='word_1_454' title='bbox 3075 4068 3324 4142; x_wconf 65' lang='lat' dir='ltr'>dignum.</span> 
     </span>
    </p>
   </div>
   <div class='ocr_carea' id='block_1_43' title="bbox 260 4160 3344 4237">
    <p class='ocr_par' dir='ltr' id='par_1_43' title="bbox 260 4160 3344 4237">
     <span class='ocr_line' id='line_1_43' title="bbox 260 4160 3344 4237; baseline 0.002 -23"><span class='ocrx_word' id='word_1_455' title='bbox 260 4161 456 4215; x_wconf 87' lang='lat' dir='ltr'>Eximii</span> <span class='ocrx_word' id='word_1_456' title='bbox 491 4162 668 4217; x_wconf 91' lang='lat' dir='ltr'>cultus</span> <span class='ocrx_word' id='word_1_457' title='bbox 700 4180 914 4219; x_wconf 92' lang='lat' dir='ltr'>summo</span> <span class='ocrx_word' id='word_1_458' title='bbox 935 4167 1247 4223; x_wconf 87' lang='lat' dir='ltr'>celebratus</span> <span class='ocrx_word' id='word_1_459' title='bbox 1275 4170 1508 4237; x_wconf 84' lang='lat' dir='ltr'>hOnore,</span> <span class='ocrx_word' id='word_1_460' title='bbox 1980 4163 2414 4235; x_wconf 81' lang='lat' dir='ltr'>Pontiﬁcemque</span> <span class='ocrx_word' id='word_1_461' title='bbox 2445 4163 2637 4235; x_wconf 87' lang='lat' dir='ltr'>legunt</span> <span class='ocrx_word' id='word_1_462' title='bbox 2667 4161 2856 4216; x_wconf 89' lang='lat' dir='ltr'>divino</span> <span class='ocrx_word' id='word_1_463' title='bbox 2888 4160 3112 4215; x_wconf 85' lang='lat' dir='ltr'>numine</span> <span class='ocrx_word' id='word_1_464' title='bbox 3134 4166 3344 4220; x_wconf 76' lang='lat' dir='ltr'>notum.</span> 
     </span>
    </p>
   </div>
   <div class='ocr_carea' id='block_1_44' title="bbox 256 4252 3431 4334">
    <p class='ocr_par' dir='ltr' id='par_1_44' title="bbox 256 4252 3431 4334">
     <span class='ocr_line' id='line_1_44' title="bbox 256 4252 3431 4334; baseline 0.004 -28"><span class='ocrx_word' id='word_1_465' title='bbox 256 4253 411 4316; x_wconf 81' lang='lat' dir='ltr'>Quod</span> <span class='ocrx_word' id='word_1_466' title='bbox 442 4254 610 4308; x_wconf 88' lang='lat' dir='ltr'>decus</span> <span class='ocrx_word' id='word_1_467' title='bbox 638 4255 739 4310; x_wconf 92' lang='lat' dir='ltr'>hoc</span> <span class='ocrx_word' id='word_1_468' title='bbox 755 4257 878 4310; x_wconf 91' lang='lat' dir='ltr'>urbi</span> <span class='ocrx_word' id='word_1_469' title='bbox 902 4274 1130 4314; x_wconf 66' lang='lat' dir='ltr'>summa:</span> <span class='ocrx_word' id='word_1_470' title='bbox 1159 4261 1304 4316; x_wconf 89' lang='lat' dir='ltr'>inter</span> <span class='ocrx_word' id='word_1_471' title='bbox 1333 4274 1551 4334; x_wconf 90' lang='lat' dir='ltr'>sceptra</span> <span class='ocrx_word' id='word_1_472' title='bbox 1575 4263 1804 4334; x_wconf 88' lang='lat' dir='ltr'>feratur,</span> <span class='ocrx_word' id='word_1_473' title='bbox 1976 4259 2153 4328; x_wconf 80' lang='lat' dir='ltr'>Atque</span> <span class='ocrx_word' id='word_1_474' title='bbox 2194 4256 2338 4311; x_wconf 70' lang='lat' dir='ltr'>PBll&#39;i</span> <span class='ocrx_word' id='word_1_475' title='bbox 2368 4255 2644 4311; x_wconf 64' lang='grc' dir='ltr'>03ῑῦθάΐὲιὲ</span> <span class='ocrx_word' id='word_1_476' title='bbox 2668 4253 2911 4308; x_wconf 74' lang='lat' dir='ltr'>Fabiano</span> <span class='ocrx_word' id='word_1_477' title='bbox 2938 4253 3185 4325; x_wconf 75' lang='lat' dir='ltr'>regmina</span> <span class='ocrx_word' id='word_1_478' title='bbox 3206 4252 3431 4305; x_wconf 60' lang='lat' dir='ltr'>cedunt-</span> 
     </span>
    </p>
   </div>
   <div class='ocr_carea' id='block_1_45' title="bbox 258 4339 1826 4421">
    <p class='ocr_par' dir='ltr' id='par_1_45' title="bbox 258 4340 1677 4421">
     <span class='ocr_line' id='line_1_45' title="bbox 258 4340 1677 4421; baseline 0.01 -26"><span class='ocrx_word' id='word_1_479' title='bbox 258 4340 397 4395; x_wconf 86' lang='lat' dir='ltr'>Urbs</span> <span class='ocrx_word' id='word_1_480' title='bbox 428 4349 481 4395; x_wconf 92' lang='lat' dir='ltr'>et</span> <span class='ocrx_word' id='word_1_481' title='bbox 501 4344 803 4411; x_wconf 90' lang='lat' dir='ltr'>apostolico</span> <span class='ocrx_word' id='word_1_482' title='bbox 838 4345 951 4414; x_wconf 90' lang='lat' dir='ltr'>jam</span> <span class='ocrx_word' id='word_1_483' title='bbox 983 4348 1191 4403; x_wconf 91' lang='lat' dir='ltr'>dudum</span> <span class='ocrx_word' id='word_1_484' title='bbox 1224 4350 1478 4421; x_wconf 86' lang='lat' dir='ltr'>dogmate</span> <span class='ocrx_word' id='word_1_485' title='bbox 1509 4354 1677 4421; x_wconf 89' lang='lat' dir='ltr'>clara,</span> 
     </span>
    </p>
   </div>
   <div class='ocr_carea' id='block_1_46' title="bbox 1820 4339 3388 4421">
    <p class='ocr_par' dir='ltr' id='par_1_46' title="bbox 1979 4339 3388 4415">
     <span class='ocr_line' id='line_1_46' title="bbox 1979 4339 3388 4415; baseline -0.005 -16"><span class='ocrx_word' id='word_1_486' title='bbox 1979 4345 2195 4415; x_wconf 78' lang='lat' dir='ltr'>Quique</span> <span class='ocrx_word' id='word_1_487' title='bbox 2226 4344 2635 4415; x_wconf 90' lang='lat' dir='ltr'>triumphorum</span> <span class='ocrx_word' id='word_1_488' title='bbox 2668 4349 2855 4397; x_wconf 87' lang='lat' dir='ltr'>servet</span> <span class='ocrx_word' id='word_1_489' title='bbox 2885 4350 2945 4395; x_wconf 91' lang='lat' dir='ltr'>ut</span> <span class='ocrx_word' id='word_1_490' title='bbox 2968 4347 3124 4414; x_wconf 90' lang='lat' dir='ltr'>gesta</span> <span class='ocrx_word' id='word_1_491' title='bbox 3149 4339 3388 4410; x_wconf 90' lang='lat' dir='ltr'>piorum,</span> 
     </span>
    </p>
   </div>
   <div class='ocr_carea' id='block_1_47' title="bbox 256 4432 1824 4516">
    <p class='ocr_par' dir='ltr' id='par_1_47' title="bbox 256 4434 1573 4516">
     <span class='ocr_line' id='line_1_47' title="bbox 256 4434 1573 4516; baseline 0.011 -27"><span class='ocrx_word' id='word_1_492' title='bbox 256 4434 509 4489; x_wconf 88' lang='lat' dir='ltr'>Numinis</span> <span class='ocrx_word' id='word_1_493' title='bbox 546 4443 709 4507; x_wconf 90' lang='lat' dir='ltr'>atque</span> <span class='ocrx_word' id='word_1_494' title='bbox 737 4439 813 4507; x_wconf 90' lang='lat' dir='ltr'>pii</span> <span class='ocrx_word' id='word_1_495' title='bbox 842 4450 1030 4496; x_wconf 89' lang='lat' dir='ltr'>sancto</span> <span class='ocrx_word' id='word_1_496' title='bbox 1058 4444 1319 4516; x_wconf 87' lang='lat' dir='ltr'>insignita</span> <span class='ocrx_word' id='word_1_497' title='bbox 1352 4446 1573 4514; x_wconf 90' lang='lat' dir='ltr'>decore,</span> 
     </span>
    </p>
   </div>
   <div class='ocr_carea' id='block_1_48' title="bbox 1890 4432 3458 4516">
    <p class='ocr_par' dir='ltr' id='par_1_48' title="bbox 1982 4432 3458 4510">
     <span class='ocr_line' id='line_1_48' title="bbox 1982 4432 3458 4510; baseline -0.004 -19"><span class='ocrx_word' id='word_1_498' title='bbox 1982 4436 2201 4510; x_wconf 90' lang='lat' dir='ltr'>Colligit</span> <span class='ocrx_word' id='word_1_499' title='bbox 2218 4435 2434 4507; x_wconf 90' lang='lat' dir='ltr'>hocque</span> <span class='ocrx_word' id='word_1_500' title='bbox 2457 4434 2677 4489; x_wconf 88' lang='lat' dir='ltr'>studere</span> <span class='ocrx_word' id='word_1_501' title='bbox 2700 4433 2856 4503; x_wconf 88' lang='lat' dir='ltr'>operi</span> <span class='ocrx_word' id='word_1_502' title='bbox 2888 4432 3140 4488; x_wconf 89' lang='lat' dir='ltr'>decernit</span> <span class='ocrx_word' id='word_1_503' title='bbox 3168 4432 3458 4496; x_wconf 89' lang='lat' dir='ltr'>alumnos;</span> 
     </span>
    </p>
   </div>
   <div class='ocr_carea' id='block_1_49' title="bbox 258 4523 3441 4634">
    <p class='ocr_par' dir='ltr' id='par_1_49' title="bbox 258 4523 3441 4634">
     <span class='ocr_line' id='line_1_49' title="bbox 258 4523 3441 4634; baseline 0.002 -53"><span class='ocrx_word' id='word_1_504' title='bbox 258 4527 515 4634; x_wconf 71' lang='lat' dir='ltr'>Principe</span> <span class='ocrx_word' id='word_1_505' title='bbox 549 4528 869 4585; x_wconf 89' lang='lat' dir='ltr'>Christicola</span> <span class='ocrx_word' id='word_1_506' title='bbox 901 4532 1050 4587; x_wconf 89' lang='lat' dir='ltr'>celso</span> <span class='ocrx_word' id='word_1_507' title='bbox 1077 4535 1181 4589; x_wconf 90' lang='lat' dir='ltr'>hoc</span> <span class='ocrx_word' id='word_1_508' title='bbox 1204 4538 1436 4606; x_wconf 89' lang='lat' dir='ltr'>polleret</span> <span class='ocrx_word' id='word_1_509' title='bbox 1460 4539 1689 4595; x_wconf 90' lang='lat' dir='ltr'>honore.</span> <span class='ocrx_word' id='word_1_510' title='bbox 1892 4565 1951 4634; x_wconf 84' lang='lat' dir='ltr'><strong>D</strong></span> <span class='ocrx_word' id='word_1_511' title='bbox 1980 4527 2279 4634; x_wconf 52' lang='lat' dir='ltr'>Declesiam</span> <span class='ocrx_word' id='word_1_512' title='bbox 2310 4525 2523 4634; x_wconf 78' lang='lat' dir='ltr'>fulgere</span> <span class='ocrx_word' id='word_1_513' title='bbox 2551 4525 2714 4581; x_wconf 88' lang='lat' dir='ltr'>docet</span> <span class='ocrx_word' id='word_1_514' title='bbox 2742 4540 2973 4634; x_wconf 34' lang='lat' dir='ltr'>quoque.</span> <span class='ocrx_word' id='word_1_515' title='bbox 3004 4524 3220 4634; x_wconf 87' lang='lat' dir='ltr'>legibus</span> <span class='ocrx_word' id='word_1_516' title='bbox 3244 4523 3403 4634; x_wconf 62' lang='lat' dir='ltr'>almis</span> <span class='ocrx_word' id='word_1_517' title='bbox 3428 4540 3441 4588; x_wconf 86' lang='grc'><strong>;</strong></span> 
     </span>
    </p>
   </div>
   <div class='ocr_carea' id='block_1_50' title="bbox 332 4618 3403 4699">
    <p class='ocr_par' dir='ltr' id='par_1_50' title="bbox 332 4618 3403 4699">
     <span class='ocr_line' id='line_1_50' title="bbox 332 4618 3403 4699; baseline 0 -27"><span class='ocrx_word' id='word_1_518' title='bbox 332 4618 549 4688; x_wconf 89' lang='lat' dir='ltr'>Septies</span> <span class='ocrx_word' id='word_1_519' title='bbox 575 4625 631 4672; x_wconf 90' lang='lat' dir='ltr'>at</span> <span class='ocrx_word' id='word_1_520' title='bbox 662 4627 949 4691; x_wconf 89' lang='lat' dir='ltr'>postquam</span> <span class='ocrx_word' id='word_1_521' title='bbox 982 4624 1211 4677; x_wconf 84' lang='lat' dir='ltr'>vestitur</span> <span class='ocrx_word' id='word_1_522' title='bbox 1239 4627 1489 4699; x_wconf 81' lang='lat' dir='ltr'>gramine</span> <span class='ocrx_word' id='word_1_523' title='bbox 1520 4628 1706 4698; x_wconf 68' lang='lat' dir='ltr'>tellus,</span> <span class='ocrx_word' id='word_1_524' title='bbox 1892 4618 1947 4634; x_wconf 73' lang='lat'><em>&quot;</em></span> <span class='ocrx_word' id='word_1_525' title='bbox 1983 4625 2103 4696; x_wconf 89' lang='lat' dir='ltr'>Ipse</span> <span class='ocrx_word' id='word_1_526' title='bbox 2135 4622 2456 4693; x_wconf 89' lang='lat' dir='ltr'>triumphali</span> <span class='ocrx_word' id='word_1_527' title='bbox 2488 4636 2613 4676; x_wconf 84' lang='lat' dir='ltr'>mox</span> <span class='ocrx_word' id='word_1_528' title='bbox 2640 4628 2700 4675; x_wconf 88' lang='lat' dir='ltr'>ut</span> <span class='ocrx_word' id='word_1_529' title='bbox 2719 4620 3047 4689; x_wconf 91' lang='lat' dir='ltr'>conjunctus</span> <span class='ocrx_word' id='word_1_530' title='bbox 3074 4619 3269 4675; x_wconf 90' lang='lat' dir='ltr'>honori</span> <span class='ocrx_word' id='word_1_531' title='bbox 3299 4626 3403 4684; x_wconf 90' lang='lat' dir='ltr'>est,</span> 
     </span>
    </p>
   </div>
   <div class='ocr_carea' id='block_1_51' title="bbox 258 4706 3357 4785">
    <p class='ocr_par' dir='ltr' id='par_1_51' title="bbox 258 4706 3357 4785">
     <span class='ocr_line' id='line_1_51' title="bbox 258 4706 3357 4785; baseline 0 -23"><span class='ocrx_word' id='word_1_532' title='bbox 258 4709 619 4780; x_wconf 90' lang='lat' dir='ltr'>Septenoque</span> <span class='ocrx_word' id='word_1_533' title='bbox 650 4712 828 4781; x_wconf 90' lang='lat' dir='ltr'>replet</span> <span class='ocrx_word' id='word_1_534' title='bbox 857 4711 1094 4766; x_wconf 88' lang='lat' dir='ltr'>ridentia</span> <span class='ocrx_word' id='word_1_535' title='bbox 1136 4716 1341 4769; x_wconf 80' lang='lat' dir='ltr'>moenia</span> <span class='ocrx_word' id='word_1_536' title='bbox 1361 4716 1558 4784; x_wconf 86' lang='lat' dir='ltr'>fructu,</span> <span class='ocrx_word' id='word_1_537' title='bbox 1980 4713 2380 4785; x_wconf 90' lang='lat' dir='ltr'>Disperguntur</span> <span class='ocrx_word' id='word_1_538' title='bbox 2410 4723 2560 4773; x_wconf 90' lang='lat' dir='ltr'>oves,</span> <span class='ocrx_word' id='word_1_539' title='bbox 2580 4708 2911 4778; x_wconf 90' lang='lat' dir='ltr'>lacerantur,</span> <span class='ocrx_word' id='word_1_540' title='bbox 2929 4706 3357 4779; x_wconf 89' lang='lat' dir='ltr'>carceribusque</span> 
     </span>
    </p>
   </div>
   <div class='ocr_carea' id='block_1_52' title="bbox 259 4797 3382 4875">
    <p class='ocr_par' dir='ltr' id='par_1_52' title="bbox 259 4797 3382 4875">
     <span class='ocr_line' id='line_1_52' title="bbox 259 4797 3382 4875; baseline 0.001 -25"><span class='ocrx_word' id='word_1_541' title='bbox 259 4797 484 4851; x_wconf 88' lang='lat' dir='ltr'>Munere</span> <span class='ocrx_word' id='word_1_542' title='bbox 515 4798 703 4853; x_wconf 90' lang='lat' dir='ltr'>divino</span> <span class='ocrx_word' id='word_1_543' title='bbox 733 4800 895 4854; x_wconf 89' lang='lat' dir='ltr'>terris</span> <span class='ocrx_word' id='word_1_544' title='bbox 927 4808 1190 4874; x_wconf 89' lang='lat' dir='ltr'>regnante</span> <span class='ocrx_word' id='word_1_545' title='bbox 1220 4802 1475 4875; x_wconf 91' lang='lat' dir='ltr'>Philippo</span> <span class='ocrx_word' id='word_1_546' title='bbox 1980 4803 2316 4870; x_wconf 88' lang='lat' dir='ltr'>Truduntur,</span> <span class='ocrx_word' id='word_1_547' title='bbox 2350 4816 2584 4872; x_wconf 88' lang='lat' dir='ltr'>quorum</span> <span class='ocrx_word' id='word_1_548' title='bbox 2615 4800 2825 4871; x_wconf 86' lang='lat' dir='ltr'>Moyses</span> <span class='ocrx_word' id='word_1_549' title='bbox 2852 4800 3127 4873; x_wconf 89' lang='lat' dir='ltr'>ergastula</span> <span class='ocrx_word' id='word_1_550' title='bbox 3156 4798 3382 4873; x_wconf 90' lang='lat' dir='ltr'>longum</span> 
     </span>
    </p>
   </div>
   <div class='ocr_carea' id='block_1_53' title="bbox 257 4885 3363 4968">
    <p class='ocr_par' dir='ltr' id='par_1_53' title="bbox 257 4885 3363 4968">
     <span class='ocr_line' id='line_1_53' title="bbox 257 4885 3363 4968; baseline 0.002 -30"><span class='ocrx_word' id='word_1_551' title='bbox 257 4885 529 4941; x_wconf 87' lang='lat' dir='ltr'>Gentibus</span> <span class='ocrx_word' id='word_1_552' title='bbox 557 4896 611 4941; x_wconf 91' lang='lat' dir='ltr'>et</span> <span class='ocrx_word' id='word_1_553' title='bbox 641 4888 973 4959; x_wconf 91' lang='lat' dir='ltr'>populisque</span> <span class='ocrx_word' id='word_1_554' title='bbox 1004 4890 1238 4945; x_wconf 90' lang='lat' dir='ltr'>nitentia</span> <span class='ocrx_word' id='word_1_555' title='bbox 1264 4893 1389 4960; x_wconf 88' lang='lat' dir='ltr'>jura</span> <span class='ocrx_word' id='word_1_556' title='bbox 1425 4893 1664 4968; x_wconf 88' lang='lat' dir='ltr'>dicante,</span> <span class='ocrx_word' id='word_1_557' title='bbox 1985 4895 2107 4951; x_wconf 90' lang='lat' dir='ltr'>Post</span> <span class='ocrx_word' id='word_1_558' title='bbox 2135 4894 2365 4949; x_wconf 87' lang='lat' dir='ltr'>tolerata</span> <span class='ocrx_word' id='word_1_559' title='bbox 2396 4892 2565 4966; x_wconf 90' lang='lat' dir='ltr'>nigris</span> <span class='ocrx_word' id='word_1_560' title='bbox 2583 4892 2718 4962; x_wconf 90' lang='lat' dir='ltr'>petit</span> <span class='ocrx_word' id='word_1_561' title='bbox 2745 4890 2967 4945; x_wconf 61' lang='lat' dir='ltr'>aetheris</span> <span class='ocrx_word' id='word_1_562' title='bbox 2996 4890 3143 4945; x_wconf 90' lang='lat' dir='ltr'>edita</span> <span class='ocrx_word' id='word_1_563' title='bbox 3170 4890 3363 4961; x_wconf 91' lang='lat' dir='ltr'>septis.</span> 
     </span>
    </p>
   </div>
   <div class='ocr_carea' id='block_1_54' title="bbox 256 4977 3220 5061">
    <p class='ocr_par' dir='ltr' id='par_1_54' title="bbox 256 4977 3220 5061">
     <span class='ocr_line' id='line_1_54' title="bbox 256 4977 3220 5061; baseline 0.003 -31"><span class='ocrx_word' id='word_1_564' title='bbox 256 4977 467 5031; x_wconf 61' lang='lat' dir='ltr'>XEstuat</span> <span class='ocrx_word' id='word_1_565' title='bbox 496 4977 757 5049; x_wconf 89' lang='lat' dir='ltr'>antiquus</span> <span class='ocrx_word' id='word_1_566' title='bbox 784 4980 1041 5052; x_wconf 84' lang='lat' dir='ltr'>viresque</span> <span class='ocrx_word' id='word_1_567' title='bbox 1071 4982 1345 5057; x_wconf 89' lang='lat' dir='ltr'>recolligit</span> <span class='ocrx_word' id='word_1_568' title='bbox 1374 4985 1591 5057; x_wconf 88' lang='lat' dir='ltr'>anguis,</span> <span class='ocrx_word' id='word_1_569' title='bbox 1981 4990 2220 5046; x_wconf 89' lang='lat' dir='ltr'>Diversis</span> <span class='ocrx_word' id='word_1_570' title='bbox 2236 4989 2451 5043; x_wconf 88' lang='lat' dir='ltr'>diversa</span> <span class='ocrx_word' id='word_1_571' title='bbox 2482 4989 2623 5061; x_wconf 89' lang='lat' dir='ltr'>gerit</span> <span class='ocrx_word' id='word_1_572' title='bbox 2642 4985 3000 5057; x_wconf 66' lang='lat' dir='ltr'>praedonibus</span> <span class='ocrx_word' id='word_1_573' title='bbox 3024 4985 3220 5051; x_wconf 86' lang='lat' dir='ltr'>hostis,</span> 
     </span>
    </p>
   </div>
   <div class='ocr_carea' id='block_1_55' title="bbox 256 5070 3238 5155">
    <p class='ocr_par' dir='ltr' id='par_1_55' title="bbox 256 5070 3238 5155">
     <span class='ocr_line' id='line_1_55' title="bbox 256 5070 3238 5155; baseline 0.003 -31"><span class='ocrx_word' id='word_1_574' title='bbox 256 5071 490 5124; x_wconf 89' lang='lat' dir='ltr'>Attritus</span> <span class='ocrx_word' id='word_1_575' title='bbox 519 5070 719 5126; x_wconf 90' lang='lat' dir='ltr'>totiens</span> <span class='ocrx_word' id='word_1_576' title='bbox 742 5089 842 5143; x_wconf 89' lang='lat' dir='ltr'>per</span> <span class='ocrx_word' id='word_1_577' title='bbox 868 5083 1017 5129; x_wconf 90' lang='lat' dir='ltr'>tanta</span> <span class='ocrx_word' id='word_1_578' title='bbox 1041 5082 1248 5146; x_wconf 64' lang='lat' dir='ltr'>tropma</span> <span class='ocrx_word' id='word_1_579' title='bbox 1280 5078 1479 5133; x_wconf 87' lang='lat' dir='ltr'>relisus</span> <span class='ocrx_word' id='word_1_580' title='bbox 1507 5097 1521 5144; x_wconf 86' lang='lat'><strong>;</strong></span> <span class='ocrx_word' id='word_1_581' title='bbox 1980 5086 2230 5142; x_wconf 88' lang='lat' dir='ltr'>Exterius</span> <span class='ocrx_word' id='word_1_582' title='bbox 2254 5083 2477 5155; x_wconf 90' lang='lat' dir='ltr'>patulis,</span> <span class='ocrx_word' id='word_1_583' title='bbox 2499 5083 2647 5137; x_wconf 91' lang='lat' dir='ltr'>intus</span> <span class='ocrx_word' id='word_1_584' title='bbox 2675 5080 3018 5135; x_wconf 89' lang='lat' dir='ltr'>latitantibus</span> <span class='ocrx_word' id='word_1_585' title='bbox 3048 5080 3238 5146; x_wconf 87' lang='lat' dir='ltr'>armis,</span> 
     </span>
    </p>
   </div>
   <div class='ocr_carea' id='block_1_56' title="bbox 257 5159 3393 5244">
    <p class='ocr_par' dir='ltr' id='par_1_56' title="bbox 257 5159 3393 5244">
     <span class='ocr_line' id='line_1_56' title="bbox 257 5159 3393 5244; baseline 0.003 -30"><span class='ocrx_word' id='word_1_586' title='bbox 257 5159 597 5231; x_wconf 90' lang='lat' dir='ltr'>Insidiisque</span> <span class='ocrx_word' id='word_1_587' title='bbox 629 5170 783 5232; x_wconf 89' lang='lat' dir='ltr'>parat</span> <span class='ocrx_word' id='word_1_588' title='bbox 817 5164 1009 5221; x_wconf 90' lang='lat' dir='ltr'>Christi</span> <span class='ocrx_word' id='word_1_589' title='bbox 1031 5182 1227 5222; x_wconf 86' lang='lat' dir='ltr'>vexare</span> <span class='ocrx_word' id='word_1_590' title='bbox 1261 5168 1585 5244; x_wconf 88' lang='lat' dir='ltr'>phalanges,</span> <span class='ocrx_word' id='word_1_591' title='bbox 1982 5173 2383 5244; x_wconf 89' lang='lat' dir='ltr'>Latronemque</span> <span class='ocrx_word' id='word_1_592' title='bbox 2415 5187 2616 5227; x_wconf 85' lang='lat' dir='ltr'>novum</span> <span class='ocrx_word' id='word_1_593' title='bbox 2649 5169 2849 5225; x_wconf 89' lang='lat' dir='ltr'>furtiva</span> <span class='ocrx_word' id='word_1_594' title='bbox 2879 5168 2945 5222; x_wconf 89' lang='lat' dir='ltr'>ad</span> <span class='ocrx_word' id='word_1_595' title='bbox 2964 5168 3109 5223; x_wconf 90' lang='lat' dir='ltr'>bella</span> <span class='ocrx_word' id='word_1_596' title='bbox 3137 5176 3393 5223; x_wconf 86' lang='lat' dir='ltr'>novatum</span> 
     </span>
    </p>
   </div>
   <div class='ocr_carea' id='block_1_57' title="bbox 261 5252 3364 5339">
    <p class='ocr_par' dir='ltr' id='par_1_57' title="bbox 261 5252 3364 5339">
     <span class='ocr_line' id='line_1_57' title="bbox 261 5252 3364 5339; baseline 0.002 -33"><span class='ocrx_word' id='word_1_597' title='bbox 261 5252 661 5324; x_wconf 84' lang='lat' dir='ltr'>Latronemque</span> <span class='ocrx_word' id='word_1_598' title='bbox 694 5255 838 5312; x_wconf 86' lang='lat' dir='ltr'>dolis</span> <span class='ocrx_word' id='word_1_599' title='bbox 869 5258 1097 5313; x_wconf 91' lang='lat' dir='ltr'>Decium</span> <span class='ocrx_word' id='word_1_600' title='bbox 1129 5257 1235 5313; x_wconf 90' lang='lat' dir='ltr'>sibi</span> <span class='ocrx_word' id='word_1_601' title='bbox 1268 5270 1539 5332; x_wconf 60' lang='lat' dir='ltr'>praeparat</span> <span class='ocrx_word' id='word_1_602' title='bbox 1564 5271 1749 5334; x_wconf 89' lang='lat' dir='ltr'>aptum</span> <span class='ocrx_word' id='word_1_603' title='bbox 1787 5283 1800 5319; x_wconf 95' lang='lat'><strong>:</strong></span> <span class='ocrx_word' id='word_1_604' title='bbox 1982 5265 2200 5339; x_wconf 88' lang='lat' dir='ltr'>Deligit,</span> <span class='ocrx_word' id='word_1_605' title='bbox 2227 5264 2558 5337; x_wconf 87' lang='lat' dir='ltr'>impugnans</span> <span class='ocrx_word' id='word_1_606' title='bbox 2580 5260 2766 5317; x_wconf 85' lang='lat' dir='ltr'>biﬁdis</span> <span class='ocrx_word' id='word_1_607' title='bbox 2797 5260 2887 5331; x_wconf 88' lang='lat' dir='ltr'>pia</span> <span class='ocrx_word' id='word_1_608' title='bbox 2916 5268 3094 5315; x_wconf 88' lang='lat' dir='ltr'>castra</span> <span class='ocrx_word' id='word_1_609' title='bbox 3114 5258 3364 5315; x_wconf 88' lang='lat' dir='ltr'>catervis.</span> 
     </span>
    </p>
   </div>
   <div class='ocr_carea' id='block_1_58' title="bbox 1734 5390 2121 5447">
    <p class='ocr_par' dir='ltr' id='par_1_58' title="bbox 1734 5390 2121 5447">
     <span class='ocr_line' id='line_1_58' title="bbox 1734 5390 2121 5447; baseline -0.005 -1"><span class='ocrx_word' id='word_1_610' title='bbox 1734 5390 1949 5447; x_wconf 85' lang='lat' dir='ltr'>CAPUT</span> <span class='ocrx_word' id='word_1_611' title='bbox 1990 5390 2121 5446; x_wconf 83' lang='lat' dir='ltr'><strong>XIV.</strong></span> 
     </span>
    </p>
   </div>
   <div class='ocr_carea' id='block_1_59' title="bbox 812 5486 2999 5573">
    <p class='ocr_par' dir='ltr' id='par_1_59' title="bbox 812 5486 2999 5573">
     <span class='ocr_line' id='line_1_59' title="bbox 812 5486 2999 5573; baseline 0.005 -30"><span class='ocrx_word' id='word_1_612' title='bbox 812 5486 889 5545; x_wconf 86' lang='lat' dir='ltr'>De</span> <span class='ocrx_word' id='word_1_613' title='bbox 917 5498 1123 5548; x_wconf 74' lang='lat' dir='ltr'>sancto</span> <span class='ocrx_word' id='word_1_614' title='bbox 1170 5489 1448 5551; x_wconf 79' lang='lat' dir='ltr'>Cornelio</span> <span class='ocrx_word' id='word_1_615' title='bbox 1474 5510 1635 5571; x_wconf 82' lang='lat' dir='ltr'>papa</span> <span class='ocrx_word' id='word_1_616' title='bbox 1670 5504 1723 5556; x_wconf 85' lang='lat' dir='ltr'>et</span> <span class='ocrx_word' id='word_1_617' title='bbox 1765 5494 2070 5573; x_wconf 84' lang='lat' dir='ltr'>Cypriano</span> <span class='ocrx_word' id='word_1_618' title='bbox 2100 5503 2367 5570; x_wconf 78' lang='lat' dir='ltr'>martyre</span> <span class='ocrx_word' id='word_1_619' title='bbox 2403 5497 2701 5571; x_wconf 78' lang='lat' dir='ltr'>sociisque</span> <span class='ocrx_word' id='word_1_620' title='bbox 2731 5495 2999 5571; x_wconf 77' lang='lat' dir='ltr'>ipsorum</span> 
     </span>
    </p>
   </div>
   <div class='ocr_carea' id='block_1_60' title="bbox 258 5590 3391 5678">
    <p class='ocr_par' dir='ltr' id='par_1_60' title="bbox 258 5590 3391 5678">
     <span class='ocr_line' id='line_1_60' title="bbox 258 5590 3391 5678; baseline 0.006 -34"><span class='ocrx_word' id='word_1_621' title='bbox 258 5590 517 5647; x_wconf 90' lang='lat' dir='ltr'>Providet</span> <span class='ocrx_word' id='word_1_622' title='bbox 544 5593 673 5649; x_wconf 89' lang='lat' dir='ltr'>inde</span> <span class='ocrx_word' id='word_1_623' title='bbox 694 5596 782 5665; x_wconf 90' lang='lat' dir='ltr'>pio</span> <span class='ocrx_word' id='word_1_624' title='bbox 817 5598 1081 5654; x_wconf 90' lang='lat' dir='ltr'>Dominus</span> <span class='ocrx_word' id='word_1_625' title='bbox 1111 5602 1438 5659; x_wconf 89' lang='lat' dir='ltr'>charismate</span> <span class='ocrx_word' id='word_1_626' title='bbox 1463 5614 1671 5676; x_wconf 89' lang='lat' dir='ltr'>patrem</span> <span class='ocrx_word' id='word_1_627' title='bbox 1978 5607 2122 5662; x_wconf 90' lang='lat' dir='ltr'>Dum</span> <span class='ocrx_word' id='word_1_628' title='bbox 2154 5607 2358 5677; x_wconf 62' lang='lat' dir='ltr'>praisul</span> <span class='ocrx_word' id='word_1_629' title='bbox 2387 5608 2548 5662; x_wconf 90' lang='lat' dir='ltr'>datur</span> <span class='ocrx_word' id='word_1_630' title='bbox 2568 5608 2783 5663; x_wconf 69' lang='lat' dir='ltr'>eximiae</span> <span class='ocrx_word' id='word_1_631' title='bbox 2814 5606 3071 5678; x_wconf 88' lang='lat' dir='ltr'>Petrique</span> <span class='ocrx_word' id='word_1_632' title='bbox 3092 5606 3391 5675; x_wconf 63' lang='lat' dir='ltr'>cathedrae,</span> 
     </span>
    </p>
   </div>
   <div class='ocr_carea' id='block_1_61' title="bbox 258 5682 3294 5777">
    <p class='ocr_par' dir='ltr' id='par_1_61' title="bbox 258 5682 3294 5777">
     <span class='ocr_line' id='line_1_61' title="bbox 258 5682 3294 5777; baseline 0.008 -42"><span class='ocrx_word' id='word_1_633' title='bbox 258 5682 499 5737; x_wconf 73' lang='lat' dir='ltr'>Desertae</span> <span class='ocrx_word' id='word_1_634' title='bbox 514 5686 796 5759; x_wconf 88' lang='lat' dir='ltr'>egregium</span> <span class='ocrx_word' id='word_1_635' title='bbox 831 5691 1010 5760; x_wconf 90' lang='lat' dir='ltr'>plebi;</span> <span class='ocrx_word' id='word_1_636' title='bbox 1047 5690 1333 5748; x_wconf 88' lang='lat' dir='ltr'>Cornelius</span> <span class='ocrx_word' id='word_1_637' title='bbox 1361 5695 1486 5749; x_wconf 90' lang='lat' dir='ltr'>urbi</span> <span class='ocrx_word' id='word_1_638' title='bbox 1980 5704 2057 5759; x_wconf 82' lang='lat' dir='ltr'>Ad</span> <span class='ocrx_word' id='word_1_639' title='bbox 2079 5718 2243 5775; x_wconf 88' lang='lat' dir='ltr'>quem</span> <span class='ocrx_word' id='word_1_640' title='bbox 2275 5702 2457 5757; x_wconf 89' lang='lat' dir='ltr'>dulcia</span> <span class='ocrx_word' id='word_1_641' title='bbox 2482 5718 2584 5757; x_wconf 88' lang='lat' dir='ltr'>ceu</span> <span class='ocrx_word' id='word_1_642' title='bbox 2610 5704 2779 5771; x_wconf 84' lang='lat' dir='ltr'>patris</span> <span class='ocrx_word' id='word_1_643' title='bbox 2804 5703 3044 5760; x_wconf 88' lang='lat' dir='ltr'>fomenta</span> <span class='ocrx_word' id='word_1_644' title='bbox 3070 5701 3294 5777; x_wconf 87' lang='lat' dir='ltr'>benigni</span> 
     </span>
    </p>
   </div>
  </div>
