  <div class='ocr_page' id='page_1' title='image "/cluster/home/n/w/nwhite01/storage/ocr_20150623/134-135/uva.x000829784/919.png"; bbox 0 0 3970 6200; ppageno 0'>
   <div class='ocr_carea' id='block_1_1' title="bbox 375 193 476 246">
    <p class='ocr_par' dir='ltr' id='par_1_1' title="bbox 375 193 476 246">
     <span class='ocr_line' id='line_1_1' title="bbox 375 193 476 246; baseline 0.04 -4"><span class='ocrx_word' id='word_1_1' title='bbox 375 193 476 246; x_wconf 78' lang='grc'><strong>667</strong></span> 
     </span>
    </p>
   </div>
   <div class='ocr_carea' id='block_1_2' title="bbox 377 320 1596 395">
    <p class='ocr_par' dir='ltr' id='par_1_2' title="bbox 377 320 1596 395">
     <span class='ocr_line' id='line_1_2' title="bbox 377 320 1596 395; baseline 0.001 -22"><span class='ocrx_word' id='word_1_2' title='bbox 377 321 612 390; x_wconf 84' lang='lat' dir='ltr'><strong>Dispersi</strong></span> <span class='ocrx_word' id='word_1_3' title='bbox 647 331 942 391; x_wconf 82' lang='lat' dir='ltr'><strong>prOperant</strong></span> <span class='ocrx_word' id='word_1_4' title='bbox 971 322 1121 395; x_wconf 80' lang='lat' dir='ltr'><strong>gnati</strong></span> <span class='ocrx_word' id='word_1_5' title='bbox 1160 322 1385 391; x_wconf 89' lang='lat' dir='ltr'><strong>Iapsuve</strong></span> <span class='ocrx_word' id='word_1_6' title='bbox 1415 320 1596 385; x_wconf 85' lang='lat' dir='ltr'><strong>recisi,</strong></span> 
     </span>
    </p>
   </div>
   <div class='ocr_carea' id='block_1_3' title="bbox 381 411 1704 484">
    <p class='ocr_par' dir='ltr' id='par_1_3' title="bbox 381 411 1704 484">
     <span class='ocr_line' id='line_1_3' title="bbox 381 411 1704 484; baseline -0.003 -17"><span class='ocrx_word' id='word_1_7' title='bbox 381 413 643 467; x_wconf 76' lang='lat' dir='ltr'><strong>Maximus</strong></span> <span class='ocrx_word' id='word_1_8' title='bbox 674 422 726 467; x_wconf 90' lang='lat' dir='ltr'><strong>et</strong></span> <span class='ocrx_word' id='word_1_9' title='bbox 749 413 967 484; x_wconf 85' lang='lat' dir='ltr'><strong>reliqui,</strong></span> <span class='ocrx_word' id='word_1_10' title='bbox 1002 412 1459 484; x_wconf 89' lang='lat' dir='ltr'><strong>confessoresque</strong></span> <span class='ocrx_word' id='word_1_11' title='bbox 1488 411 1704 466; x_wconf 78' lang='lat' dir='ltr'><strong>fideles.</strong></span> 
     </span>
    </p>
   </div>
   <div class='ocr_carea' id='block_1_4' title="bbox 384 502 1614 575">
    <p class='ocr_par' dir='ltr' id='par_1_4' title="bbox 384 502 1614 575">
     <span class='ocr_line' id='line_1_4' title="bbox 384 502 1614 575; baseline -0.002 -17"><span class='ocrx_word' id='word_1_12' title='bbox 384 505 585 575; x_wconf 74' lang='lat' dir='ltr'><strong>Inclyta</strong></span> <span class='ocrx_word' id='word_1_13' title='bbox 619 505 759 558; x_wconf 76' lang='lat' dir='ltr'><strong>bella</strong></span> <span class='ocrx_word' id='word_1_14' title='bbox 793 504 900 573; x_wconf 92' lang='lat' dir='ltr'><strong>poli</strong></span> <span class='ocrx_word' id='word_1_15' title='bbox 935 512 1166 558; x_wconf 73' lang='lat' dir='ltr'><strong>tractant</strong></span> <span class='ocrx_word' id='word_1_16' title='bbox 1200 511 1412 558; x_wconf 79' lang='lat' dir='ltr'><strong>rectore</strong></span> <span class='ocrx_word' id='word_1_17' title='bbox 1446 502 1614 557; x_wconf 84' lang='lat' dir='ltr'><strong>ﬁdeli.</strong></span> 
     </span>
    </p>
   </div>
   <div class='ocr_carea' id='block_1_5' title="bbox 381 592 1831 664">
    <p class='ocr_par' dir='ltr' id='par_1_5' title="bbox 381 592 1831 664">
     <span class='ocr_line' id='line_1_5' title="bbox 381 592 1831 664; baseline -0.001 -17"><span class='ocrx_word' id='word_1_18' title='bbox 381 595 568 648; x_wconf 75' lang='lat' dir='ltr'><strong>Fertur</strong></span> <span class='ocrx_word' id='word_1_19' title='bbox 597 595 700 648; x_wconf 92' lang='lat' dir='ltr'><strong>hoc</strong></span> <span class='ocrx_word' id='word_1_20' title='bbox 733 595 1030 648; x_wconf 89' lang='lat' dir='ltr'><strong>instructus</strong></span> <span class='ocrx_word' id='word_1_21' title='bbox 1059 595 1282 649; x_wconf 88' lang='lat' dir='ltr'><strong>doctore</strong></span> <span class='ocrx_word' id='word_1_22' title='bbox 1312 593 1377 648; x_wconf 90' lang='lat' dir='ltr'><strong>ad</strong></span> <span class='ocrx_word' id='word_1_23' title='bbox 1413 594 1559 647; x_wconf 89' lang='lat' dir='ltr'><strong>bella</strong></span> <span class='ocrx_word' id='word_1_24' title='bbox 1589 592 1831 664; x_wconf 85' lang='lat' dir='ltr'><strong>gerenda</strong></span> 
     </span>
    </p>
   </div>
   <div class='ocr_carea' id='block_1_6' title="bbox 380 686 1702 757">
    <p class='ocr_par' dir='ltr' id='par_1_6' title="bbox 380 686 1702 757">
     <span class='ocr_line' id='line_1_6' title="bbox 380 686 1702 757; baseline -0.002 -17"><span class='ocrx_word' id='word_1_25' title='bbox 380 687 576 740; x_wconf 71' lang='lat' dir='ltr'><strong>C(Blica</strong></span> <span class='ocrx_word' id='word_1_26' title='bbox 607 686 944 748; x_wconf 90' lang='lat' dir='ltr'><strong>Pancratius,</strong></span> <span class='ocrx_word' id='word_1_27' title='bbox 981 694 1179 757; x_wconf 86' lang='lat' dir='ltr'><strong>patruo</strong></span> <span class='ocrx_word' id='word_1_28' title='bbox 1201 687 1461 740; x_wconf 87' lang='lat' dir='ltr'><strong>ductante</strong></span> <span class='ocrx_word' id='word_1_29' title='bbox 1495 687 1658 739; x_wconf 88' lang='lat' dir='ltr'><strong>beato</strong></span> <span class='ocrx_word' id='word_1_30' title='bbox 1688 701 1702 750; x_wconf 87' lang='lat'><strong>;</strong></span> 
     </span>
    </p>
   </div>
   <div class='ocr_carea' id='block_1_7' title="bbox 376 773 1775 848">
    <p class='ocr_par' dir='ltr' id='par_1_7' title="bbox 376 773 1775 848">
     <span class='ocr_line' id='line_1_7' title="bbox 376 773 1775 848; baseline -0.001 -20"><span class='ocrx_word' id='word_1_31' title='bbox 376 776 581 846; x_wconf 89' lang='lat' dir='ltr'><strong>Impius</strong></span> <span class='ocrx_word' id='word_1_32' title='bbox 612 776 912 829; x_wconf 77' lang='lat' dir='ltr'><strong>exhorretis</strong></span> <span class='ocrx_word' id='word_1_33' title='bbox 951 775 1100 829; x_wconf 89' lang='lat' dir='ltr'><strong>dolet</strong></span> <span class='ocrx_word' id='word_1_34' title='bbox 1137 775 1358 848; x_wconf 84' lang='lat' dir='ltr'><strong>agmina</strong></span> <span class='ocrx_word' id='word_1_35' title='bbox 1387 781 1574 828; x_wconf 86' lang='lat' dir='ltr'><strong>sancta</strong></span> <span class='ocrx_word' id='word_1_36' title='bbox 1605 773 1775 835; x_wconf 89' lang='lat' dir='ltr'><strong>coire,</strong></span> 
     </span>
    </p>
   </div>
   <div class='ocr_carea' id='block_1_8' title="bbox 375 865 1766 937">
    <p class='ocr_par' dir='ltr' id='par_1_8' title="bbox 375 865 1766 937">
     <span class='ocr_line' id='line_1_8' title="bbox 375 865 1766 937; baseline -0.002 -17"><span class='ocrx_word' id='word_1_37' title='bbox 375 867 744 937; x_wconf 88' lang='lat' dir='ltr'><strong>Densatasque</strong></span> <span class='ocrx_word' id='word_1_38' title='bbox 777 882 976 937; x_wconf 90' lang='lat' dir='ltr'><strong>parans</strong></span> <span class='ocrx_word' id='word_1_39' title='bbox 1003 865 1199 919; x_wconf 84' lang='lat' dir='ltr'><strong>Christi</strong></span> <span class='ocrx_word' id='word_1_40' title='bbox 1230 866 1454 920; x_wconf 88' lang='lat' dir='ltr'><strong>turbare</strong></span> <span class='ocrx_word' id='word_1_41' title='bbox 1491 865 1766 929; x_wconf 90' lang='lat' dir='ltr'><strong>cohortes,</strong></span> 
     </span>
    </p>
   </div>
   <div class='ocr_carea' id='block_1_9' title="bbox 375 955 1711 1026">
    <p class='ocr_par' dir='ltr' id='par_1_9' title="bbox 375 955 1711 1026">
     <span class='ocr_line' id='line_1_9' title="bbox 375 955 1711 1026; baseline -0.003 -16"><span class='ocrx_word' id='word_1_42' title='bbox 375 958 659 1012; x_wconf 88' lang='lat' dir='ltr'><strong>Ductorem</strong></span> <span class='ocrx_word' id='word_1_43' title='bbox 691 956 828 1026; x_wconf 84' lang='lat' dir='ltr'><strong>rapit</strong></span> <span class='ocrx_word' id='word_1_44' title='bbox 856 971 885 1008; x_wconf 92' lang='lat' dir='ltr'><strong>e</strong></span> <span class='ocrx_word' id='word_1_45' title='bbox 912 955 1116 1020; x_wconf 89' lang='lat' dir='ltr'><strong>medio,</strong></span> <span class='ocrx_word' id='word_1_46' title='bbox 1151 955 1416 1026; x_wconf 82' lang='lat' dir='ltr'><strong>pellitque</strong></span> <span class='ocrx_word' id='word_1_47' title='bbox 1461 955 1711 1026; x_wconf 82' lang='lat' dir='ltr'><strong>relegans</strong></span> 
     </span>
    </p>
   </div>
   <div class='ocr_carea' id='block_1_10' title="bbox 380 1044 1880 1119">
    <p class='ocr_par' dir='ltr' id='par_1_10' title="bbox 380 1044 1880 1119">
     <span class='ocr_line' id='line_1_10' title="bbox 380 1044 1880 1119; baseline -0.003 -18"><span class='ocrx_word' id='word_1_48' title='bbox 380 1049 657 1102; x_wconf 83' lang='lat' dir='ltr'><strong>Extorrem</strong></span> <span class='ocrx_word' id='word_1_49' title='bbox 683 1047 1019 1119; x_wconf 88' lang='lat' dir='ltr'><strong>Centumque</strong></span> <span class='ocrx_word' id='word_1_50' title='bbox 1051 1048 1236 1101; x_wconf 89' lang='lat' dir='ltr'><strong>locans</strong></span> <span class='ocrx_word' id='word_1_51' title='bbox 1260 1048 1451 1115; x_wconf 92' lang='lat' dir='ltr'><strong>juncto</strong></span> <span class='ocrx_word' id='word_1_52' title='bbox 1475 1046 1670 1100; x_wconf 90' lang='lat' dir='ltr'><strong>ordine</strong></span> <span class='ocrx_word' id='word_1_53' title='bbox 1701 1044 1880 1098; x_wconf 89' lang='lat' dir='ltr'><strong>Cellis.</strong></span> 
     </span>
    </p>
   </div>
   <div class='ocr_carea' id='block_1_11' title="bbox 382 1135 1893 1208">
    <p class='ocr_par' dir='ltr' id='par_1_11' title="bbox 382 1135 1893 1208">
     <span class='ocr_line' id='line_1_11' title="bbox 382 1135 1893 1208; baseline -0.001 -19"><span class='ocrx_word' id='word_1_54' title='bbox 382 1137 586 1191; x_wconf 65' lang='lat' dir='ltr'><strong>Militia:</strong></span> <span class='ocrx_word' id='word_1_55' title='bbox 619 1153 932 1208; x_wconf 85' lang='lat' dir='ltr'><strong>procerum,</strong></span> <span class='ocrx_word' id='word_1_56' title='bbox 957 1137 1150 1208; x_wconf 89' lang='lat' dir='ltr'><strong>nequit</strong></span> <span class='ocrx_word' id='word_1_57' title='bbox 1179 1136 1318 1190; x_wconf 89' lang='lat' dir='ltr'><strong>adse</strong></span> <span class='ocrx_word' id='word_1_58' title='bbox 1344 1135 1580 1207; x_wconf 89' lang='lat' dir='ltr'><strong>jungere</strong></span> <span class='ocrx_word' id='word_1_59' title='bbox 1611 1149 1852 1188; x_wconf 91' lang='lat' dir='ltr'><strong>amorem</strong></span> <span class='ocrx_word' id='word_1_60' title='bbox 1880 1151 1893 1197; x_wconf 91' lang='lat'><strong>;</strong></span> 
     </span>
    </p>
   </div>
   <div class='ocr_carea' id='block_1_12' title="bbox 384 1222 1755 1299">
    <p class='ocr_par' dir='ltr' id='par_1_12' title="bbox 384 1222 1755 1299">
     <span class='ocr_line' id='line_1_12' title="bbox 384 1222 1755 1299; baseline -0.002 -21"><span class='ocrx_word' id='word_1_61' title='bbox 384 1225 654 1294; x_wconf 89' lang='lat' dir='ltr'><strong>Principis</strong></span> <span class='ocrx_word' id='word_1_62' title='bbox 671 1225 985 1299; x_wconf 85' lang='lat' dir='ltr'><strong>agminibus</strong></span> <span class='ocrx_word' id='word_1_63' title='bbox 1017 1231 1311 1294; x_wconf 91' lang='lat' dir='ltr'><strong>pr0perant</strong></span> <span class='ocrx_word' id='word_1_64' title='bbox 1343 1223 1577 1278; x_wconf 85' lang='lat' dir='ltr'><strong>invisere</strong></span> <span class='ocrx_word' id='word_1_65' title='bbox 1601 1222 1755 1276; x_wconf 87' lang='lat' dir='ltr'><strong>multi</strong></span> 
     </span>
    </p>
   </div>
   <div class='ocr_carea' id='block_1_13' title="bbox 385 1311 1664 1385">
    <p class='ocr_par' dir='ltr' id='par_1_13' title="bbox 385 1311 1664 1385">
     <span class='ocr_line' id='line_1_13' title="bbox 385 1311 1664 1385; baseline -0.002 -19"><span class='ocrx_word' id='word_1_66' title='bbox 385 1316 558 1385; x_wconf 83' lang='lat' dir='ltr'><strong>Atque</strong></span> <span class='ocrx_word' id='word_1_67' title='bbox 585 1314 764 1368; x_wconf 91' lang='lat' dir='ltr'><strong>levare</strong></span> <span class='ocrx_word' id='word_1_68' title='bbox 793 1329 890 1384; x_wconf 89' lang='lat' dir='ltr'><strong>pro</strong></span> <span class='ocrx_word' id='word_1_69' title='bbox 922 1315 1138 1383; x_wconf 90' lang='lat' dir='ltr'><strong>pulsum</strong></span> <span class='ocrx_word' id='word_1_70' title='bbox 1156 1311 1420 1366; x_wconf 90' lang='lat' dir='ltr'><strong>lenimine</strong></span> <span class='ocrx_word' id='word_1_71' title='bbox 1446 1327 1664 1382; x_wconf 86' lang='lat' dir='ltr'><strong>papam.</strong></span> 
     </span>
    </p>
   </div>
   <div class='ocr_carea' id='block_1_14' title="bbox 382 1403 1738 1474">
    <p class='ocr_par' dir='ltr' id='par_1_14' title="bbox 382 1403 1738 1474">
     <span class='ocr_line' id='line_1_14' title="bbox 382 1403 1738 1474; baseline -0.002 -16"><span class='ocrx_word' id='word_1_72' title='bbox 382 1404 532 1458; x_wconf 86' lang='lat' dir='ltr'><strong>Tunc</strong></span> <span class='ocrx_word' id='word_1_73' title='bbox 570 1406 764 1460; x_wconf 64' lang='lat' dir='ltr'><strong>Africa:</strong></span> <span class='ocrx_word' id='word_1_74' title='bbox 797 1407 907 1470; x_wconf 85' lang='lat' dir='ltr'><strong>lux,</strong></span> <span class='ocrx_word' id='word_1_75' title='bbox 939 1421 1034 1460; x_wconf 88' lang='lat' dir='ltr'><strong>ore</strong></span> <span class='ocrx_word' id='word_1_76' title='bbox 1069 1405 1176 1458; x_wconf 84' lang='lat' dir='ltr'><strong>fide</strong></span> <span class='ocrx_word' id='word_1_77' title='bbox 1208 1404 1509 1474; x_wconf 78' lang='lat' dir='ltr'><strong>Cyprianus</strong></span> <span class='ocrx_word' id='word_1_78' title='bbox 1533 1403 1738 1472; x_wconf 88' lang='lat' dir='ltr'><strong>opima,</strong></span> 
     </span>
    </p>
   </div>
   <div class='ocr_carea' id='block_1_15' title="bbox 387 1495 1649 1570">
    <p class='ocr_par' dir='ltr' id='par_1_15' title="bbox 387 1495 1649 1570">
     <span class='ocr_line' id='line_1_15' title="bbox 387 1495 1649 1570; baseline -0.002 -21"><span class='ocrx_word' id='word_1_79' title='bbox 387 1497 518 1550; x_wconf 88' lang='lat' dir='ltr'><strong>Huic</strong></span> <span class='ocrx_word' id='word_1_80' title='bbox 541 1497 724 1570; x_wconf 81' lang='lat' dir='ltr'><strong>jungit</strong></span> <span class='ocrx_word' id='word_1_81' title='bbox 755 1497 1137 1565; x_wconf 87' lang='lat' dir='ltr'><strong>radiosjubari</strong></span> <span class='ocrx_word' id='word_1_82' title='bbox 1167 1496 1436 1568; x_wconf 85' lang='lat' dir='ltr'><strong>signando</strong></span> <span class='ocrx_word' id='word_1_83' title='bbox 1471 1495 1649 1548; x_wconf 89' lang='lat' dir='ltr'><strong>beatis</strong></span> 
     </span>
    </p>
   </div>
   <div class='ocr_carea' id='block_1_16' title="bbox 385 1586 1788 1659">
    <p class='ocr_par' dir='ltr' id='par_1_16' title="bbox 385 1586 1788 1659">
     <span class='ocr_line' id='line_1_16' title="bbox 385 1586 1788 1659; baseline -0.001 -19"><span class='ocrx_word' id='word_1_84' title='bbox 385 1589 786 1643; x_wconf 76' lang='lat' dir='ltr'><strong>Crammatibus</strong></span> <span class='ocrx_word' id='word_1_85' title='bbox 806 1589 1001 1642; x_wconf 65' lang='lat' dir='ltr'><strong>validae</strong></span> <span class='ocrx_word' id='word_1_86' title='bbox 1031 1588 1266 1642; x_wconf 89' lang='lat' dir='ltr'><strong>Celerini</strong></span> <span class='ocrx_word' id='word_1_87' title='bbox 1300 1595 1454 1659; x_wconf 89' lang='lat' dir='ltr'><strong>gesta</strong></span> <span class='ocrx_word' id='word_1_88' title='bbox 1489 1586 1740 1656; x_wconf 63' lang='lat' dir='ltr'><strong>palestraa</strong></span> <span class='ocrx_word' id='word_1_89' title='bbox 1776 1603 1788 1638; x_wconf 93' lang='lat'>:</span> 
     </span>
    </p>
   </div>
   <div class='ocr_carea' id='block_1_17' title="bbox 397 1682 1634 1754">
    <p class='ocr_par' dir='ltr' id='par_1_17' title="bbox 397 1682 1634 1754">
     <span class='ocr_line' id='line_1_17' title="bbox 397 1682 1634 1754; baseline 0 -20"><span class='ocrx_word' id='word_1_90' title='bbox 397 1683 750 1754; x_wconf 78' lang='lat' dir='ltr'><strong>Comperiens</strong></span> <span class='ocrx_word' id='word_1_91' title='bbox 781 1683 982 1737; x_wconf 92' lang='lat' dir='ltr'><strong>multos</strong></span> <span class='ocrx_word' id='word_1_92' title='bbox 1009 1699 1165 1753; x_wconf 73' lang='lat' dir='ltr'><strong>papze</strong></span> <span class='ocrx_word' id='word_1_93' title='bbox 1195 1682 1466 1736; x_wconf 87' lang='lat' dir='ltr'><strong>solamina</strong></span> <span class='ocrx_word' id='word_1_94' title='bbox 1490 1682 1634 1735; x_wconf 90' lang='lat' dir='ltr'><strong>ferre</strong></span> 
     </span>
    </p>
   </div>
   <div class='ocr_carea' id='block_1_18' title="bbox 392 1773 1829 1845">
    <p class='ocr_par' dir='ltr' id='par_1_18' title="bbox 392 1773 1829 1845">
     <span class='ocr_line' id='line_1_18' title="bbox 392 1773 1829 1845; baseline -0.001 -17"><span class='ocrx_word' id='word_1_95' title='bbox 392 1778 691 1841; x_wconf 79' lang='lat' dir='ltr'><strong>Crassator,</strong></span> <span class='ocrx_word' id='word_1_96' title='bbox 729 1782 945 1830; x_wconf 86' lang='lat' dir='ltr'><strong>revocat</strong></span> <span class='ocrx_word' id='word_1_97' title='bbox 970 1774 1222 1845; x_wconf 87' lang='lat' dir='ltr'><strong>falsoque</strong></span> <span class='ocrx_word' id='word_1_98' title='bbox 1253 1774 1589 1844; x_wconf 80' lang='lat' dir='ltr'><strong>SOphismate</strong></span> <span class='ocrx_word' id='word_1_99' title='bbox 1620 1773 1829 1840; x_wconf 90' lang='lat' dir='ltr'><strong>justum</strong></span> 
     </span>
    </p>
   </div>
   <div class='ocr_carea' id='block_1_19' title="bbox 398 1869 1730 1943">
    <p class='ocr_par' dir='ltr' id='par_1_19' title="bbox 398 1869 1730 1943">
     <span class='ocr_line' id='line_1_19' title="bbox 398 1869 1730 1943; baseline -0.002 -17"><span class='ocrx_word' id='word_1_100' title='bbox 398 1873 701 1937; x_wconf 91' lang='lat' dir='ltr'><strong>Insimulat,</strong></span> <span class='ocrx_word' id='word_1_101' title='bbox 734 1879 923 1927; x_wconf 89' lang='lat' dir='ltr'><strong>contra</strong></span> <span class='ocrx_word' id='word_1_102' title='bbox 946 1871 1092 1943; x_wconf 89' lang='lat' dir='ltr'><strong>quod</strong></span> <span class='ocrx_word' id='word_1_103' title='bbox 1127 1871 1482 1942; x_wconf 85' lang='lat' dir='ltr'><strong>publicajura</strong></span> <span class='ocrx_word' id='word_1_104' title='bbox 1510 1869 1730 1924; x_wconf 86' lang='lat' dir='ltr'><strong>libellos</strong></span> 
     </span>
    </p>
   </div>
   <div class='ocr_carea' id='block_1_20' title="bbox 395 1958 1828 2034">
    <p class='ocr_par' dir='ltr' id='par_1_20' title="bbox 395 1958 1828 2034">
     <span class='ocr_line' id='line_1_20' title="bbox 395 1958 1828 2034; baseline -0.001 -20"><span class='ocrx_word' id='word_1_105' title='bbox 395 1962 700 2032; x_wconf 86' lang='lat' dir='ltr'><strong>Sumpserit</strong></span> <span class='ocrx_word' id='word_1_106' title='bbox 729 1978 791 2015; x_wconf 92' lang='lat' dir='ltr'><strong>ac</strong></span> <span class='ocrx_word' id='word_1_107' title='bbox 821 1961 1053 2015; x_wconf 89' lang='lat' dir='ltr'><strong>schedas</strong></span> <span class='ocrx_word' id='word_1_108' title='bbox 1077 1959 1369 2034; x_wconf 88' lang='lat' dir='ltr'><strong>peregrino</strong></span> <span class='ocrx_word' id='word_1_109' title='bbox 1400 1976 1430 2012; x_wconf 88' lang='lat' dir='ltr'><strong>a</strong></span> <span class='ocrx_word' id='word_1_110' title='bbox 1458 1959 1639 2013; x_wconf 89' lang='lat' dir='ltr'><strong>littore</strong></span> <span class='ocrx_word' id='word_1_111' title='bbox 1672 1958 1828 2014; x_wconf 90' lang='lat' dir='ltr'><strong>latas.</strong></span> 
     </span>
    </p>
   </div>
   <div class='ocr_carea' id='block_1_21' title="bbox 403 2051 1824 2122">
    <p class='ocr_par' dir='ltr' id='par_1_21' title="bbox 403 2051 1824 2122">
     <span class='ocr_line' id='line_1_21' title="bbox 403 2051 1824 2122; baseline -0.002 -16"><span class='ocrx_word' id='word_1_112' title='bbox 403 2076 422 2100; x_wconf 81' lang='grc' dir='ltr'>ι</span> <span class='ocrx_word' id='word_1_113' title='bbox 461 2054 767 2107; x_wconf 86' lang='lat' dir='ltr'><strong>Grammata</strong></span> <span class='ocrx_word' id='word_1_114' title='bbox 784 2052 999 2122; x_wconf 88' lang='lat' dir='ltr'><strong>suscepi</strong></span> <span class='ocrx_word' id='word_1_115' title='bbox 1020 2051 1233 2106; x_wconf 87' lang='lat' dir='ltr'><strong>Domini</strong></span> <span class='ocrx_word' id='word_1_116' title='bbox 1254 2068 1422 2120; x_wconf 89' lang='lat' dir='ltr'><strong>super</strong></span> <span class='ocrx_word' id='word_1_117' title='bbox 1447 2051 1576 2119; x_wconf 83' lang='lat' dir='ltr'><strong>(ille)</strong></span> <span class='ocrx_word' id='word_1_118' title='bbox 1600 2066 1824 2115; x_wconf 86' lang='lat' dir='ltr'><strong>corona,</strong></span> 
     </span>
    </p>
   </div>
   <div class='ocr_carea' id='block_1_22' title="bbox 400 2144 2006 2214">
    <p class='ocr_par' dir='ltr' id='par_1_22' title="bbox 400 2144 2006 2214">
     <span class='ocr_line' id='line_1_22' title="bbox 400 2144 2006 2214; baseline -0.004 -16"><span class='ocrx_word' id='word_1_119' title='bbox 400 2146 511 2199; x_wconf 82' lang='lat' dir='ltr'><strong>Non</strong></span> <span class='ocrx_word' id='word_1_120' title='bbox 555 2161 665 2199; x_wconf 91' lang='lat' dir='ltr'><strong>rem</strong></span> <span class='ocrx_word' id='word_1_121' title='bbox 697 2145 993 2198; x_wconf 85' lang='lat' dir='ltr'><strong>Romanam</strong></span> <span class='ocrx_word' id='word_1_122' title='bbox 1024 2144 1108 2197; x_wconf 89' lang='lat' dir='ltr'><strong>vel</strong></span> <span class='ocrx_word' id='word_1_123' title='bbox 1155 2144 1372 2214; x_wconf 89' lang='lat' dir='ltr'><strong>publica</strong></span> <span class='ocrx_word' id='word_1_124' title='bbox 1421 2144 1710 2198; x_wconf 92' lang='lat' dir='ltr'><strong>commoda</strong></span> <span class='ocrx_word' id='word_1_125' title='bbox 1745 2151 1954 2198; x_wconf 90' lang='lat' dir='ltr'><strong>contra.</strong></span> <span class='ocrx_word' id='word_1_126' title='bbox 1987 2166 2006 2192; x_wconf 79' lang='grc' dir='ltr'>ι</span> 
     </span>
    </p>
   </div>
   <div class='ocr_carea' id='block_1_23' title="bbox 398 2234 1518 2298">
    <p class='ocr_par' dir='ltr' id='par_1_23' title="bbox 398 2234 1518 2298">
     <span class='ocr_line' id='line_1_23' title="bbox 398 2234 1518 2298; baseline 0 -10"><span class='ocrx_word' id='word_1_127' title='bbox 398 2239 461 2290; x_wconf 76' lang='lat' dir='ltr'><strong>At</strong></span> <span class='ocrx_word' id='word_1_128' title='bbox 489 2236 632 2290; x_wconf 89' lang='lat' dir='ltr'><strong>veris</strong></span> <span class='ocrx_word' id='word_1_129' title='bbox 659 2235 810 2290; x_wconf 86' lang='lat' dir='ltr'><strong>furor</strong></span> <span class='ocrx_word' id='word_1_130' title='bbox 831 2235 1038 2289; x_wconf 85' lang='lat' dir='ltr'><strong>auditis</strong></span> <span class='ocrx_word' id='word_1_131' title='bbox 1067 2234 1310 2298; x_wconf 78' lang='lat' dir='ltr'><strong>effervet,</strong></span> <span class='ocrx_word' id='word_1_132' title='bbox 1345 2242 1398 2288; x_wconf 87' lang='lat' dir='ltr'><strong>et</strong></span> <span class='ocrx_word' id='word_1_133' title='bbox 1423 2250 1518 2288; x_wconf 90' lang='lat' dir='ltr'><strong>ora</strong></span> 
     </span>
    </p>
   </div>
   <div class='ocr_carea' id='block_1_24' title="bbox 398 2325 1840 2398">
    <p class='ocr_par' dir='ltr' id='par_1_24' title="bbox 398 2325 1840 2398">
     <span class='ocr_line' id='line_1_24' title="bbox 398 2325 1840 2398; baseline 0 -18"><span class='ocrx_word' id='word_1_134' title='bbox 398 2329 524 2380; x_wconf 86' lang='lat' dir='ltr'><strong>Tam</strong></span> <span class='ocrx_word' id='word_1_135' title='bbox 569 2334 820 2398; x_wconf 88' lang='lat' dir='ltr'><strong>prompte</strong></span> <span class='ocrx_word' id='word_1_136' title='bbox 842 2327 1065 2397; x_wconf 93' lang='lat' dir='ltr'><strong>plumbo</strong></span> <span class='ocrx_word' id='word_1_137' title='bbox 1084 2334 1191 2380; x_wconf 91' lang='lat' dir='ltr'><strong>tam</strong></span> <span class='ocrx_word' id='word_1_138' title='bbox 1227 2343 1363 2396; x_wconf 90' lang='lat' dir='ltr'><strong>pura</strong></span> <span class='ocrx_word' id='word_1_139' title='bbox 1385 2325 1613 2381; x_wconf 84' lang='lat' dir='ltr'><strong>fatentia</strong></span> <span class='ocrx_word' id='word_1_140' title='bbox 1637 2326 1840 2380; x_wconf 90' lang='lat' dir='ltr'><strong>tundit.</strong></span> 
     </span>
    </p>
   </div>
   <div class='ocr_carea' id='block_1_25' title="bbox 399 2419 1705 2490">
    <p class='ocr_par' dir='ltr' id='par_1_25' title="bbox 399 2419 1705 2490">
     <span class='ocr_line' id='line_1_25' title="bbox 399 2419 1705 2490; baseline -0.002 -16"><span class='ocrx_word' id='word_1_141' title='bbox 399 2421 731 2490; x_wconf 87' lang='lat' dir='ltr'><strong>Oppressarc</strong></span> <span class='ocrx_word' id='word_1_142' title='bbox 767 2419 948 2474; x_wconf 77' lang='lat' dir='ltr'><strong>hebeti</strong></span> <span class='ocrx_word' id='word_1_143' title='bbox 985 2419 1139 2474; x_wconf 92' lang='lat' dir='ltr'><strong>nisus</strong></span> <span class='ocrx_word' id='word_1_144' title='bbox 1170 2419 1493 2474; x_wconf 89' lang='lat' dir='ltr'><strong>discriminc</strong></span> <span class='ocrx_word' id='word_1_145' title='bbox 1511 2435 1705 2473; x_wconf 90' lang='lat' dir='ltr'><strong>verum</strong></span> 
     </span>
    </p>
   </div>
   <div class='ocr_carea' id='block_1_26' title="bbox 400 2506 1763 2578">
    <p class='ocr_par' dir='ltr' id='par_1_26' title="bbox 400 2506 1763 2578">
     <span class='ocr_line' id='line_1_26' title="bbox 400 2506 1763 2578; baseline -0.001 -17"><span class='ocrx_word' id='word_1_146' title='bbox 400 2509 622 2562; x_wconf 90' lang='lat' dir='ltr'><strong>Ducitur</strong></span> <span class='ocrx_word' id='word_1_147' title='bbox 662 2509 789 2563; x_wconf 92' lang='lat' dir='ltr'><strong>hinc</strong></span> <span class='ocrx_word' id='word_1_148' title='bbox 821 2508 1022 2578; x_wconf 77' lang='lat' dir='ltr'><strong>praesul</strong></span> <span class='ocrx_word' id='word_1_149' title='bbox 1054 2507 1312 2562; x_wconf 75' lang='lat' dir='ltr'><strong>Mavortia</strong></span> <span class='ocrx_word' id='word_1_150' title='bbox 1351 2523 1503 2561; x_wconf 87' lang='lat' dir='ltr'><strong>sacra</strong></span> <span class='ocrx_word' id='word_1_151' title='bbox 1531 2506 1763 2566; x_wconf 88' lang='lat' dir='ltr'><strong>litatum,</strong></span> 
     </span>
    </p>
   </div>
   <div class='ocr_carea' id='block_1_27' title="bbox 401 2597 1819 2662">
    <p class='ocr_par' dir='ltr' id='par_1_27' title="bbox 401 2597 1819 2662">
     <span class='ocr_line' id='line_1_27' title="bbox 401 2597 1819 2662; baseline -0.002 -10"><span class='ocrx_word' id='word_1_152' title='bbox 401 2600 494 2652; x_wconf 80' lang='lat' dir='ltr'><strong>Sin</strong></span> <span class='ocrx_word' id='word_1_153' title='bbox 531 2612 780 2654; x_wconf 86' lang='lat' dir='ltr'><strong>temnens</strong></span> <span class='ocrx_word' id='word_1_154' title='bbox 820 2605 1034 2662; x_wconf 89' lang='lat' dir='ltr'><strong>renuat,</strong></span> <span class='ocrx_word' id='word_1_155' title='bbox 1065 2598 1266 2652; x_wconf 84' lang='lat' dir='ltr'><strong>crudas</strong></span> <span class='ocrx_word' id='word_1_156' title='bbox 1297 2605 1566 2652; x_wconf 91' lang='lat' dir='ltr'><strong>mactetur</strong></span> <span class='ocrx_word' id='word_1_157' title='bbox 1585 2597 1653 2651; x_wconf 89' lang='lat' dir='ltr'><strong>ad</strong></span> <span class='ocrx_word' id='word_1_158' title='bbox 1681 2613 1819 2650; x_wconf 88' lang='lat' dir='ltr'><strong>aras.</strong></span> 
     </span>
    </p>
   </div>
   <div class='ocr_carea' id='block_1_28' title="bbox 401 2684 2012 2759">
    <p class='ocr_par' dir='ltr' id='par_1_28' title="bbox 401 2684 2012 2759">
     <span class='ocr_line' id='line_1_28' title="bbox 401 2684 2012 2759; baseline -0.002 -18"><span class='ocrx_word' id='word_1_159' title='bbox 401 2689 534 2741; x_wconf 91' lang='lat' dir='ltr'><strong>Dum</strong></span> <span class='ocrx_word' id='word_1_160' title='bbox 567 2704 720 2742; x_wconf 84' lang='lat' dir='ltr'><strong>sacra</strong></span> <span class='ocrx_word' id='word_1_161' title='bbox 747 2687 986 2741; x_wconf 89' lang='lat' dir='ltr'><strong>facturus</strong></span> <span class='ocrx_word' id='word_1_162' title='bbox 1017 2693 1273 2756; x_wconf 89' lang='lat' dir='ltr'><strong>properat</strong></span> <span class='ocrx_word' id='word_1_163' title='bbox 1299 2685 1475 2759; x_wconf 92' lang='lat' dir='ltr'><strong>magis</strong></span> <span class='ocrx_word' id='word_1_164' title='bbox 1512 2685 1631 2756; x_wconf 89' lang='lat' dir='ltr'><strong>ipse</strong></span> <span class='ocrx_word' id='word_1_165' title='bbox 1689 2684 2012 2750; x_wconf 88' lang='lat' dir='ltr'><strong>sacrandus,</strong></span> 
     </span>
    </p>
   </div>
   <div class='ocr_carea' id='block_1_29' title="bbox 407 2776 1559 2848">
    <p class='ocr_par' dir='ltr' id='par_1_29' title="bbox 407 2776 1559 2848">
     <span class='ocr_line' id='line_1_29' title="bbox 407 2776 1559 2848; baseline -0.001 -16"><span class='ocrx_word' id='word_1_166' title='bbox 407 2780 512 2834; x_wconf 84' lang='lat' dir='ltr'><strong>Hac</strong></span> <span class='ocrx_word' id='word_1_167' title='bbox 533 2797 596 2833; x_wconf 87' lang='lat' dir='ltr'><strong>ex</strong></span> <span class='ocrx_word' id='word_1_168' title='bbox 628 2778 822 2832; x_wconf 91' lang='lat' dir='ltr'><strong>militia</strong></span> <span class='ocrx_word' id='word_1_169' title='bbox 852 2778 1075 2848; x_wconf 90' lang='lat' dir='ltr'><strong>quidam</strong></span> <span class='ocrx_word' id='word_1_170' title='bbox 1110 2776 1335 2831; x_wconf 88' lang='lat' dir='ltr'><strong>Cerialis</strong></span> <span class='ocrx_word' id='word_1_171' title='bbox 1366 2776 1559 2831; x_wconf 89' lang='lat' dir='ltr'><strong>adacta</strong></span> 
     </span>
    </p>
   </div>
   <div class='ocr_carea' id='block_1_30' title="bbox 406 2863 1852 2938">
    <p class='ocr_par' dir='ltr' id='par_1_30' title="bbox 406 2863 1852 2938">
     <span class='ocr_line' id='line_1_30' title="bbox 406 2863 1852 2938; baseline -0.003 -17"><span class='ocrx_word' id='word_1_172' title='bbox 406 2866 656 2938; x_wconf 80' lang='lat' dir='ltr'><strong>Quinque</strong></span> <span class='ocrx_word' id='word_1_173' title='bbox 689 2881 785 2936; x_wconf 86' lang='lat' dir='ltr'><strong>per</strong></span> <span class='ocrx_word' id='word_1_174' title='bbox 814 2873 1033 2919; x_wconf 70' lang='lat' dir='ltr'><strong>aestates</strong></span> <span class='ocrx_word' id='word_1_175' title='bbox 1073 2864 1232 2919; x_wconf 92' lang='lat' dir='ltr'><strong>cunis</strong></span> <span class='ocrx_word' id='word_1_176' title='bbox 1264 2881 1360 2934; x_wconf 86' lang='lat' dir='ltr'><strong>pro</strong></span> <span class='ocrx_word' id='word_1_177' title='bbox 1384 2863 1622 2936; x_wconf 82' lang='lat' dir='ltr'><strong>conjuge</strong></span> <span class='ocrx_word' id='word_1_178' title='bbox 1657 2863 1852 2934; x_wconf 89' lang='lat' dir='ltr'><strong>poscit,</strong></span> 
     </span>
    </p>
   </div>
   <div class='ocr_carea' id='block_1_31' title="bbox 409 2953 1578 3025">
    <p class='ocr_par' dir='ltr' id='par_1_31' title="bbox 409 2953 1578 3025">
     <span class='ocr_line' id='line_1_31' title="bbox 409 2953 1578 3025; baseline -0.002 -16"><span class='ocrx_word' id='word_1_179' title='bbox 409 2956 577 3023; x_wconf 88' lang='lat' dir='ltr'><strong>Ilujus</strong></span> <span class='ocrx_word' id='word_1_180' title='bbox 604 2963 661 3009; x_wconf 92' lang='lat' dir='ltr'><strong>ut</strong></span> <span class='ocrx_word' id='word_1_181' title='bbox 692 2955 744 3007; x_wconf 93' lang='lat' dir='ltr'><strong>in</strong></span> <span class='ocrx_word' id='word_1_182' title='bbox 778 2954 894 3006; x_wconf 91' lang='lat' dir='ltr'><strong>visu</strong></span> <span class='ocrx_word' id='word_1_183' title='bbox 927 2953 1102 3006; x_wconf 87' lang='lat' dir='ltr'><strong>valeat</strong></span> <span class='ocrx_word' id='word_1_184' title='bbox 1131 2953 1373 3025; x_wconf 86' lang='lat' dir='ltr'><strong>gaudere</strong></span> <span class='ocrx_word' id='word_1_185' title='bbox 1401 2953 1578 3007; x_wconf 89' lang='lat' dir='ltr'><strong>salute</strong></span> 
     </span>
    </p>
   </div>
   <div class='ocr_carea' id='block_1_32' title="bbox 411 3041 1872 3116">
    <p class='ocr_par' dir='ltr' id='par_1_32' title="bbox 411 3041 1872 3116">
     <span class='ocr_line' id='line_1_32' title="bbox 411 3041 1872 3116; baseline -0.002 -18"><span class='ocrx_word' id='word_1_186' title='bbox 411 3045 542 3110; x_wconf 44' lang='lat' dir='ltr'><strong>I‘Cjus</strong></span> <span class='ocrx_word' id='word_1_187' title='bbox 567 3051 618 3097; x_wconf 91' lang='lat' dir='ltr'><strong>at</strong></span> <span class='ocrx_word' id='word_1_188' title='bbox 648 3043 738 3096; x_wconf 89' lang='lat' dir='ltr'><strong>ille</strong></span> <span class='ocrx_word' id='word_1_189' title='bbox 769 3042 990 3096; x_wconf 90' lang='lat' dir='ltr'><strong>domum</strong></span> <span class='ocrx_word' id='word_1_190' title='bbox 1007 3042 1236 3095; x_wconf 88' lang='lat' dir='ltr'><strong>subiens</strong></span> <span class='ocrx_word' id='word_1_191' title='bbox 1265 3042 1406 3095; x_wconf 89' lang='lat' dir='ltr'><strong>hanc</strong></span> <span class='ocrx_word' id='word_1_192' title='bbox 1435 3041 1596 3116; x_wconf 85' lang='lat' dir='ltr'><strong>erigit</strong></span> <span class='ocrx_word' id='word_1_193' title='bbox 1627 3041 1823 3112; x_wconf 86' lang='lat' dir='ltr'><strong>(aiens)</strong></span> <span class='ocrx_word' id='word_1_194' title='bbox 1859 3059 1872 3094; x_wconf 88' lang='lat'><strong>:</strong></span> 
     </span>
    </p>
   </div>
   <div class='ocr_carea' id='block_1_33' title="bbox 414 3131 2020 3207">
    <p class='ocr_par' dir='ltr' id='par_1_33' title="bbox 414 3131 2020 3207">
     <span class='ocr_line' id='line_1_33' title="bbox 414 3131 2020 3207; baseline 0.004 -25"><span class='ocrx_word' id='word_1_195' title='bbox 414 3158 436 3182; x_wconf 69' lang='grc' dir='ltr'><strong>ι(</strong></span> <span class='ocrx_word' id='word_1_196' title='bbox 462 3135 654 3207; x_wconf 82' lang='lat' dir='ltr'><strong>Surge,</strong></span> <span class='ocrx_word' id='word_1_197' title='bbox 691 3132 910 3202; x_wconf 88' lang='lat' dir='ltr'><strong>tuisque</strong></span> <span class='ocrx_word' id='word_1_198' title='bbox 942 3132 1081 3186; x_wconf 92' lang='lat' dir='ltr'><strong>insta</strong></span> <span class='ocrx_word' id='word_1_199' title='bbox 1113 3131 1348 3202; x_wconf 87' lang='lat' dir='ltr'><strong>pedibus</strong></span> <span class='ocrx_word' id='word_1_200' title='bbox 1385 3132 1485 3185; x_wconf 87' lang='lat' dir='ltr'><strong>sub</strong></span> <span class='ocrx_word' id='word_1_201' title='bbox 1543 3131 1768 3186; x_wconf 88' lang='lat' dir='ltr'><strong>nomine</strong></span> <span class='ocrx_word' id='word_1_202' title='bbox 1807 3132 1958 3188; x_wconf 88' lang='lat' dir='ltr'><strong>Jesu.</strong></span> <span class='ocrx_word' id='word_1_203' title='bbox 2001 3155 2020 3179; x_wconf 66' lang='grc' dir='ltr'><strong>ν</strong></span> 
     </span>
    </p>
   </div>
   <div class='ocr_carea' id='block_1_34' title="bbox 413 3223 1642 3294">
    <p class='ocr_par' dir='ltr' id='par_1_34' title="bbox 413 3223 1642 3294">
     <span class='ocr_line' id='line_1_34' title="bbox 413 3223 1642 3294; baseline -0.002 -15"><span class='ocrx_word' id='word_1_204' title='bbox 413 3226 562 3281; x_wconf 93' lang='lat' dir='ltr'><strong>Illico</strong></span> <span class='ocrx_word' id='word_1_205' title='bbox 593 3227 713 3280; x_wconf 65' lang='lat' dir='ltr'><strong>laeta</strong></span> <span class='ocrx_word' id='word_1_206' title='bbox 735 3223 882 3276; x_wconf 86' lang='lat' dir='ltr'><strong>subit</strong></span> <span class='ocrx_word' id='word_1_207' title='bbox 913 3230 1176 3294; x_wconf 82' lang='lat' dir='ltr'><strong>percepto</strong></span> <span class='ocrx_word' id='word_1_208' title='bbox 1201 3224 1423 3289; x_wconf 90' lang='lat' dir='ltr'><strong>robore,</strong></span> <span class='ocrx_word' id='word_1_209' title='bbox 1453 3240 1642 3278; x_wconf 86' lang='lat' dir='ltr'><strong>verum</strong></span> 
     </span>
    </p>
   </div>
   <div class='ocr_carea' id='block_1_35' title="bbox 414 3311 1812 3384">
    <p class='ocr_par' dir='ltr' id='par_1_35' title="bbox 414 3311 1812 3384">
     <span class='ocr_line' id='line_1_35' title="bbox 414 3311 1812 3384; baseline -0.001 -18"><span class='ocrx_word' id='word_1_210' title='bbox 414 3314 537 3366; x_wconf 85' lang='lat' dir='ltr'><strong>Esse</strong></span> <span class='ocrx_word' id='word_1_211' title='bbox 563 3313 652 3366; x_wconf 89' lang='lat' dir='ltr'><strong>Dei</strong></span> <span class='ocrx_word' id='word_1_212' title='bbox 678 3311 923 3384; x_wconf 87' lang='lat' dir='ltr'><strong>genitum</strong></span> <span class='ocrx_word' id='word_1_213' title='bbox 957 3312 1200 3365; x_wconf 88' lang='lat' dir='ltr'><strong>clamans</strong></span> <span class='ocrx_word' id='word_1_214' title='bbox 1229 3311 1487 3366; x_wconf 86' lang='lat' dir='ltr'><strong>Sallustia</strong></span> <span class='ocrx_word' id='word_1_215' title='bbox 1516 3311 1812 3377; x_wconf 84' lang='lat' dir='ltr'><strong>Christum,</strong></span> 
     </span>
    </p>
   </div>
   <div class='ocr_carea' id='block_1_36' title="bbox 414 3399 1767 3470">
    <p class='ocr_par' dir='ltr' id='par_1_36' title="bbox 414 3399 1767 3470">
     <span class='ocr_line' id='line_1_36' title="bbox 414 3399 1767 3470; baseline -0.002 -15"><span class='ocrx_word' id='word_1_216' title='bbox 414 3403 472 3455; x_wconf 89' lang='lat' dir='ltr'><strong>Et</strong></span> <span class='ocrx_word' id='word_1_217' title='bbox 502 3417 729 3456; x_wconf 85' lang='lat' dir='ltr'><strong>currens</strong></span> <span class='ocrx_word' id='word_1_218' title='bbox 748 3417 842 3454; x_wconf 87' lang='lat' dir='ltr'><strong>vas</strong></span> <span class='ocrx_word' id='word_1_219' title='bbox 873 3399 1067 3470; x_wconf 90' lang='lat' dir='ltr'><strong>implet</strong></span> <span class='ocrx_word' id='word_1_220' title='bbox 1098 3415 1263 3470; x_wconf 90' lang='lat' dir='ltr'><strong>aqua,</strong></span> <span class='ocrx_word' id='word_1_221' title='bbox 1296 3400 1549 3469; x_wconf 88' lang='lat' dir='ltr'><strong>conjurat</strong></span> <span class='ocrx_word' id='word_1_222' title='bbox 1571 3408 1624 3454; x_wconf 86' lang='lat' dir='ltr'><strong>et</strong></span> <span class='ocrx_word' id='word_1_223' title='bbox 1649 3407 1767 3454; x_wconf 90' lang='lat' dir='ltr'><strong>orat</strong></span> 
     </span>
    </p>
   </div>
   <div class='ocr_carea' id='block_1_37' title="bbox 415 3488 1790 3563">
    <p class='ocr_par' dir='ltr' id='par_1_37' title="bbox 415 3488 1790 3563">
     <span class='ocr_line' id='line_1_37' title="bbox 415 3488 1790 3563; baseline -0.002 -18"><span class='ocrx_word' id='word_1_224' title='bbox 415 3493 536 3562; x_wconf 89' lang='lat' dir='ltr'><strong>Ipsa</strong></span> <span class='ocrx_word' id='word_1_225' title='bbox 568 3492 778 3546; x_wconf 88' lang='lat' dir='ltr'><strong>lavacra</strong></span> <span class='ocrx_word' id='word_1_226' title='bbox 804 3490 988 3545; x_wconf 87' lang='lat' dir='ltr'><strong>ferens</strong></span> <span class='ocrx_word' id='word_1_227' title='bbox 1011 3489 1184 3544; x_wconf 91' lang='lat' dir='ltr'><strong>sacris</strong></span> <span class='ocrx_word' id='word_1_228' title='bbox 1214 3505 1274 3543; x_wconf 87' lang='lat' dir='ltr'><strong>se</strong></span> <span class='ocrx_word' id='word_1_229' title='bbox 1303 3489 1554 3563; x_wconf 78' lang='lat' dir='ltr'><strong>spargier</strong></span> <span class='ocrx_word' id='word_1_230' title='bbox 1580 3488 1745 3543; x_wconf 91' lang='lat' dir='ltr'><strong>undis</strong></span> <span class='ocrx_word' id='word_1_231' title='bbox 1776 3506 1790 3553; x_wconf 89' lang='lat'><strong>;</strong></span> 
     </span>
    </p>
   </div>
   <div class='ocr_carea' id='block_1_38' title="bbox 1071 186 2874 246">
    <p class='ocr_par' dir='ltr' id='par_1_38' title="bbox 1071 186 2874 246">
     <span class='ocr_line' id='line_1_38' title="bbox 1071 186 2874 246; baseline -0.006 0"><span class='ocrx_word' id='word_1_232' title='bbox 1071 189 1437 246; x_wconf 81' lang='lat' dir='ltr'><strong>FLODOARDI</strong></span> <span class='ocrx_word' id='word_1_233' title='bbox 1479 189 1780 244; x_wconf 76' lang='lat' dir='ltr'><strong>CANONICI</strong></span> <span class='ocrx_word' id='word_1_234' title='bbox 1825 188 2152 243; x_wconf 76' lang='lat' dir='ltr'><strong>REMENSIS</strong></span> <span class='ocrx_word' id='word_1_235' title='bbox 2191 188 2529 244; x_wconf 82' lang='lat' dir='ltr'><strong>OPUSCULA</strong></span> <span class='ocrx_word' id='word_1_236' title='bbox 2568 186 2874 242; x_wconf 79' lang='lat' dir='ltr'><strong>METRICA.</strong></span> 
     </span>
    </p>
   </div>
   <div class='ocr_carea' id='block_1_39' title="bbox 3623 179 3739 234">
    <p class='ocr_par' dir='ltr' id='par_1_39' title="bbox 3623 179 3739 234">
     <span class='ocr_line' id='line_1_39' title="bbox 3623 179 3739 234; baseline -0.017 0"><span class='ocrx_word' id='word_1_237' title='bbox 3623 179 3739 234; x_wconf 87' lang='lat'><strong>668</strong></span> 
     </span>
    </p>
   </div>
   <div class='ocr_carea' id='block_1_40' title="bbox 2020 314 3657 389">
    <p class='ocr_par' dir='ltr' id='par_1_40' title="bbox 2020 314 3657 389">
     <span class='ocr_line' id='line_1_40' title="bbox 2020 314 3657 389; baseline -0.007 -18"><span class='ocrx_word' id='word_1_238' title='bbox 2020 324 2066 388; x_wconf 61' lang='grc' dir='ltr'><strong>Α</strong></span> <span class='ocrx_word' id='word_1_239' title='bbox 2094 317 2536 389; x_wconf 90' lang='lat' dir='ltr'><strong>Cunctorumque</strong></span> <span class='ocrx_word' id='word_1_240' title='bbox 2568 331 2761 387; x_wconf 90' lang='lat' dir='ltr'><strong>preces</strong></span> <span class='ocrx_word' id='word_1_241' title='bbox 2781 314 2942 382; x_wconf 90' lang='lat' dir='ltr'><strong>hujus</strong></span> <span class='ocrx_word' id='word_1_242' title='bbox 2969 327 3095 366; x_wconf 77' lang='lat' dir='ltr'><strong>mox</strong></span> <span class='ocrx_word' id='word_1_243' title='bbox 3125 319 3250 366; x_wconf 90' lang='lat' dir='ltr'><strong>vota</strong></span> <span class='ocrx_word' id='word_1_244' title='bbox 3278 316 3607 381; x_wconf 86' lang='lat' dir='ltr'><strong>sequuntur</strong></span> <span class='ocrx_word' id='word_1_245' title='bbox 3641 324 3657 370; x_wconf 90' lang='lat'><strong>;</strong></span> 
     </span>
    </p>
   </div>
   <div class='ocr_carea' id='block_1_41' title="bbox 2093 402 3434 479">
    <p class='ocr_par' dir='ltr' id='par_1_41' title="bbox 2093 402 3434 479">
     <span class='ocr_line' id='line_1_41' title="bbox 2093 402 3434 479; baseline -0.007 -17"><span class='ocrx_word' id='word_1_246' title='bbox 2093 409 2190 473; x_wconf 85' lang='lat' dir='ltr'><strong>Qui</strong></span> <span class='ocrx_word' id='word_1_247' title='bbox 2227 409 2424 479; x_wconf 88' lang='lat' dir='ltr'><strong>punire</strong></span> <span class='ocrx_word' id='word_1_248' title='bbox 2454 409 2568 463; x_wconf 82' lang='lat' dir='ltr'><strong>dati</strong></span> <span class='ocrx_word' id='word_1_249' title='bbox 2600 406 2946 478; x_wconf 88' lang='lat' dir='ltr'><strong>pedibusque</strong></span> <span class='ocrx_word' id='word_1_250' title='bbox 2961 403 3268 459; x_wconf 81' lang='lat' dir='ltr'><strong>advolvitur</strong></span> <span class='ocrx_word' id='word_1_251' title='bbox 3284 402 3434 455; x_wconf 92' lang='lat' dir='ltr'><strong>ultor</strong></span> 
     </span>
    </p>
   </div>
   <div class='ocr_carea' id='block_1_42' title="bbox 2092 489 3504 567">
    <p class='ocr_par' dir='ltr' id='par_1_42' title="bbox 2092 489 3504 567">
     <span class='ocr_line' id='line_1_42' title="bbox 2092 489 3504 567; baseline -0.007 -16"><span class='ocrx_word' id='word_1_252' title='bbox 2092 497 2368 561; x_wconf 84' lang='lat' dir='ltr'><strong>Concessi,</strong></span> <span class='ocrx_word' id='word_1_253' title='bbox 2400 497 2689 567; x_wconf 90' lang='lat' dir='ltr'><strong>poscitque</strong></span> <span class='ocrx_word' id='word_1_254' title='bbox 2719 495 2905 548; x_wconf 91' lang='lat' dir='ltr'><strong>datum</strong></span> <span class='ocrx_word' id='word_1_255' title='bbox 2947 493 3050 548; x_wconf 91' lang='lat' dir='ltr'><strong>sibi</strong></span> <span class='ocrx_word' id='word_1_256' title='bbox 3085 490 3272 545; x_wconf 89' lang='lat' dir='ltr'><strong>munia</strong></span> <span class='ocrx_word' id='word_1_257' title='bbox 3303 489 3452 543; x_wconf 87' lang='lat' dir='ltr'><strong>ferre</strong></span> <span class='ocrx_word' id='word_1_258' title='bbox 3487 506 3504 552; x_wconf 90' lang='lat'><strong>;</strong></span> 
     </span>
    </p>
   </div>
   <div class='ocr_carea' id='block_1_43' title="bbox 2091 577 3426 651">
    <p class='ocr_par' dir='ltr' id='par_1_43' title="bbox 2091 577 3426 651">
     <span class='ocr_line' id='line_1_43' title="bbox 2091 577 3426 651; baseline -0.006 -13"><span class='ocrx_word' id='word_1_259' title='bbox 2091 585 2354 639; x_wconf 90' lang='lat' dir='ltr'><strong>Subditur</strong></span> <span class='ocrx_word' id='word_1_260' title='bbox 2391 585 2611 638; x_wconf 90' lang='lat' dir='ltr'><strong>addicto</strong></span> <span class='ocrx_word' id='word_1_261' title='bbox 2643 590 3140 651; x_wconf 88' lang='lat' dir='ltr'><strong>consternaturque</strong></span> <span class='ocrx_word' id='word_1_262' title='bbox 3171 577 3426 632; x_wconf 91' lang='lat' dir='ltr'><strong>subacto.</strong></span> 
     </span>
    </p>
   </div>
   <div class='ocr_carea' id='block_1_44' title="bbox 2094 674 3314 735">
    <p class='ocr_par' dir='ltr' id='par_1_44' title="bbox 2094 674 3314 735">
     <span class='ocr_line' id='line_1_44' title="bbox 2094 674 3314 735; baseline -0.005 -5"><span class='ocrx_word' id='word_1_263' title='bbox 2094 676 2189 730; x_wconf 93' lang='lat' dir='ltr'><strong>Ille</strong></span> <span class='ocrx_word' id='word_1_264' title='bbox 2220 676 2303 730; x_wconf 93' lang='lat' dir='ltr'><strong>sui</strong></span> <span class='ocrx_word' id='word_1_265' title='bbox 2337 683 2657 731; x_wconf 88' lang='lat' dir='ltr'><strong>tractatores</strong></span> <span class='ocrx_word' id='word_1_266' title='bbox 2687 689 2845 730; x_wconf 90' lang='lat' dir='ltr'><strong>verso</strong></span> <span class='ocrx_word' id='word_1_267' title='bbox 2871 674 3069 728; x_wconf 90' lang='lat' dir='ltr'><strong>ordine</strong></span> <span class='ocrx_word' id='word_1_268' title='bbox 3101 678 3314 735; x_wconf 87' lang='lat' dir='ltr'><strong>tractat,</strong></span> 
     </span>
    </p>
   </div>
   <div class='ocr_carea' id='block_1_45' title="bbox 2095 763 3434 840">
    <p class='ocr_par' dir='ltr' id='par_1_45' title="bbox 2095 763 3434 840">
     <span class='ocr_line' id='line_1_45' title="bbox 2095 763 3434 840; baseline -0.004 -18"><span class='ocrx_word' id='word_1_269' title='bbox 2095 768 2467 840; x_wconf 87' lang='lat' dir='ltr'><strong>Captoresque</strong></span> <span class='ocrx_word' id='word_1_270' title='bbox 2497 767 2667 838; x_wconf 90' lang='lat' dir='ltr'><strong>capit,</strong></span> <span class='ocrx_word' id='word_1_271' title='bbox 2693 767 3153 836; x_wconf 89' lang='lat' dir='ltr'><strong>devinctoresque</strong></span> <span class='ocrx_word' id='word_1_272' title='bbox 3176 763 3434 828; x_wconf 87' lang='lat' dir='ltr'><strong>revincit,</strong></span> 
     </span>
    </p>
   </div>
   <div class='ocr_carea' id='block_1_46' title="bbox 2096 855 3404 930">
    <p class='ocr_par' dir='ltr' id='par_1_46' title="bbox 2096 855 3404 930">
     <span class='ocr_line' id='line_1_46' title="bbox 2096 855 3404 930; baseline -0.003 -18"><span class='ocrx_word' id='word_1_273' title='bbox 2096 857 2484 930; x_wconf 88' lang='lat' dir='ltr'><strong>Emaculatque</strong></span> <span class='ocrx_word' id='word_1_274' title='bbox 2513 857 2679 912; x_wconf 87' lang='lat' dir='ltr'><strong>undis</strong></span> <span class='ocrx_word' id='word_1_275' title='bbox 2709 871 2830 911; x_wconf 89' lang='lat' dir='ltr'><strong>sese</strong></span> <span class='ocrx_word' id='word_1_276' title='bbox 2862 855 3072 910; x_wconf 66' lang='lat' dir='ltr'><strong>fmdare</strong></span> <span class='ocrx_word' id='word_1_277' title='bbox 3106 862 3360 924; x_wconf 87' lang='lat' dir='ltr'><strong>parantes</strong></span> <span class='ocrx_word' id='word_1_278' title='bbox 3389 871 3404 916; x_wconf 89' lang='lat'><strong>;</strong></span> 
     </span>
    </p>
   </div>
   <div class='ocr_carea' id='block_1_47' title="bbox 2094 940 3420 1019">
    <p class='ocr_par' dir='ltr' id='par_1_47' title="bbox 2094 940 3420 1019">
     <span class='ocr_line' id='line_1_47' title="bbox 2094 940 3420 1019; baseline -0.007 -16"><span class='ocrx_word' id='word_1_279' title='bbox 2094 947 2314 1019; x_wconf 86' lang='lat' dir='ltr'><strong>Quique</strong></span> <span class='ocrx_word' id='word_1_280' title='bbox 2344 947 2666 1002; x_wconf 87' lang='lat' dir='ltr'><strong>laborabant</strong></span> <span class='ocrx_word' id='word_1_281' title='bbox 2687 946 2835 999; x_wconf 92' lang='lat' dir='ltr'><strong>hunc</strong></span> <span class='ocrx_word' id='word_1_282' title='bbox 2861 942 3136 997; x_wconf 89' lang='lat' dir='ltr'><strong>associare</strong></span> <span class='ocrx_word' id='word_1_283' title='bbox 3166 940 3420 1011; x_wconf 84' lang='lat' dir='ltr'><strong>profanis</strong></span> 
     </span>
    </p>
   </div>
   <div class='ocr_carea' id='block_1_48' title="bbox 2099 1031 3514 1107">
    <p class='ocr_par' dir='ltr' id='par_1_48' title="bbox 2099 1031 3514 1107">
     <span class='ocr_line' id='line_1_48' title="bbox 2099 1031 3514 1107; baseline -0.006 -15"><span class='ocrx_word' id='word_1_284' title='bbox 2099 1037 2398 1107; x_wconf 88' lang='lat' dir='ltr'><strong>Participes</strong></span> <span class='ocrx_word' id='word_1_285' title='bbox 2428 1035 2622 1089; x_wconf 87' lang='lat' dir='ltr'><strong>Christi</strong></span> <span class='ocrx_word' id='word_1_286' title='bbox 2665 1034 2752 1104; x_wconf 88' lang='lat' dir='ltr'><strong>pia</strong></span> <span class='ocrx_word' id='word_1_287' title='bbox 2779 1033 2872 1087; x_wconf 90' lang='lat' dir='ltr'><strong>dat</strong></span> <span class='ocrx_word' id='word_1_288' title='bbox 2900 1048 2997 1103; x_wconf 89' lang='lat' dir='ltr'><strong>per</strong></span> <span class='ocrx_word' id='word_1_289' title='bbox 3027 1031 3285 1101; x_wconf 84' lang='lat' dir='ltr'><strong>mysteria</strong></span> <span class='ocrx_word' id='word_1_290' title='bbox 3315 1031 3514 1096; x_wconf 85' lang='lat' dir='ltr'><strong>sacris,</strong></span> 
     </span>
    </p>
   </div>
   <div class='ocr_carea' id='block_1_49' title="bbox 2096 1111 3435 1185">
    <p class='ocr_par' dir='ltr' id='par_1_49' title="bbox 2096 1111 3435 1185">
     <span class='ocr_line' id='line_1_49' title="bbox 2096 1111 3435 1185; baseline -0.007 -4"><span class='ocrx_word' id='word_1_291' title='bbox 2096 1111 2258 1181; x_wconf 73' lang='lat' dir='ltr'><strong>Addit</strong></span> <span class='ocrx_word' id='word_1_292' title='bbox 2283 1133 2336 1180; x_wconf 89' lang='lat' dir='ltr'><strong>et</strong></span> <span class='ocrx_word' id='word_1_293' title='bbox 2369 1124 2622 1180; x_wconf 72' lang='lat' dir='ltr'><strong>Ecclesia:</strong></span> <span class='ocrx_word' id='word_1_294' title='bbox 2653 1123 2894 1176; x_wconf 85' lang='lat' dir='ltr'><strong>nitentes</strong></span> <span class='ocrx_word' id='word_1_295' title='bbox 2923 1137 2982 1175; x_wconf 93' lang='lat' dir='ltr'><strong>se</strong></span> <span class='ocrx_word' id='word_1_296' title='bbox 3008 1121 3216 1174; x_wconf 88' lang='lat' dir='ltr'><strong>addere</strong></span> <span class='ocrx_word' id='word_1_297' title='bbox 3248 1121 3435 1185; x_wconf 67' lang='lat' dir='ltr'><strong>larvas,</strong></span> 
     </span>
    </p>
   </div>
   <div class='ocr_carea' id='block_1_50' title="bbox 2098 1209 3366 1270">
    <p class='ocr_par' dir='ltr' id='par_1_50' title="bbox 2098 1209 3366 1270">
     <span class='ocr_line' id='line_1_50' title="bbox 2098 1209 3366 1270; baseline -0.007 0"><span class='ocrx_word' id='word_1_298' title='bbox 2098 1215 2348 1270; x_wconf 80' lang='lat' dir='ltr'><strong>Annectit</strong></span> <span class='ocrx_word' id='word_1_299' title='bbox 2379 1214 2534 1267; x_wconf 90' lang='lat' dir='ltr'><strong>nexis</strong></span> <span class='ocrx_word' id='word_1_300' title='bbox 2560 1211 2854 1267; x_wconf 88' lang='lat' dir='ltr'><strong>tendentes</strong></span> <span class='ocrx_word' id='word_1_301' title='bbox 2884 1209 3141 1263; x_wconf 90' lang='lat' dir='ltr'><strong>scindere</strong></span> <span class='ocrx_word' id='word_1_302' title='bbox 3172 1223 3366 1269; x_wconf 86' lang='lat' dir='ltr'><strong>nexos,</strong></span> 
     </span>
    </p>
   </div>
   <div class='ocr_carea' id='block_1_51' title="bbox 2097 1302 3598 1372">
    <p class='ocr_par' dir='ltr' id='par_1_51' title="bbox 2097 1302 3598 1372">
     <span class='ocr_line' id='line_1_51' title="bbox 2097 1302 3598 1372; baseline -0.009 -6"><span class='ocrx_word' id='word_1_303' title='bbox 2097 1314 2287 1366; x_wconf 62' lang='lat' dir='ltr'><strong>Saevus</strong></span> <span class='ocrx_word' id='word_1_304' title='bbox 2319 1309 2374 1363; x_wconf 89' lang='lat' dir='ltr'><strong>id</strong></span> <span class='ocrx_word' id='word_1_305' title='bbox 2399 1323 2532 1363; x_wconf 88' lang='lat' dir='ltr'><strong>aure</strong></span> <span class='ocrx_word' id='word_1_306' title='bbox 2562 1307 2787 1361; x_wconf 84' lang='lat' dir='ltr'><strong>trahens</strong></span> <span class='ocrx_word' id='word_1_307' title='bbox 2807 1304 3003 1358; x_wconf 89' lang='lat' dir='ltr'><strong>Decius</strong></span> <span class='ocrx_word' id='word_1_308' title='bbox 3016 1302 3298 1372; x_wconf 89' lang='lat' dir='ltr'><strong>mittitque</strong></span> <span class='ocrx_word' id='word_1_309' title='bbox 3323 1305 3598 1372; x_wconf 79' lang='lat' dir='ltr'><strong>tenetque.</strong></span> 
     </span>
    </p>
   </div>
   <div class='ocr_carea' id='block_1_52' title="bbox 2099 1390 3631 1466">
    <p class='ocr_par' dir='ltr' id='par_1_52' title="bbox 2099 1390 3631 1466">
     <span class='ocr_line' id='line_1_52' title="bbox 2099 1390 3631 1466; baseline -0.007 -12"><span class='ocrx_word' id='word_1_310' title='bbox 2099 1399 2450 1462; x_wconf 90' lang='lat' dir='ltr'><strong>Candidulos,</strong></span> <span class='ocrx_word' id='word_1_311' title='bbox 2479 1396 2719 1466; x_wconf 69' lang='lat' dir='ltr'><strong>(lucique</strong></span> <span class='ocrx_word' id='word_1_312' title='bbox 2738 1393 2908 1446; x_wconf 89' lang='lat' dir='ltr'><strong>sacris</strong></span> <span class='ocrx_word' id='word_1_313' title='bbox 2937 1397 3063 1445; x_wconf 86' lang='lat' dir='ltr'><strong>&#39;cum</strong></span> <span class='ocrx_word' id='word_1_314' title='bbox 3097 1390 3336 1461; x_wconf 68' lang='lat' dir='ltr'><strong>praesule</strong></span> <span class='ocrx_word' id='word_1_315' title='bbox 3367 1390 3631 1456; x_wconf 81' lang='lat' dir='ltr'><strong>mandat,</strong></span> 
     </span>
    </p>
   </div>
   <div class='ocr_carea' id='block_1_53' title="bbox 2100 1483 3406 1559">
    <p class='ocr_par' dir='ltr' id='par_1_53' title="bbox 2100 1483 3406 1559">
     <span class='ocr_line' id='line_1_53' title="bbox 2100 1483 3406 1559; baseline -0.008 -15"><span class='ocrx_word' id='word_1_316' title='bbox 2100 1490 2217 1544; x_wconf 77' lang='lat' dir='ltr'><strong>Mox</strong></span> <span class='ocrx_word' id='word_1_317' title='bbox 2249 1487 2429 1559; x_wconf 92' lang='lat' dir='ltr'><strong>puniri</strong></span> <span class='ocrx_word' id='word_1_318' title='bbox 2459 1485 2566 1539; x_wconf 90' lang='lat' dir='ltr'><strong>aris</strong></span> <span class='ocrx_word' id='word_1_319' title='bbox 2595 1484 2639 1538; x_wconf 92' lang='lat' dir='ltr'><strong>si</strong></span> <span class='ocrx_word' id='word_1_320' title='bbox 2674 1498 2880 1554; x_wconf 92' lang='lat' dir='ltr'><strong>ponere</strong></span> <span class='ocrx_word' id='word_1_321' title='bbox 2903 1483 3062 1535; x_wconf 90' lang='lat' dir='ltr'><strong>thura</strong></span> <span class='ocrx_word' id='word_1_322' title='bbox 3087 1488 3406 1535; x_wconf 89' lang='lat' dir='ltr'><strong>retractent.</strong></span> 
     </span>
    </p>
   </div>
   <div class='ocr_carea' id='block_1_54' title="bbox 2096 1571 3300 1645">
    <p class='ocr_par' dir='ltr' id='par_1_54' title="bbox 2096 1571 3300 1645">
     <span class='ocr_line' id='line_1_54' title="bbox 2096 1571 3300 1645; baseline -0.007 -12"><span class='ocrx_word' id='word_1_323' title='bbox 2096 1580 2326 1634; x_wconf 90' lang='lat' dir='ltr'><strong>Tirones</strong></span> <span class='ocrx_word' id='word_1_324' title='bbox 2355 1575 2540 1630; x_wconf 88' lang='lat' dir='ltr'><strong>divina</strong></span> <span class='ocrx_word' id='word_1_325' title='bbox 2571 1573 2736 1627; x_wconf 77' lang='lat' dir='ltr'><strong>rudes</strong></span> <span class='ocrx_word' id='word_1_326' title='bbox 2762 1572 2830 1626; x_wconf 90' lang='lat' dir='ltr'><strong>ad</strong></span> <span class='ocrx_word' id='word_1_327' title='bbox 2862 1571 3008 1626; x_wconf 90' lang='lat' dir='ltr'><strong>bella</strong></span> <span class='ocrx_word' id='word_1_328' title='bbox 3039 1571 3300 1645; x_wconf 89' lang='lat' dir='ltr'><strong>magistro</strong></span> 
     </span>
    </p>
   </div>
   <div class='ocr_carea' id='block_1_55' title="bbox 2023 1634 3517 1737">
    <p class='ocr_par' dir='ltr' id='par_1_55' title="bbox 2023 1634 3517 1737">
     <span class='ocr_line' id='line_1_55' title="bbox 2023 1634 3517 1737; baseline -0.008 -7"><span class='ocrx_word' id='word_1_329' title='bbox 2023 1634 2074 1700; x_wconf 67' lang='grc' dir='ltr'>Β</span> <span class='ocrx_word' id='word_1_330' title='bbox 2106 1673 2461 1729; x_wconf 64' lang='grc' dir='ltr'><strong>Ρτωοοάεηιθ</strong></span> <span class='ocrx_word' id='word_1_331' title='bbox 2501 1671 2726 1732; x_wconf 90' lang='lat' dir='ltr'><strong>abeunt,</strong></span> <span class='ocrx_word' id='word_1_332' title='bbox 2757 1683 2825 1722; x_wconf 88' lang='lat' dir='ltr'><strong>ne</strong></span> <span class='ocrx_word' id='word_1_333' title='bbox 2845 1667 2958 1721; x_wconf 91' lang='lat' dir='ltr'><strong>fors</strong></span> <span class='ocrx_word' id='word_1_334' title='bbox 2986 1684 3016 1720; x_wconf 92' lang='lat' dir='ltr'><strong>a</strong></span> <span class='ocrx_word' id='word_1_335' title='bbox 3047 1665 3300 1737; x_wconf 91' lang='lat' dir='ltr'><strong>principe</strong></span> <span class='ocrx_word' id='word_1_336' title='bbox 3335 1672 3517 1718; x_wconf 87' lang='lat' dir='ltr'><strong>turma</strong></span> 
     </span>
    </p>
   </div>
   <div class='ocr_carea' id='block_1_56' title="bbox 2108 1758 3426 1834">
    <p class='ocr_par' dir='ltr' id='par_1_56' title="bbox 2108 1758 3426 1834">
     <span class='ocr_line' id='line_1_56' title="bbox 2108 1758 3426 1834; baseline -0.009 -11"><span class='ocrx_word' id='word_1_337' title='bbox 2108 1768 2428 1824; x_wconf 89' lang='lat' dir='ltr'><strong>Desciscens</strong></span> <span class='ocrx_word' id='word_1_338' title='bbox 2450 1764 2598 1820; x_wconf 91' lang='lat' dir='ltr'><strong>hosti</strong></span> <span class='ocrx_word' id='word_1_339' title='bbox 2632 1769 2904 1834; x_wconf 66' lang='lat' dir='ltr'><strong>praecepta</strong></span> <span class='ocrx_word' id='word_1_340' title='bbox 2931 1769 3137 1831; x_wconf 65' lang='lat' dir='ltr'><strong>tropaea</strong></span> <span class='ocrx_word' id='word_1_341' title='bbox 3167 1758 3426 1814; x_wconf 87' lang='lat' dir='ltr'><strong>remittat.</strong></span> 
     </span>
    </p>
   </div>
   <div class='ocr_carea' id='block_1_57' title="bbox 2115 1850 3303 1929">
    <p class='ocr_par' dir='ltr' id='par_1_57' title="bbox 2115 1850 3303 1929">
     <span class='ocr_line' id='line_1_57' title="bbox 2115 1850 3303 1929; baseline -0.009 -15"><span class='ocrx_word' id='word_1_342' title='bbox 2115 1860 2323 1914; x_wconf 88' lang='lat' dir='ltr'><strong>Incedit</strong></span> <span class='ocrx_word' id='word_1_343' title='bbox 2354 1856 2552 1929; x_wconf 65' lang='lat' dir='ltr'><strong>praesul</strong></span> <span class='ocrx_word' id='word_1_344' title='bbox 2589 1861 2735 1910; x_wconf 88' lang='lat' dir='ltr'><strong>tutus</strong></span> <span class='ocrx_word' id='word_1_345' title='bbox 2763 1851 3084 1908; x_wconf 84' lang='lat' dir='ltr'><strong>ccelestibus</strong></span> <span class='ocrx_word' id='word_1_346' title='bbox 3115 1850 3303 1914; x_wconf 90' lang='lat' dir='ltr'><strong>armis,</strong></span> 
     </span>
    </p>
   </div>
   <div class='ocr_carea' id='block_1_58' title="bbox 2112 1937 3638 2023">
    <p class='ocr_par' dir='ltr' id='par_1_58' title="bbox 2112 1937 3638 2023">
     <span class='ocr_line' id='line_1_58' title="bbox 2112 1937 3638 2023; baseline -0.008 -19"><span class='ocrx_word' id='word_1_347' title='bbox 2112 1952 2282 2016; x_wconf 89' lang='lat' dir='ltr'><strong>Quem</strong></span> <span class='ocrx_word' id='word_1_348' title='bbox 2314 1947 2518 2023; x_wconf 88' lang='lat' dir='ltr'><strong>gaudet</strong></span> <span class='ocrx_word' id='word_1_349' title='bbox 2538 1961 2679 2000; x_wconf 88' lang='lat' dir='ltr'><strong>nova</strong></span> <span class='ocrx_word' id='word_1_350' title='bbox 2705 1951 2882 1997; x_wconf 90' lang='lat' dir='ltr'><strong>turma</strong></span> <span class='ocrx_word' id='word_1_351' title='bbox 2913 1941 3093 2013; x_wconf 91' lang='lat' dir='ltr'><strong>sequi,</strong></span> <span class='ocrx_word' id='word_1_352' title='bbox 3121 1947 3399 2011; x_wconf 89' lang='lat' dir='ltr'><strong>sputoque</strong></span> <span class='ocrx_word' id='word_1_353' title='bbox 3425 1937 3638 1994; x_wconf 87' lang='lat' dir='ltr'><strong>sacello</strong></span> 
     </span>
    </p>
   </div>
   <div class='ocr_carea' id='block_1_59' title="bbox 2114 2032 3585 2108">
    <p class='ocr_par' dir='ltr' id='par_1_59' title="bbox 2114 2032 3585 2108">
     <span class='ocr_line' id='line_1_59' title="bbox 2114 2032 3585 2108; baseline -0.009 -12"><span class='ocrx_word' id='word_1_354' title='bbox 2114 2046 2339 2096; x_wconf 82' lang='lat' dir='ltr'><strong>Sumere</strong></span> <span class='ocrx_word' id='word_1_355' title='bbox 2371 2037 2654 2108; x_wconf 88' lang='lat' dir='ltr'><strong>conspersi</strong></span> <span class='ocrx_word' id='word_1_356' title='bbox 2686 2041 2959 2088; x_wconf 89' lang='lat' dir='ltr'><strong>maturant</strong></span> <span class='ocrx_word' id='word_1_357' title='bbox 2987 2032 3258 2107; x_wconf 88' lang='lat' dir='ltr'><strong>sanguine</strong></span> <span class='ocrx_word' id='word_1_358' title='bbox 3288 2033 3529 2102; x_wconf 86' lang='lat' dir='ltr'><strong>palmam</strong></span> <span class='ocrx_word' id='word_1_359' title='bbox 3569 2071 3585 2094; x_wconf 83' lang='lat'><strong>,</strong></span> 
     </span>
    </p>
   </div>
   <div class='ocr_carea' id='block_1_60' title="bbox 2118 2123 3451 2204">
    <p class='ocr_par' dir='ltr' id='par_1_60' title="bbox 2118 2123 3451 2204">
     <span class='ocr_line' id='line_1_60' title="bbox 2118 2123 3451 2204; baseline -0.009 -16"><span class='ocrx_word' id='word_1_360' title='bbox 2118 2135 2261 2204; x_wconf 82' lang='lat' dir='ltr'><strong>Papa</strong></span> <span class='ocrx_word' id='word_1_361' title='bbox 2301 2137 2596 2187; x_wconf 90' lang='lat' dir='ltr'><strong>coronatus</strong></span> <span class='ocrx_word' id='word_1_362' title='bbox 2616 2143 2755 2199; x_wconf 88' lang='lat' dir='ltr'><strong>quos</strong></span> <span class='ocrx_word' id='word_1_363' title='bbox 2777 2127 2979 2182; x_wconf 69' lang='lat' dir='ltr'><strong>aethera</strong></span> <span class='ocrx_word' id='word_1_364' title='bbox 3010 2124 3228 2179; x_wconf 90' lang='lat' dir='ltr'><strong>ducitin</strong></span> <span class='ocrx_word' id='word_1_365' title='bbox 3256 2123 3451 2178; x_wconf 93' lang='lat' dir='ltr'><strong>altum.</strong></span> 
     </span>
    </p>
   </div>
   <div class='ocr_carea' id='block_1_61' title="bbox 2117 2212 3286 2288">
    <p class='ocr_par' dir='ltr' id='par_1_61' title="bbox 2117 2212 3286 2288">
     <span class='ocr_line' id='line_1_61' title="bbox 2117 2212 3286 2288; baseline -0.011 -12"><span class='ocrx_word' id='word_1_366' title='bbox 2117 2225 2179 2276; x_wconf 84' lang='lat' dir='ltr'><strong>At</strong></span> <span class='ocrx_word' id='word_1_367' title='bbox 2215 2221 2415 2275; x_wconf 86' lang='lat' dir='ltr'><strong>Lucina</strong></span> <span class='ocrx_word' id='word_1_368' title='bbox 2439 2219 2528 2288; x_wconf 92' lang='lat' dir='ltr'><strong>pio</strong></span> <span class='ocrx_word' id='word_1_369' title='bbox 2556 2215 2756 2271; x_wconf 83' lang='lat' dir='ltr'><strong>mulier</strong></span> <span class='ocrx_word' id='word_1_370' title='bbox 2778 2212 3115 2268; x_wconf 87' lang='lat' dir='ltr'><strong>venerabilis</strong></span> <span class='ocrx_word' id='word_1_371' title='bbox 3139 2219 3286 2276; x_wconf 90' lang='lat' dir='ltr'><strong>actu,</strong></span> 
     </span>
    </p>
   </div>
   <div class='ocr_carea' id='block_1_62' title="bbox 2121 2304 3427 2375">
    <p class='ocr_par' dir='ltr' id='par_1_62' title="bbox 2121 2304 3427 2375">
     <span class='ocr_line' id='line_1_62' title="bbox 2121 2304 3427 2375; baseline -0.011 -6"><span class='ocrx_word' id='word_1_372' title='bbox 2121 2315 2270 2369; x_wconf 63' lang='lat' dir='ltr'><strong>I’ulta</strong></span> <span class='ocrx_word' id='word_1_373' title='bbox 2299 2312 2390 2366; x_wconf 91' lang='lat' dir='ltr'><strong>Dei</strong></span> <span class='ocrx_word' id='word_1_374' title='bbox 2424 2311 2594 2375; x_wconf 93' lang='lat' dir='ltr'><strong>clero,</strong></span> <span class='ocrx_word' id='word_1_375' title='bbox 2627 2307 2891 2362; x_wconf 89' lang='lat' dir='ltr'><strong>famulum</strong></span> <span class='ocrx_word' id='word_1_376' title='bbox 2923 2304 3161 2375; x_wconf 87' lang='lat' dir='ltr'><strong>stipante</strong></span> <span class='ocrx_word' id='word_1_377' title='bbox 3189 2309 3427 2364; x_wconf 86' lang='lat' dir='ltr'><strong>caterva,</strong></span> 
     </span>
    </p>
   </div>
   <div class='ocr_carea' id='block_1_63' title="bbox 2117 2390 3623 2465">
    <p class='ocr_par' dir='ltr' id='par_1_63' title="bbox 2117 2390 3623 2465">
     <span class='ocr_line' id='line_1_63' title="bbox 2117 2390 3623 2465; baseline -0.011 -7"><span class='ocrx_word' id='word_1_378' title='bbox 2117 2407 2438 2457; x_wconf 85' lang='lat' dir='ltr'><strong>Sanctorum</strong></span> <span class='ocrx_word' id='word_1_379' title='bbox 2478 2414 2633 2452; x_wconf 90' lang='lat' dir='ltr'><strong>sacra</strong></span> <span class='ocrx_word' id='word_1_380' title='bbox 2663 2393 3060 2465; x_wconf 87' lang='lat' dir='ltr'><strong>membralegit</strong></span> <span class='ocrx_word' id='word_1_381' title='bbox 3089 2399 3396 2463; x_wconf 83' lang='lat' dir='ltr'><strong>cryptaque</strong></span> <span class='ocrx_word' id='word_1_382' title='bbox 3427 2390 3623 2443; x_wconf 86' lang='lat' dir='ltr'><strong>Calixti</strong></span> 
     </span>
    </p>
   </div>
   <div class='ocr_carea' id='block_1_64' title="bbox 2119 2481 3417 2563">
    <p class='ocr_par' dir='ltr' id='par_1_64' title="bbox 2119 2481 3417 2563">
     <span class='ocr_line' id='line_1_64' title="bbox 2119 2481 3417 2563; baseline -0.009 -17"><span class='ocrx_word' id='word_1_383' title='bbox 2119 2493 2288 2563; x_wconf 88' lang='lat' dir='ltr'><strong>Inque</strong></span> <span class='ocrx_word' id='word_1_384' title='bbox 2328 2504 2428 2544; x_wconf 91' lang='lat' dir='ltr'><strong>suo</strong></span> <span class='ocrx_word' id='word_1_385' title='bbox 2468 2488 2615 2543; x_wconf 92' lang='lat' dir='ltr'><strong>cultu</strong></span> <span class='ocrx_word' id='word_1_386' title='bbox 2647 2485 2894 2556; x_wconf 90' lang='lat' dir='ltr'><strong>pollente</strong></span> <span class='ocrx_word' id='word_1_387' title='bbox 2916 2481 3230 2536; x_wconf 86' lang='lat' dir='ltr'><strong>recondidit</strong></span> <span class='ocrx_word' id='word_1_388' title='bbox 3259 2495 3417 2549; x_wconf 88' lang='lat' dir='ltr'><strong>arvo,</strong></span> 
     </span>
    </p>
   </div>
   <div class='ocr_carea' id='block_1_65' title="bbox 2121 2573 3208 2648">
    <p class='ocr_par' dir='ltr' id='par_1_65' title="bbox 2121 2573 3208 2648">
     <span class='ocr_line' id='line_1_65' title="bbox 2121 2573 3208 2648; baseline -0.011 -13"><span class='ocrx_word' id='word_1_389' title='bbox 2121 2581 2288 2648; x_wconf 91' lang='lat' dir='ltr'><strong>Ilujus</strong></span> <span class='ocrx_word' id='word_1_390' title='bbox 2315 2578 2535 2633; x_wconf 70' lang='lat' dir='ltr'><strong>Lucinae</strong></span> <span class='ocrx_word' id='word_1_391' title='bbox 2566 2573 2855 2631; x_wconf 89' lang='lat' dir='ltr'><strong>Cornelius</strong></span> <span class='ocrx_word' id='word_1_392' title='bbox 2882 2573 2985 2626; x_wconf 88' lang='lat' dir='ltr'><strong>iste</strong></span> <span class='ocrx_word' id='word_1_393' title='bbox 3015 2577 3208 2644; x_wconf 88' lang='lat' dir='ltr'><strong>rogatu</strong></span> 
     </span>
    </p>
   </div>
   <div class='ocr_carea' id='block_1_66' title="bbox 2117 2661 3538 2741">
    <p class='ocr_par' dir='ltr' id='par_1_66' title="bbox 2117 2661 3538 2741">
     <span class='ocr_line' id='line_1_66' title="bbox 2117 2661 3538 2741; baseline -0.011 -13"><span class='ocrx_word' id='word_1_394' title='bbox 2117 2675 2437 2728; x_wconf 87' lang='lat' dir='ltr'><strong>Sanctorum</strong></span> <span class='ocrx_word' id='word_1_395' title='bbox 2467 2683 2757 2741; x_wconf 88' lang='lat' dir='ltr'><strong>procerum</strong></span> <span class='ocrx_word' id='word_1_396' title='bbox 2788 2663 3123 2720; x_wconf 87' lang='lat' dir='ltr'><strong>catacumbis</strong></span> <span class='ocrx_word' id='word_1_397' title='bbox 3151 2677 3274 2718; x_wconf 88' lang='lat' dir='ltr'><strong>ossa</strong></span> <span class='ocrx_word' id='word_1_398' title='bbox 3307 2661 3538 2724; x_wconf 84' lang='lat' dir='ltr'><strong>levarat,</strong></span> 
     </span>
    </p>
   </div>
   <div class='ocr_carea' id='block_1_67' title="bbox 2121 2752 3565 2839">
    <p class='ocr_par' dir='ltr' id='par_1_67' title="bbox 2121 2752 3565 2839">
     <span class='ocr_line' id='line_1_67' title="bbox 2121 2752 3565 2839; baseline -0.012 -19"><span class='ocrx_word' id='word_1_399' title='bbox 2121 2768 2458 2839; x_wconf 82' lang='lat' dir='ltr'><strong>Legaratque</strong></span> <span class='ocrx_word' id='word_1_400' title='bbox 2490 2760 2629 2813; x_wconf 85' lang='lat' dir='ltr'><strong>Petri</strong></span> <span class='ocrx_word' id='word_1_401' title='bbox 2663 2758 2766 2812; x_wconf 87' lang='lat' dir='ltr'><strong>sub</strong></span> <span class='ocrx_word' id='word_1_402' title='bbox 2797 2764 2981 2811; x_wconf 90' lang='lat' dir='ltr'><strong>monte</strong></span> <span class='ocrx_word' id='word_1_403' title='bbox 3011 2754 3243 2810; x_wconf 72' lang='lat' dir='ltr'><strong>Neronis</strong></span> <span class='ocrx_word' id='word_1_404' title='bbox 3274 2753 3327 2806; x_wconf 92' lang='lat' dir='ltr'><strong>in</strong></span> <span class='ocrx_word' id='word_1_405' title='bbox 3359 2752 3565 2817; x_wconf 89' lang='lat' dir='ltr'><strong>aulam,</strong></span> 
     </span>
    </p>
   </div>
   <div class='ocr_carea' id='block_1_68' title="bbox 2119 2841 3388 2916">
    <p class='ocr_par' dir='ltr' id='par_1_68' title="bbox 2119 2841 3388 2916">
     <span class='ocr_line' id='line_1_68' title="bbox 2119 2841 3388 2916; baseline -0.012 -8"><span class='ocrx_word' id='word_1_406' title='bbox 2119 2855 2328 2907; x_wconf 83' lang='lat' dir='ltr'><strong>Aureus</strong></span> <span class='ocrx_word' id='word_1_407' title='bbox 2370 2852 2421 2904; x_wconf 93' lang='lat' dir='ltr'><strong>in</strong></span> <span class='ocrx_word' id='word_1_408' title='bbox 2456 2848 2717 2902; x_wconf 87' lang='lat' dir='ltr'><strong>Vaticano</strong></span> <span class='ocrx_word' id='word_1_409' title='bbox 2751 2845 2843 2916; x_wconf 93' lang='lat' dir='ltr'><strong>qui</strong></span> <span class='ocrx_word' id='word_1_410' title='bbox 2876 2844 3075 2909; x_wconf 89' lang='lat' dir='ltr'><strong>dictus,</strong></span> <span class='ocrx_word' id='word_1_411' title='bbox 3111 2851 3166 2896; x_wconf 91' lang='lat' dir='ltr'><strong>et</strong></span> <span class='ocrx_word' id='word_1_412' title='bbox 3189 2841 3244 2894; x_wconf 92' lang='lat' dir='ltr'><strong>in</strong></span> <span class='ocrx_word' id='word_1_413' title='bbox 3276 2855 3388 2911; x_wconf 91' lang='lat' dir='ltr'><strong>quo</strong></span> 
     </span>
    </p>
   </div>
   <div class='ocr_carea' id='block_1_69' title="bbox 2125 2928 3512 2996">
    <p class='ocr_par' dir='ltr' id='par_1_69' title="bbox 2125 2928 3512 2996">
     <span class='ocr_line' id='line_1_69' title="bbox 2125 2928 3512 2996; baseline -0.012 0"><span class='ocrx_word' id='word_1_414' title='bbox 2125 2941 2446 2996; x_wconf 80' lang='lat' dir='ltr'><strong>Arcitenens</strong></span> <span class='ocrx_word' id='word_1_415' title='bbox 2464 2944 2656 2992; x_wconf 87' lang='lat' dir='ltr'><strong>nactus</strong></span> <span class='ocrx_word' id='word_1_416' title='bbox 2686 2934 2957 2988; x_wconf 90' lang='lat' dir='ltr'><strong>habitarat</strong></span> <span class='ocrx_word' id='word_1_417' title='bbox 2985 2930 3220 2986; x_wconf 88' lang='lat' dir='ltr'><strong>delubra</strong></span> <span class='ocrx_word' id='word_1_418' title='bbox 3246 2928 3512 2983; x_wconf 64' lang='lat' dir='ltr'><strong>Phasbus.</strong></span> 
     </span>
    </p>
   </div>
   <div class='ocr_carea' id='block_1_70' title="bbox 2055 2997 3572 3106">
    <p class='ocr_par' dir='ltr' id='par_1_70' title="bbox 2055 2997 3572 3106">
     <span class='ocr_line' id='line_1_70' title="bbox 2055 2997 3572 3106; baseline -0.012 -16"><span class='ocrx_word' id='word_1_419' title='bbox 2055 2997 2103 3062; x_wconf 45' lang='grc' dir='ltr'><strong>(ἶ</strong></span> <span class='ocrx_word' id='word_1_420' title='bbox 2131 3037 2250 3106; x_wconf 89' lang='lat' dir='ltr'><strong>Ipse</strong></span> <span class='ocrx_word' id='word_1_421' title='bbox 2282 3034 2460 3088; x_wconf 90' lang='lat' dir='ltr'><strong>locum</strong></span> <span class='ocrx_word' id='word_1_422' title='bbox 2483 3031 2638 3099; x_wconf 86' lang='lat' dir='ltr'><strong>juxta</strong></span> <span class='ocrx_word' id='word_1_423' title='bbox 2665 3043 2827 3082; x_wconf 89' lang='lat' dir='ltr'><strong>cruce</strong></span> <span class='ocrx_word' id='word_1_424' title='bbox 2857 3039 2966 3096; x_wconf 92' lang='lat' dir='ltr'><strong>quo</strong></span> <span class='ocrx_word' id='word_1_425' title='bbox 2997 3021 3320 3079; x_wconf 88' lang='lat' dir='ltr'><strong>conscendit</strong></span> <span class='ocrx_word' id='word_1_426' title='bbox 3341 3020 3397 3074; x_wconf 91' lang='lat' dir='ltr'><strong>in</strong></span> <span class='ocrx_word' id='word_1_427' title='bbox 3425 3025 3572 3074; x_wconf 76' lang='lat' dir='ltr'><strong>astra</strong></span> 
     </span>
    </p>
   </div>
   <div class='ocr_carea' id='block_1_71' title="bbox 2128 3110 3571 3188">
    <p class='ocr_par' dir='ltr' id='par_1_71' title="bbox 2128 3110 3571 3188">
     <span class='ocr_line' id='line_1_71' title="bbox 2128 3110 3571 3188; baseline -0.011 -12"><span class='ocrx_word' id='word_1_428' title='bbox 2128 3125 2414 3176; x_wconf 86' lang='lat' dir='ltr'><strong>Sidereum</strong></span> <span class='ocrx_word' id='word_1_429' title='bbox 2447 3118 2660 3188; x_wconf 91' lang='lat' dir='ltr'><strong>Cephas</strong></span> <span class='ocrx_word' id='word_1_430' title='bbox 2685 3114 2977 3170; x_wconf 91' lang='lat' dir='ltr'><strong>Dominum</strong></span> <span class='ocrx_word' id='word_1_431' title='bbox 3011 3128 3109 3182; x_wconf 92' lang='lat' dir='ltr'><strong>per</strong></span> <span class='ocrx_word' id='word_1_432' title='bbox 3136 3110 3284 3164; x_wconf 90' lang='lat' dir='ltr'><strong>celsa</strong></span> <span class='ocrx_word' id='word_1_433' title='bbox 3321 3118 3571 3171; x_wconf 88' lang='lat' dir='ltr'><strong>secutus,</strong></span> 
     </span>
    </p>
   </div>
   <div class='ocr_carea' id='block_1_72' title="bbox 2130 3199 3538 3288">
    <p class='ocr_par' dir='ltr' id='par_1_72' title="bbox 2130 3199 3538 3288">
     <span class='ocr_line' id='line_1_72' title="bbox 2130 3199 3538 3288; baseline -0.012 -19"><span class='ocrx_word' id='word_1_434' title='bbox 2130 3215 2364 3288; x_wconf 86' lang='lat' dir='ltr'><strong>Pignora</strong></span> <span class='ocrx_word' id='word_1_435' title='bbox 2403 3219 2533 3264; x_wconf 90' lang='lat' dir='ltr'><strong>tunc</strong></span> <span class='ocrx_word' id='word_1_436' title='bbox 2562 3207 2713 3262; x_wconf 88' lang='lat' dir='ltr'><strong>Pauli</strong></span> <span class='ocrx_word' id='word_1_437' title='bbox 2743 3206 2924 3260; x_wconf 93' lang='lat' dir='ltr'><strong>studio</strong></span> <span class='ocrx_word' id='word_1_438' title='bbox 2954 3205 3043 3259; x_wconf 91' lang='lat' dir='ltr'><strong>via</strong></span> <span class='ocrx_word' id='word_1_439' title='bbox 3065 3203 3307 3272; x_wconf 89' lang='lat' dir='ltr'><strong>sumpsit</strong></span> <span class='ocrx_word' id='word_1_440' title='bbox 3335 3199 3538 3254; x_wconf 87' lang='lat' dir='ltr'><strong>eodem</strong></span> 
     </span>
    </p>
   </div>
   <div class='ocr_carea' id='block_1_73' title="bbox 2135 3291 3477 3370">
    <p class='ocr_par' dir='ltr' id='par_1_73' title="bbox 2135 3291 3477 3370">
     <span class='ocr_line' id='line_1_73' title="bbox 2135 3291 3477 3370; baseline -0.013 -10"><span class='ocrx_word' id='word_1_441' title='bbox 2135 3304 2432 3367; x_wconf 85' lang='lat' dir='ltr'><strong>Hostensis,</strong></span> <span class='ocrx_word' id='word_1_442' title='bbox 2466 3300 2662 3370; x_wconf 88' lang='lat' dir='ltr'><strong>capitis</strong></span> <span class='ocrx_word' id='word_1_443' title='bbox 2681 3314 2791 3369; x_wconf 90' lang='lat' dir='ltr'><strong>qua</strong></span> <span class='ocrx_word' id='word_1_444' title='bbox 2813 3311 3046 3367; x_wconf 90' lang='lat' dir='ltr'><strong>corpore</strong></span> <span class='ocrx_word' id='word_1_445' title='bbox 3077 3293 3228 3349; x_wconf 65' lang='lat' dir='ltr'><strong>caede</strong></span> <span class='ocrx_word' id='word_1_446' title='bbox 3257 3291 3477 3347; x_wconf 87' lang='lat' dir='ltr'><strong>solutus</strong></span> 
     </span>
    </p>
   </div>
   <div class='ocr_carea' id='block_1_74' title="bbox 2132 3385 3538 3462">
    <p class='ocr_par' dir='ltr' id='par_1_74' title="bbox 2132 3385 3538 3462">
     <span class='ocr_line' id='line_1_74' title="bbox 2132 3385 3538 3462; baseline -0.013 -10"><span class='ocrx_word' id='word_1_447' title='bbox 2132 3395 2426 3462; x_wconf 62' lang='lat' dir='ltr'><strong>Qumsitum</strong></span> <span class='ocrx_word' id='word_1_448' title='bbox 2461 3392 2670 3447; x_wconf 91' lang='lat' dir='ltr'><strong>Christo</strong></span> <span class='ocrx_word' id='word_1_449' title='bbox 2699 3388 2871 3444; x_wconf 91' lang='lat' dir='ltr'><strong>subiit</strong></span> <span class='ocrx_word' id='word_1_450' title='bbox 2891 3386 3214 3444; x_wconf 90' lang='lat' dir='ltr'><strong>convinctus</strong></span> <span class='ocrx_word' id='word_1_451' title='bbox 3243 3385 3538 3438; x_wconf 91' lang='lat' dir='ltr'><strong>honorem.</strong></span> 
     </span>
    </p>
   </div>
   <div class='ocr_carea' id='block_1_75' title="bbox 1899 3610 2264 3668">
    <p class='ocr_par' dir='ltr' id='par_1_75' title="bbox 1899 3610 2264 3668">
     <span class='ocr_line' id='line_1_75' title="bbox 1899 3610 2264 3668; baseline -0.005 -2"><span class='ocrx_word' id='word_1_452' title='bbox 1899 3610 2109 3668; x_wconf 83' lang='lat' dir='ltr'><strong>CAPUT</strong></span> <span class='ocrx_word' id='word_1_453' title='bbox 2159 3612 2264 3666; x_wconf 82' lang='lat' dir='ltr'><strong>XV.</strong></span> 
     </span>
    </p>
   </div>
   <div class='ocr_carea' id='block_1_76' title="bbox 1619 3711 2546 3772">
    <p class='ocr_par' dir='ltr' id='par_1_76' title="bbox 1619 3711 2546 3772">
     <span class='ocr_line' id='line_1_76' title="bbox 1619 3711 2546 3772; baseline -0.006 -2"><span class='ocrx_word' id='word_1_454' title='bbox 1619 3713 1695 3770; x_wconf 88' lang='lat' dir='ltr'><strong>De</strong></span> <span class='ocrx_word' id='word_1_455' title='bbox 1717 3715 1942 3772; x_wconf 74' lang='lat' dir='ltr'><strong>sanctis</strong></span> <span class='ocrx_word' id='word_1_456' title='bbox 1974 3713 2175 3772; x_wconf 85' lang='lat' dir='ltr'><strong>Abdon</strong></span> <span class='ocrx_word' id='word_1_457' title='bbox 2209 3720 2262 3771; x_wconf 87' lang='lat' dir='ltr'><strong>et</strong></span> <span class='ocrx_word' id='word_1_458' title='bbox 2289 3711 2546 3770; x_wconf 74' lang='lat' dir='ltr'><strong>Senum.</strong></span> 
     </span>
    </p>
   </div>
   <div class='ocr_carea' id='block_1_77' title="bbox 418 3827 2031 3902">
    <p class='ocr_par' dir='ltr' id='par_1_77' title="bbox 418 3827 2031 3902">
     <span class='ocr_line' id='line_1_77' title="bbox 418 3827 2031 3902; baseline -0.002 -18"><span class='ocrx_word' id='word_1_459' title='bbox 418 3831 569 3886; x_wconf 85' lang='lat' dir='ltr'><strong>Haud</strong></span> <span class='ocrx_word' id='word_1_460' title='bbox 601 3838 810 3886; x_wconf 89' lang='lat' dir='ltr'><strong>tantum</strong></span> <span class='ocrx_word' id='word_1_461' title='bbox 832 3831 886 3884; x_wconf 93' lang='lat' dir='ltr'><strong>in</strong></span> <span class='ocrx_word' id='word_1_462' title='bbox 920 3845 1176 3901; x_wconf 89' lang='lat' dir='ltr'><strong>proceres</strong></span> <span class='ocrx_word' id='word_1_463' title='bbox 1206 3835 1376 3882; x_wconf 89' lang='lat' dir='ltr'><strong>totum</strong></span> <span class='ocrx_word' id='word_1_464' title='bbox 1405 3827 1538 3898; x_wconf 92' lang='lat' dir='ltr'><strong>quin</strong></span> <span class='ocrx_word' id='word_1_465' title='bbox 1560 3827 1723 3882; x_wconf 61' lang='lat' dir='ltr'><strong>saevit</strong></span> <span class='ocrx_word' id='word_1_466' title='bbox 1749 3827 1804 3881; x_wconf 90' lang='lat' dir='ltr'><strong>in</strong></span> <span class='ocrx_word' id='word_1_467' title='bbox 1834 3843 2031 3902; x_wconf 88' lang='lat' dir='ltr'><strong>agmen</strong></span> 
     </span>
    </p>
   </div>
   <div class='ocr_carea' id='block_1_78' title="bbox 418 3915 1749 3986">
    <p class='ocr_par' dir='ltr' id='par_1_78' title="bbox 418 3915 1749 3986">
     <span class='ocr_line' id='line_1_78' title="bbox 418 3915 1749 3986; baseline -0.002 -13"><span class='ocrx_word' id='word_1_468' title='bbox 418 3920 622 3974; x_wconf 63' lang='lat' dir='ltr'><strong>Militiae</strong></span> <span class='ocrx_word' id='word_1_469' title='bbox 652 3919 803 3974; x_wconf 89' lang='lat' dir='ltr'><strong>furor</strong></span> <span class='ocrx_word' id='word_1_470' title='bbox 830 3918 919 3972; x_wconf 89' lang='lat' dir='ltr'><strong>hic</strong></span> <span class='ocrx_word' id='word_1_471' title='bbox 948 3917 1196 3980; x_wconf 86' lang='lat' dir='ltr'><strong>rabidus,</strong></span> <span class='ocrx_word' id='word_1_472' title='bbox 1228 3916 1446 3986; x_wconf 89' lang='lat' dir='ltr'><strong>lateque</strong></span> <span class='ocrx_word' id='word_1_473' title='bbox 1476 3915 1749 3986; x_wconf 90' lang='lat' dir='ltr'><strong>petendos</strong></span> 
     </span>
    </p>
   </div>
   <div class='ocr_carea' id='block_1_79' title="bbox 417 4006 1796 4079">
    <p class='ocr_par' dir='ltr' id='par_1_79' title="bbox 417 4006 1796 4079">
     <span class='ocr_line' id='line_1_79' title="bbox 417 4006 1796 4079; baseline -0.002 -15"><span class='ocrx_word' id='word_1_474' title='bbox 417 4011 668 4066; x_wconf 90' lang='lat' dir='ltr'><strong>Decernit</strong></span> <span class='ocrx_word' id='word_1_475' title='bbox 689 4010 892 4075; x_wconf 85' lang='lat' dir='ltr'><strong>Justos,</strong></span> <span class='ocrx_word' id='word_1_476' title='bbox 926 4009 1128 4079; x_wconf 89' lang='lat' dir='ltr'><strong>patrias</strong></span> <span class='ocrx_word' id='word_1_477' title='bbox 1160 4006 1474 4078; x_wconf 88' lang='lat' dir='ltr'><strong>Iymphatus</strong></span> <span class='ocrx_word' id='word_1_478' title='bbox 1501 4007 1555 4060; x_wconf 91' lang='lat' dir='ltr'><strong>in</strong></span> <span class='ocrx_word' id='word_1_479' title='bbox 1583 4023 1796 4073; x_wconf 89' lang='lat' dir='ltr'><strong>omnes,</strong></span> 
     </span>
    </p>
   </div>
   <div class='ocr_carea' id='block_1_80' title="bbox 417 4101 1848 4172">
    <p class='ocr_par' dir='ltr' id='par_1_80' title="bbox 417 4101 1848 4172">
     <span class='ocr_line' id='line_1_80' title="bbox 417 4101 1848 4172; baseline -0.003 -13"><span class='ocrx_word' id='word_1_480' title='bbox 417 4107 530 4168; x_wconf 87' lang='lat' dir='ltr'><strong>Qua</strong></span> <span class='ocrx_word' id='word_1_481' title='bbox 557 4103 869 4159; x_wconf 86' lang='lat' dir='ltr'><strong>dominatur</strong></span> <span class='ocrx_word' id='word_1_482' title='bbox 906 4103 1052 4156; x_wconf 64' lang='lat' dir='ltr'><strong>herae</strong></span> <span class='ocrx_word' id='word_1_483' title='bbox 1075 4101 1340 4172; x_wconf 90' lang='lat' dir='ltr'><strong>probrosa</strong></span> <span class='ocrx_word' id='word_1_484' title='bbox 1370 4101 1615 4171; x_wconf 90' lang='lat' dir='ltr'><strong>potentia</strong></span> <span class='ocrx_word' id='word_1_485' title='bbox 1643 4102 1848 4168; x_wconf 58' lang='lat' dir='ltr'><strong>Romae,</strong></span> 
     </span>
    </p>
   </div>
   <div class='ocr_carea' id='block_1_81' title="bbox 418 4192 1868 4266">
    <p class='ocr_par' dir='ltr' id='par_1_81' title="bbox 418 4192 1868 4266">
     <span class='ocr_line' id='line_1_81' title="bbox 418 4192 1868 4266; baseline -0.003 -18"><span class='ocrx_word' id='word_1_486' title='bbox 418 4195 840 4266; x_wconf 89' lang='lat' dir='ltr'><strong>Insequiturque</strong></span> <span class='ocrx_word' id='word_1_487' title='bbox 872 4194 994 4265; x_wconf 91' lang='lat' dir='ltr'><strong>pios</strong></span> <span class='ocrx_word' id='word_1_488' title='bbox 1023 4209 1254 4266; x_wconf 85' lang='lat' dir='ltr'><strong>magnus</strong></span> <span class='ocrx_word' id='word_1_489' title='bbox 1276 4209 1384 4263; x_wconf 89' lang='lat' dir='ltr'><strong>qua</strong></span> <span class='ocrx_word' id='word_1_490' title='bbox 1406 4193 1650 4248; x_wconf 89' lang='lat' dir='ltr'><strong>tenditur</strong></span> <span class='ocrx_word' id='word_1_491' title='bbox 1677 4192 1827 4246; x_wconf 91' lang='lat' dir='ltr'><strong>orbis</strong></span> <span class='ocrx_word' id='word_1_492' title='bbox 1855 4208 1868 4244; x_wconf 92' lang='lat'><strong>:</strong></span> 
     </span>
    </p>
   </div>
   <div class='ocr_carea' id='block_1_82' title="bbox 420 4287 1619 4354">
    <p class='ocr_par' dir='ltr' id='par_1_82' title="bbox 420 4287 1619 4354">
     <span class='ocr_line' id='line_1_82' title="bbox 420 4287 1619 4354; baseline -0.003 -11"><span class='ocrx_word' id='word_1_493' title='bbox 420 4289 647 4344; x_wconf 82' lang='lat' dir='ltr'><strong>Discutit</strong></span> <span class='ocrx_word' id='word_1_494' title='bbox 673 4289 958 4354; x_wconf 89' lang='lat' dir='ltr'><strong>Occasum;</strong></span> <span class='ocrx_word' id='word_1_495' title='bbox 988 4287 1158 4342; x_wconf 90' lang='lat' dir='ltr'><strong>ditem</strong></span> <span class='ocrx_word' id='word_1_496' title='bbox 1195 4287 1422 4340; x_wconf 86' lang='lat' dir='ltr'><strong>rimatur</strong></span> <span class='ocrx_word' id='word_1_497' title='bbox 1451 4288 1619 4342; x_wconf 86' lang='lat' dir='ltr'><strong>Eoum</strong></span> 
     </span>
    </p>
   </div>
   <div class='ocr_carea' id='block_1_83' title="bbox 417 4379 1852 4452">
    <p class='ocr_par' dir='ltr' id='par_1_83' title="bbox 417 4379 1852 4452">
     <span class='ocr_line' id='line_1_83' title="bbox 417 4379 1852 4452; baseline -0.003 -16"><span class='ocrx_word' id='word_1_498' title='bbox 417 4382 809 4452; x_wconf 90' lang='lat' dir='ltr'><strong>Sepositosque</strong></span> <span class='ocrx_word' id='word_1_499' title='bbox 843 4381 1031 4451; x_wconf 91' lang='lat' dir='ltr'><strong>procul</strong></span> <span class='ocrx_word' id='word_1_500' title='bbox 1062 4380 1237 4452; x_wconf 88' lang='lat' dir='ltr'><strong>quatit</strong></span> <span class='ocrx_word' id='word_1_501' title='bbox 1268 4381 1386 4435; x_wconf 75' lang='lat' dir='ltr'><strong>haec</strong></span> <span class='ocrx_word' id='word_1_502' title='bbox 1415 4379 1614 4448; x_wconf 86' lang='lat' dir='ltr'><strong>injuria</strong></span> <span class='ocrx_word' id='word_1_503' title='bbox 1645 4379 1852 4433; x_wconf 89' lang='lat' dir='ltr'><strong>Persas.</strong></span> 
     </span>
    </p>
   </div>
   <div class='ocr_carea' id='block_1_84' title="bbox 424 4468 1692 4537">
    <p class='ocr_par' dir='ltr' id='par_1_84' title="bbox 424 4468 1692 4537">
     <span class='ocr_line' id='line_1_84' title="bbox 424 4468 1692 4537; baseline -0.002 -14"><span class='ocrx_word' id='word_1_504' title='bbox 424 4470 538 4523; x_wconf 85' lang='lat' dir='ltr'><strong>Huc</strong></span> <span class='ocrx_word' id='word_1_505' title='bbox 567 4468 915 4523; x_wconf 90' lang='lat' dir='ltr'><strong>Deciirabies</strong></span> <span class='ocrx_word' id='word_1_506' title='bbox 938 4468 1095 4522; x_wconf 83' lang='lat' dir='ltr'><strong>furiis</strong></span> <span class='ocrx_word' id='word_1_507' title='bbox 1123 4468 1351 4522; x_wconf 89' lang='lat' dir='ltr'><strong>advecta</strong></span> <span class='ocrx_word' id='word_1_508' title='bbox 1383 4483 1692 4537; x_wconf 87' lang='lat' dir='ltr'><strong>pererrans.</strong></span> 
     </span>
    </p>
   </div>
   <div class='ocr_carea' id='block_1_85' title="bbox 423 4558 1845 4635">
    <p class='ocr_par' dir='ltr' id='par_1_85' title="bbox 423 4558 1845 4635">
     <span class='ocr_line' id='line_1_85' title="bbox 423 4558 1845 4635; baseline -0.001 -21"><span class='ocrx_word' id='word_1_509' title='bbox 423 4561 687 4615; x_wconf 89' lang='lat' dir='ltr'><strong>Primates</strong></span> <span class='ocrx_word' id='word_1_510' title='bbox 716 4561 898 4635; x_wconf 85' lang='lat' dir='ltr'><strong>gentis</strong></span> <span class='ocrx_word' id='word_1_511' title='bbox 919 4560 1158 4615; x_wconf 87' lang='lat' dir='ltr'><strong>Sennem</strong></span> <span class='ocrx_word' id='word_1_512' title='bbox 1187 4560 1291 4614; x_wconf 90' lang='lat' dir='ltr'><strong>sibi</strong></span> <span class='ocrx_word' id='word_1_513' title='bbox 1325 4560 1546 4614; x_wconf 90' lang='lat' dir='ltr'><strong>mandat</strong></span> <span class='ocrx_word' id='word_1_514' title='bbox 1576 4566 1630 4614; x_wconf 89' lang='lat' dir='ltr'><strong>et</strong></span> <span class='ocrx_word' id='word_1_515' title='bbox 1655 4558 1845 4614; x_wconf 83' lang='lat' dir='ltr'><strong>Abdon</strong></span> 
     </span>
    </p>
   </div>
   <div class='ocr_carea' id='block_1_86' title="bbox 424 4650 1966 4721">
    <p class='ocr_par' dir='ltr' id='par_1_86' title="bbox 424 4650 1966 4721">
     <span class='ocr_line' id='line_1_86' title="bbox 424 4650 1966 4721; baseline -0.001 -16"><span class='ocrx_word' id='word_1_516' title='bbox 424 4653 729 4706; x_wconf 62' lang='lat' dir='ltr'><strong>Praesentes</strong></span> <span class='ocrx_word' id='word_1_517' title='bbox 760 4651 901 4712; x_wconf 84' lang='lat' dir='ltr'><strong>fieri.</strong></span> <span class='ocrx_word' id='word_1_518' title='bbox 933 4651 1139 4706; x_wconf 93' lang='lat' dir='ltr'><strong>cultum</strong></span> <span class='ocrx_word' id='word_1_519' title='bbox 1169 4651 1372 4721; x_wconf 90' lang='lat' dir='ltr'><strong>quibus</strong></span> <span class='ocrx_word' id='word_1_520' title='bbox 1413 4650 1713 4720; x_wconf 84' lang='lat' dir='ltr'><strong>Opprobrat</strong></span> <span class='ocrx_word' id='word_1_521' title='bbox 1741 4650 1966 4715; x_wconf 89' lang='lat' dir='ltr'><strong>almum,</strong></span> 
     </span>
    </p>
   </div>
   <div class='ocr_carea' id='block_1_87' title="bbox 429 4740 1738 4814">
    <p class='ocr_par' dir='ltr' id='par_1_87' title="bbox 429 4740 1738 4814">
     <span class='ocr_line' id='line_1_87' title="bbox 429 4740 1738 4814; baseline -0.003 -16"><span class='ocrx_word' id='word_1_522' title='bbox 429 4744 601 4814; x_wconf 86' lang='lat' dir='ltr'><strong>thue</strong></span> <span class='ocrx_word' id='word_1_523' title='bbox 631 4745 772 4798; x_wconf 91' lang='lat' dir='ltr'><strong>Deos</strong></span> <span class='ocrx_word' id='word_1_524' title='bbox 796 4749 1214 4797; x_wconf 87' lang='lat' dir='ltr'><strong>contemnentes</strong></span> <span class='ocrx_word' id='word_1_525' title='bbox 1239 4741 1350 4796; x_wconf 91' lang='lat' dir='ltr'><strong>sint</strong></span> <span class='ocrx_word' id='word_1_526' title='bbox 1375 4742 1499 4809; x_wconf 87' lang='lat' dir='ltr'><strong>jure</strong></span> <span class='ocrx_word' id='word_1_527' title='bbox 1527 4740 1738 4795; x_wconf 88' lang='lat' dir='ltr'><strong>subacti</strong></span> 
     </span>
    </p>
   </div>
   <div class='ocr_carea' id='block_1_88' title="bbox 426 4834 1608 4901">
    <p class='ocr_par' dir='ltr' id='par_1_88' title="bbox 426 4834 1608 4901">
     <span class='ocr_line' id='line_1_88' title="bbox 426 4834 1608 4901; baseline -0.004 -9"><span class='ocrx_word' id='word_1_528' title='bbox 426 4837 685 4892; x_wconf 83' lang='lat' dir='ltr'><strong>Romanis</strong></span> <span class='ocrx_word' id='word_1_529' title='bbox 721 4836 1197 4901; x_wconf 88' lang='lat' dir='ltr'><strong>merito,victores</strong></span> <span class='ocrx_word' id='word_1_530' title='bbox 1229 4835 1338 4889; x_wconf 92' lang='lat' dir='ltr'><strong>imo</strong></span> <span class='ocrx_word' id='word_1_531' title='bbox 1366 4834 1608 4888; x_wconf 88' lang='lat' dir='ltr'><strong>fatentur</strong></span> 
     </span>
    </p>
   </div>
   <div class='ocr_carea' id='block_1_89' title="bbox 424 4923 1912 4998">
    <p class='ocr_par' dir='ltr' id='par_1_89' title="bbox 424 4923 1912 4998">
     <span class='ocr_line' id='line_1_89' title="bbox 424 4923 1912 4998; baseline -0.005 -15"><span class='ocrx_word' id='word_1_532' title='bbox 424 4929 494 4983; x_wconf 92' lang='lat' dir='ltr'><strong>Se</strong></span> <span class='ocrx_word' id='word_1_533' title='bbox 514 4926 729 4982; x_wconf 76' lang='lat' dir='ltr'><strong>Christo</strong></span> <span class='ocrx_word' id='word_1_534' title='bbox 760 4926 1038 4981; x_wconf 89' lang='lat' dir='ltr'><strong>tribuente</strong></span> <span class='ocrx_word' id='word_1_535' title='bbox 1067 4926 1197 4989; x_wconf 89' lang='lat' dir='ltr'><strong>Deo,</strong></span> <span class='ocrx_word' id='word_1_536' title='bbox 1219 4939 1328 4995; x_wconf 90' lang='lat' dir='ltr'><strong>quo</strong></span> <span class='ocrx_word' id='word_1_537' title='bbox 1358 4939 1527 4998; x_wconf 88' lang='lat' dir='ltr'><strong>regna</strong></span> <span class='ocrx_word' id='word_1_538' title='bbox 1554 4923 1912 4993; x_wconf 91' lang='lat' dir='ltr'><strong>triumphant,</strong></span> 
     </span>
    </p>
   </div>
   <div class='ocr_carea' id='block_1_90' title="bbox 426 5015 1716 5087">
    <p class='ocr_par' dir='ltr' id='par_1_90' title="bbox 426 5015 1716 5087">
     <span class='ocr_line' id='line_1_90' title="bbox 426 5015 1716 5087; baseline -0.005 -13"><span class='ocrx_word' id='word_1_539' title='bbox 426 5017 698 5086; x_wconf 72' lang='lat' dir='ltr'><strong>Perfidiae,</strong></span> <span class='ocrx_word' id='word_1_540' title='bbox 720 5019 880 5087; x_wconf 89' lang='lat' dir='ltr'><strong>cujus</strong></span> <span class='ocrx_word' id='word_1_541' title='bbox 911 5017 1136 5072; x_wconf 89' lang='lat' dir='ltr'><strong>laudant</strong></span> <span class='ocrx_word' id='word_1_542' title='bbox 1166 5016 1220 5070; x_wconf 93' lang='lat' dir='ltr'><strong>in</strong></span> <span class='ocrx_word' id='word_1_543' title='bbox 1244 5016 1448 5071; x_wconf 61' lang='lat' dir='ltr'><strong>saecula</strong></span> <span class='ocrx_word' id='word_1_544' title='bbox 1474 5015 1716 5081; x_wconf 91' lang='lat' dir='ltr'><strong>culmen,</strong></span> 
     </span>
    </p>
   </div>
   <div class='ocr_carea' id='block_1_91' title="bbox 424 5107 1652 5182">
    <p class='ocr_par' dir='ltr' id='par_1_91' title="bbox 424 5107 1652 5182">
     <span class='ocr_line' id='line_1_91' title="bbox 424 5107 1652 5182; baseline -0.004 -17"><span class='ocrx_word' id='word_1_545' title='bbox 424 5113 674 5182; x_wconf 87' lang='lat' dir='ltr'><strong>Dumque</strong></span> <span class='ocrx_word' id='word_1_546' title='bbox 693 5118 974 5165; x_wconf 88' lang='lat' dir='ltr'><strong>catenatos</strong></span> <span class='ocrx_word' id='word_1_547' title='bbox 994 5110 1244 5166; x_wconf 89' lang='lat' dir='ltr'><strong>custodia</strong></span> <span class='ocrx_word' id='word_1_548' title='bbox 1274 5107 1505 5178; x_wconf 87' lang='lat' dir='ltr'><strong>suscipit</strong></span> <span class='ocrx_word' id='word_1_549' title='bbox 1534 5113 1652 5161; x_wconf 90' lang='lat' dir='ltr'><strong>arta</strong></span> 
     </span>
    </p>
   </div>
   <div class='ocr_carea' id='block_1_92' title="bbox 425 5197 2043 5271">
    <p class='ocr_par' dir='ltr' id='par_1_92' title="bbox 425 5197 2043 5271">
     <span class='ocr_line' id='line_1_92' title="bbox 425 5197 2043 5271; baseline -0.004 -14"><span class='ocrx_word' id='word_1_550' title='bbox 425 5201 744 5258; x_wconf 84' lang='lat' dir='ltr'><strong>Glorificant</strong></span> <span class='ocrx_word' id='word_1_551' title='bbox 773 5201 1069 5266; x_wconf 89' lang='lat' dir='ltr'><strong>Christum,</strong></span> <span class='ocrx_word' id='word_1_552' title='bbox 1127 5201 1298 5257; x_wconf 89' lang='lat' dir='ltr'><strong>decus</strong></span> <span class='ocrx_word' id='word_1_553' title='bbox 1345 5199 1401 5254; x_wconf 91' lang='lat' dir='ltr'><strong>id</strong></span> <span class='ocrx_word' id='word_1_554' title='bbox 1442 5197 1591 5271; x_wconf 91' lang='lat' dir='ltr'><strong>quod</strong></span> <span class='ocrx_word' id='word_1_555' title='bbox 1646 5213 1868 5269; x_wconf 90' lang='lat' dir='ltr'><strong>semper</strong></span> <span class='ocrx_word' id='word_1_556' title='bbox 1890 5211 2043 5251; x_wconf 85' lang='lat' dir='ltr'><strong>ama-</strong></span> 
     </span>
    </p>
   </div>
   <div class='ocr_carea' id='block_1_93' title="bbox 1832 5289 1988 5359">
    <p class='ocr_par' dir='ltr' id='par_1_93' title="bbox 1832 5289 1988 5359">
     <span class='ocr_line' id='line_1_93' title="bbox 1832 5289 1988 5359; baseline 0.013 -17"><span class='ocrx_word' id='word_1_557' title='bbox 1832 5289 1988 5359; x_wconf 74' lang='lat' dir='ltr'><strong>[rant&#39;</strong></span> 
     </span>
    </p>
   </div>
   <div class='ocr_carea' id='block_1_94' title="bbox 428 5379 1666 5456">
    <p class='ocr_par' dir='ltr' id='par_1_94' title="bbox 428 5379 1666 5456">
     <span class='ocr_line' id='line_1_94' title="bbox 428 5379 1666 5456; baseline -0.006 -16"><span class='ocrx_word' id='word_1_558' title='bbox 428 5385 556 5454; x_wconf 86' lang='lat' dir='ltr'><strong>Ejus</strong></span> <span class='ocrx_word' id='word_1_559' title='bbox 585 5382 877 5455; x_wconf 79' lang='lat' dir='ltr'><strong>magniﬁca</strong></span> <span class='ocrx_word' id='word_1_560' title='bbox 906 5389 1187 5456; x_wconf 84' lang='lat' dir='ltr'><strong>gratanter</strong></span> <span class='ocrx_word' id='word_1_561' title='bbox 1213 5381 1375 5438; x_wconf 89' lang='lat' dir='ltr'><strong>laude</strong></span> <span class='ocrx_word' id='word_1_562' title='bbox 1406 5379 1666 5435; x_wconf 89' lang='lat' dir='ltr'><strong>ferentes.</strong></span> 
     </span>
    </p>
   </div>
   <div class='ocr_carea' id='block_1_95' title="bbox 428 5472 1689 5547">
    <p class='ocr_par' dir='ltr' id='par_1_95' title="bbox 428 5472 1689 5547">
     <span class='ocr_line' id='line_1_95' title="bbox 428 5472 1689 5547; baseline -0.005 -19"><span class='ocrx_word' id='word_1_563' title='bbox 428 5474 566 5529; x_wconf 88' lang='lat' dir='ltr'><strong>Ilinc</strong></span> <span class='ocrx_word' id='word_1_564' title='bbox 594 5472 689 5527; x_wconf 88' lang='lat' dir='ltr'><strong>alii</strong></span> <span class='ocrx_word' id='word_1_565' title='bbox 719 5473 855 5528; x_wconf 89' lang='lat' dir='ltr'><strong>tenti</strong></span> <span class='ocrx_word' id='word_1_566' title='bbox 882 5489 1084 5544; x_wconf 88' lang='lat' dir='ltr'><strong>supera</strong></span> <span class='ocrx_word' id='word_1_567' title='bbox 1113 5489 1211 5543; x_wconf 90' lang='lat' dir='ltr'><strong>pro</strong></span> <span class='ocrx_word' id='word_1_568' title='bbox 1241 5473 1363 5547; x_wconf 85' lang='lat' dir='ltr'><strong>lege</strong></span> <span class='ocrx_word' id='word_1_569' title='bbox 1403 5477 1689 5526; x_wconf 89' lang='lat' dir='ltr'><strong>necantur.</strong></span> 
     </span>
    </p>
   </div>
   <div class='ocr_carea' id='block_1_96' title="bbox 429 5557 1870 5635">
    <p class='ocr_par' dir='ltr' id='par_1_96' title="bbox 429 5557 1870 5635">
     <span class='ocr_line' id='line_1_96' title="bbox 429 5557 1870 5635; baseline -0.005 -17"><span class='ocrx_word' id='word_1_570' title='bbox 429 5564 520 5618; x_wconf 90' lang='lat' dir='ltr'><strong>Bis</strong></span> <span class='ocrx_word' id='word_1_571' title='bbox 550 5563 715 5617; x_wconf 92' lang='lat' dir='ltr'><strong>binos</strong></span> <span class='ocrx_word' id='word_1_572' title='bbox 745 5563 906 5633; x_wconf 84' lang='lat' dir='ltr'><strong>plena</strong></span> <span class='ocrx_word' id='word_1_573' title='bbox 937 5572 1062 5635; x_wconf 90' lang='lat' dir='ltr'><strong>post</strong></span> <span class='ocrx_word' id='word_1_574' title='bbox 1092 5564 1274 5619; x_wconf 88' lang='lat' dir='ltr'><strong>fronte</strong></span> <span class='ocrx_word' id='word_1_575' title='bbox 1307 5566 1677 5631; x_wconf 87' lang='lat' dir='ltr'><strong>resumpserat</strong></span> <span class='ocrx_word' id='word_1_576' title='bbox 1707 5557 1870 5614; x_wconf 88' lang='lat' dir='ltr'><strong>orbes</strong></span> 
     </span>
    </p>
   </div>
   <div class='ocr_carea' id='block_1_97' title="bbox 432 5645 1824 5718">
    <p class='ocr_par' dir='ltr' id='par_1_97' title="bbox 432 5645 1824 5718">
     <span class='ocr_line' id='line_1_97' title="bbox 432 5645 1824 5718; baseline -0.003 -15"><span class='ocrx_word' id='word_1_577' title='bbox 432 5649 681 5718; x_wconf 86' lang='lat' dir='ltr'><strong>Cynthia,</strong></span> <span class='ocrx_word' id='word_1_578' title='bbox 704 5649 1000 5705; x_wconf 79' lang='lat' dir='ltr'><strong>Romulaeis</strong></span> <span class='ocrx_word' id='word_1_579' title='bbox 1029 5651 1206 5704; x_wconf 81' lang='lat' dir='ltr'><strong>Caesar</strong></span> <span class='ocrx_word' id='word_1_580' title='bbox 1230 5650 1360 5704; x_wconf 91' lang='lat' dir='ltr'><strong>dum</strong></span> <span class='ocrx_word' id='word_1_581' title='bbox 1393 5647 1664 5703; x_wconf 59' lang='lat' dir='ltr'><strong>manibus</strong></span> <span class='ocrx_word' id='word_1_582' title='bbox 1689 5645 1824 5700; x_wconf 89' lang='lat' dir='ltr'><strong>istos</strong></span> 
     </span>
    </p>
   </div>
   <div class='ocr_carea' id='block_1_98' title="bbox 2136 3812 3497 3894">
    <p class='ocr_par' dir='ltr' id='par_1_98' title="bbox 2136 3812 3497 3894">
     <span class='ocr_line' id='line_1_98' title="bbox 2136 3812 3497 3894; baseline -0.013 -14"><span class='ocrx_word' id='word_1_583' title='bbox 2136 3825 2349 3881; x_wconf 90' lang='lat' dir='ltr'><strong>Invehit</strong></span> <span class='ocrx_word' id='word_1_584' title='bbox 2376 3830 2537 3894; x_wconf 90' lang='lat' dir='ltr'><strong>atque</strong></span> <span class='ocrx_word' id='word_1_585' title='bbox 2571 3825 2722 3891; x_wconf 89' lang='lat' dir='ltr'><strong>parat</strong></span> <span class='ocrx_word' id='word_1_586' title='bbox 2750 3817 2818 3872; x_wconf 91' lang='lat' dir='ltr'><strong>de</strong></span> <span class='ocrx_word' id='word_1_587' title='bbox 2848 3813 3065 3870; x_wconf 89' lang='lat' dir='ltr'><strong>invictis</strong></span> <span class='ocrx_word' id='word_1_588' title='bbox 3093 3812 3240 3866; x_wconf 92' lang='lat' dir='ltr'><strong>clara</strong></span> <span class='ocrx_word' id='word_1_589' title='bbox 3269 3817 3497 3880; x_wconf 74' lang='lat' dir='ltr'><strong>trapaea,</strong></span> 
     </span>
    </p>
   </div>
   <div class='ocr_carea' id='block_1_99' title="bbox 2135 3902 3538 3978">
    <p class='ocr_par' dir='ltr' id='par_1_99' title="bbox 2135 3902 3538 3978">
     <span class='ocr_line' id='line_1_99' title="bbox 2135 3902 3538 3978; baseline -0.015 -4"><span class='ocrx_word' id='word_1_590' title='bbox 2135 3920 2255 3974; x_wconf 80' lang='lat' dir='ltr'><strong>Fert</strong></span> <span class='ocrx_word' id='word_1_591' title='bbox 2282 3934 2340 3971; x_wconf 90' lang='lat' dir='ltr'><strong>se</strong></span> <span class='ocrx_word' id='word_1_592' title='bbox 2371 3916 2632 3970; x_wconf 85' lang='lat' dir='ltr'><strong>victorem</strong></span> <span class='ocrx_word' id='word_1_593' title='bbox 2652 3909 2804 3964; x_wconf 87' lang='lat' dir='ltr'><strong>velut</strong></span> <span class='ocrx_word' id='word_1_594' title='bbox 2829 3922 2961 3962; x_wconf 91' lang='lat' dir='ltr'><strong>ense</strong></span> <span class='ocrx_word' id='word_1_595' title='bbox 2991 3903 3272 3978; x_wconf 83' lang='lat' dir='ltr'><strong>subegerit</strong></span> <span class='ocrx_word' id='word_1_596' title='bbox 3313 3902 3538 3964; x_wconf 89' lang='lat' dir='ltr'><strong>hostes;</strong></span> 
     </span>
    </p>
   </div>
   <div class='ocr_carea' id='block_1_100' title="bbox 2131 3989 3449 4077">
    <p class='ocr_par' dir='ltr' id='par_1_100' title="bbox 2131 3989 3449 4077">
     <span class='ocr_line' id='line_1_100' title="bbox 2131 3989 3449 4077; baseline -0.016 -15"><span class='ocrx_word' id='word_1_597' title='bbox 2131 4007 2230 4073; x_wconf 86' lang='lat' dir='ltr'><strong>Qui</strong></span> <span class='ocrx_word' id='word_1_598' title='bbox 2265 4021 2373 4077; x_wconf 92' lang='lat' dir='ltr'><strong>quo</strong></span> <span class='ocrx_word' id='word_1_599' title='bbox 2405 4003 2641 4057; x_wconf 71' lang='lat' dir='ltr'><strong>victores</strong></span> <span class='ocrx_word' id='word_1_600' title='bbox 2672 4003 2919 4069; x_wconf 84' lang='lat' dir='ltr'><strong>perstant</strong></span> <span class='ocrx_word' id='word_1_601' title='bbox 2945 3993 3210 4048; x_wconf 90' lang='lat' dir='ltr'><strong>studuere</strong></span> <span class='ocrx_word' id='word_1_602' title='bbox 3239 3989 3449 4053; x_wconf 91' lang='lat' dir='ltr'><strong>duello,</strong></span> 
     </span>
    </p>
   </div>
   <div class='ocr_carea' id='block_1_101' title="bbox 2128 4083 3360 4164">
    <p class='ocr_par' dir='ltr' id='par_1_101' title="bbox 2128 4083 3360 4164">
     <span class='ocr_line' id='line_1_101' title="bbox 2128 4083 3360 4164; baseline -0.018 -9"><span class='ocrx_word' id='word_1_603' title='bbox 2128 4098 2312 4155; x_wconf 82' lang='lat' dir='ltr'><strong>Acciet</strong></span> <span class='ocrx_word' id='word_1_604' title='bbox 2341 4094 2630 4158; x_wconf 56' lang='lat' dir='ltr'><strong>(Encades,</strong></span> <span class='ocrx_word' id='word_1_605' title='bbox 2663 4094 2948 4164; x_wconf 86' lang='lat' dir='ltr'><strong>magnates</strong></span> <span class='ocrx_word' id='word_1_606' title='bbox 2977 4083 3176 4140; x_wconf 84' lang='lat' dir='ltr'><strong>excolit</strong></span> <span class='ocrx_word' id='word_1_607' title='bbox 3203 4097 3360 4145; x_wconf 92' lang='lat' dir='ltr'><strong>auro,</strong></span> 
     </span>
    </p>
   </div>
   <div class='ocr_carea' id='block_1_102' title="bbox 2133 4171 3448 4248">
    <p class='ocr_par' dir='ltr' id='par_1_102' title="bbox 2133 4171 3448 4248">
     <span class='ocr_line' id='line_1_102' title="bbox 2133 4171 3448 4248; baseline -0.017 -2"><span class='ocrx_word' id='word_1_608' title='bbox 2133 4189 2361 4248; x_wconf 87' lang='lat' dir='ltr'><strong>Exhibet</strong></span> <span class='ocrx_word' id='word_1_609' title='bbox 2390 4192 2614 4241; x_wconf 90' lang='lat' dir='ltr'><strong>ornatos</strong></span> <span class='ocrx_word' id='word_1_610' title='bbox 2646 4181 2830 4236; x_wconf 91' lang='lat' dir='ltr'><strong>baccis</strong></span> <span class='ocrx_word' id='word_1_611' title='bbox 2852 4178 3172 4247; x_wconf 89' lang='lat' dir='ltr'><strong>cinctosque</strong></span> <span class='ocrx_word' id='word_1_612' title='bbox 3212 4171 3448 4238; x_wconf 89' lang='lat' dir='ltr'><strong>catenis,</strong></span> 
     </span>
    </p>
   </div>
   <div class='ocr_carea' id='block_1_103' title="bbox 2133 4261 3589 4337">
    <p class='ocr_par' dir='ltr' id='par_1_103' title="bbox 2133 4261 3589 4337">
     <span class='ocr_line' id='line_1_103' title="bbox 2133 4261 3589 4337; baseline -0.014 -1"><span class='ocrx_word' id='word_1_613' title='bbox 2133 4281 2396 4336; x_wconf 81' lang='lat' dir='ltr'><strong>Monstrat</strong></span> <span class='ocrx_word' id='word_1_614' title='bbox 2432 4271 2767 4330; x_wconf 85' lang='lat' dir='ltr'><strong>bonorificos</strong></span> <span class='ocrx_word' id='word_1_615' title='bbox 2791 4284 2915 4323; x_wconf 88' lang='lat' dir='ltr'><strong>sese</strong></span> <span class='ocrx_word' id='word_1_616' title='bbox 2945 4278 3238 4337; x_wconf 88' lang='lat' dir='ltr'><strong>superasse</strong></span> <span class='ocrx_word' id='word_1_617' title='bbox 3265 4261 3589 4332; x_wconf 89' lang='lat' dir='ltr'><strong>toparchas.</strong></span> 
     </span>
    </p>
   </div>
   <div class='ocr_carea' id='block_1_104' title="bbox 2141 4351 3580 4436">
    <p class='ocr_par' dir='ltr' id='par_1_104' title="bbox 2141 4351 3580 4436">
     <span class='ocr_line' id='line_1_104' title="bbox 2141 4351 3580 4436; baseline -0.016 -10"><span class='ocrx_word' id='word_1_618' title='bbox 2141 4371 2351 4426; x_wconf 84' lang='lat' dir='ltr'><strong>Laudes</strong></span> <span class='ocrx_word' id='word_1_619' title='bbox 2382 4368 2439 4421; x_wconf 92' lang='lat' dir='ltr'><strong>in</strong></span> <span class='ocrx_word' id='word_1_620' title='bbox 2471 4363 2721 4436; x_wconf 89' lang='lat' dir='ltr'><strong>pr0prias</strong></span> <span class='ocrx_word' id='word_1_621' title='bbox 2751 4359 2955 4424; x_wconf 86' lang='lat' dir='ltr'><strong>studet,</strong></span> <span class='ocrx_word' id='word_1_622' title='bbox 2989 4356 3191 4411; x_wconf 86' lang='lat' dir='ltr'><strong>excitet</strong></span> <span class='ocrx_word' id='word_1_623' title='bbox 3218 4368 3315 4408; x_wconf 90' lang='lat' dir='ltr'><strong>ora</strong></span> <span class='ocrx_word' id='word_1_624' title='bbox 3347 4351 3580 4422; x_wconf 90' lang='lat' dir='ltr'><strong>popelli,</strong></span> 
     </span>
    </p>
   </div>
   <div class='ocr_carea' id='block_1_105' title="bbox 2137 4444 3442 4530">
    <p class='ocr_par' dir='ltr' id='par_1_105' title="bbox 2137 4444 3442 4530">
     <span class='ocr_line' id='line_1_105' title="bbox 2137 4444 3442 4530; baseline -0.018 -11"><span class='ocrx_word' id='word_1_625' title='bbox 2137 4460 2540 4530; x_wconf 64' lang='lat' dir='ltr'><strong>Prmtenditque</strong></span> <span class='ocrx_word' id='word_1_626' title='bbox 2571 4456 2717 4510; x_wconf 91' lang='lat' dir='ltr'><strong>feros</strong></span> <span class='ocrx_word' id='word_1_627' title='bbox 2746 4454 2936 4506; x_wconf 89' lang='lat' dir='ltr'><strong>hostes</strong></span> <span class='ocrx_word' id='word_1_628' title='bbox 2966 4444 3404 4521; x_wconf 89' lang='lat' dir='ltr'><strong>pietatisamicos</strong></span> <span class='ocrx_word' id='word_1_629' title='bbox 3429 4462 3442 4496; x_wconf 93' lang='lat'><strong>:</strong></span> 
     </span>
    </p>
   </div>
   <div class='ocr_carea' id='block_1_106' title="bbox 2139 4543 3230 4609">
    <p class='ocr_par' dir='ltr' id='par_1_106' title="bbox 2139 4543 3230 4609">
     <span class='ocr_line' id='line_1_106' title="bbox 2139 4543 3230 4609; baseline -0.021 1"><span class='ocrx_word' id='word_1_630' title='bbox 2139 4555 2309 4609; x_wconf 76' lang='lat' dir='ltr'><strong>lactat</strong></span> <span class='ocrx_word' id='word_1_631' title='bbox 2331 4549 2577 4604; x_wconf 89' lang='lat' dir='ltr'><strong>devictos</strong></span> <span class='ocrx_word' id='word_1_632' title='bbox 2599 4560 2692 4599; x_wconf 87' lang='lat' dir='ltr'><strong>cor</strong></span> <span class='ocrx_word' id='word_1_633' title='bbox 2714 4543 2842 4595; x_wconf 81' lang='lat' dir='ltr'><strong>llbel</strong></span> <span class='ocrx_word' id='word_1_634' title='bbox 2860 4547 2964 4592; x_wconf 88' lang='lat' dir='ltr'><strong>tate</strong></span> <span class='ocrx_word' id='word_1_635' title='bbox 2994 4543 3230 4598; x_wconf 87' lang='lat' dir='ltr'><strong>tuentes,</strong></span> 
     </span>
    </p>
   </div>
   <div class='ocr_carea' id='block_1_107' title="bbox 2145 4625 3588 4709">
    <p class='ocr_par' dir='ltr' id='par_1_107' title="bbox 2145 4625 3588 4709">
     <span class='ocr_line' id='line_1_107' title="bbox 2145 4625 3588 4709; baseline -0.014 -11"><span class='ocrx_word' id='word_1_636' title='bbox 2145 4653 2202 4698; x_wconf 91' lang='lat' dir='ltr'><strong>In</strong></span> <span class='ocrx_word' id='word_1_637' title='bbox 2230 4641 2598 4709; x_wconf 86' lang='lat' dir='ltr'><strong>manibusque</strong></span> <span class='ocrx_word' id='word_1_638' title='bbox 2621 4637 2774 4690; x_wconf 88' lang='lat' dir='ltr'><strong>datos</strong></span> <span class='ocrx_word' id='word_1_639' title='bbox 2805 4630 3082 4685; x_wconf 86' lang='lat' dir='ltr'><strong>calcantes</strong></span> <span class='ocrx_word' id='word_1_640' title='bbox 3114 4635 3330 4696; x_wconf 87' lang='lat' dir='ltr'><strong>sceptra</strong></span> <span class='ocrx_word' id='word_1_641' title='bbox 3364 4625 3588 4679; x_wconf 81' lang='lat' dir='ltr'><strong>fatetur.</strong></span> 
     </span>
    </p>
   </div>
   <div class='ocr_carea' id='block_1_108' title="bbox 2143 4715 3548 4798">
    <p class='ocr_par' dir='ltr' id='par_1_108' title="bbox 2143 4715 3548 4798">
     <span class='ocr_line' id='line_1_108' title="bbox 2143 4715 3548 4798; baseline -0.016 -11"><span class='ocrx_word' id='word_1_642' title='bbox 2143 4732 2366 4788; x_wconf 86' lang='lat' dir='ltr'><strong>Miratur</strong></span> <span class='ocrx_word' id='word_1_643' title='bbox 2389 4740 2677 4798; x_wconf 88' lang='lat' dir='ltr'><strong>procerum</strong></span> <span class='ocrx_word' id='word_1_644' title='bbox 2709 4719 2962 4790; x_wconf 85' lang='lat' dir='ltr'><strong>stupidus</strong></span> <span class='ocrx_word' id='word_1_645' title='bbox 2984 4715 3284 4771; x_wconf 87' lang='lat' dir='ltr'><strong>reverenda</strong></span> <span class='ocrx_word' id='word_1_646' title='bbox 3315 4721 3548 4768; x_wconf 88' lang='lat' dir='ltr'><strong>senatus</strong></span> 
     </span>
    </p>
   </div>
   <div class='ocr_carea' id='block_1_109' title="bbox 2144 4806 3366 4880">
    <p class='ocr_par' dir='ltr' id='par_1_109' title="bbox 2144 4806 3366 4880">
     <span class='ocr_line' id='line_1_109' title="bbox 2144 4806 3366 4880; baseline -0.019 0"><span class='ocrx_word' id='word_1_647' title='bbox 2144 4825 2245 4880; x_wconf 89' lang='lat' dir='ltr'><strong>Ora</strong></span> <span class='ocrx_word' id='word_1_648' title='bbox 2265 4823 2552 4876; x_wconf 88' lang='lat' dir='ltr'><strong>beatorum</strong></span> <span class='ocrx_word' id='word_1_649' title='bbox 2582 4813 2778 4869; x_wconf 90' lang='lat' dir='ltr'><strong>Christi</strong></span> <span class='ocrx_word' id='word_1_650' title='bbox 2811 4830 2825 4877; x_wconf 87' lang='lat'><strong>;</strong></span> <span class='ocrx_word' id='word_1_651' title='bbox 2859 4816 3176 4866; x_wconf 89' lang='lat' dir='ltr'><strong>constanter</strong></span> <span class='ocrx_word' id='word_1_652' title='bbox 3205 4815 3258 4863; x_wconf 89' lang='lat' dir='ltr'><strong>at</strong></span> <span class='ocrx_word' id='word_1_653' title='bbox 3287 4806 3366 4862; x_wconf 90' lang='lat' dir='ltr'><strong>illi</strong></span> 
     </span>
    </p>
   </div>
   <div class='ocr_carea' id='block_1_110' title="bbox 2147 4900 3545 4979">
    <p class='ocr_par' dir='ltr' id='par_1_110' title="bbox 2147 4900 3545 4979">
     <span class='ocr_line' id='line_1_110' title="bbox 2147 4900 3545 4979; baseline -0.016 -3"><span class='ocrx_word' id='word_1_654' title='bbox 2147 4923 2279 4975; x_wconf 93' lang='lat' dir='ltr'><strong>Dum</strong></span> <span class='ocrx_word' id='word_1_655' title='bbox 2308 4929 2490 4970; x_wconf 91' lang='lat' dir='ltr'><strong>coram</strong></span> <span class='ocrx_word' id='word_1_656' title='bbox 2524 4908 2782 4979; x_wconf 85' lang='lat' dir='ltr'><strong>intrepidi</strong></span> <span class='ocrx_word' id='word_1_657' title='bbox 2811 4903 3088 4977; x_wconf 57' lang='lat' dir='ltr'><strong>praeconia</strong></span> <span class='ocrx_word' id='word_1_658' title='bbox 3113 4901 3306 4957; x_wconf 65' lang='lat' dir='ltr'><strong>coelica</strong></span> <span class='ocrx_word' id='word_1_659' title='bbox 3336 4900 3545 4964; x_wconf 88' lang='lat' dir='ltr'><strong>fantur,</strong></span> 
     </span>
    </p>
   </div>
   <div class='ocr_carea' id='block_1_111' title="bbox 2145 4994 3219 5066">
    <p class='ocr_par' dir='ltr' id='par_1_111' title="bbox 2145 4994 3219 5066">
     <span class='ocr_line' id='line_1_111' title="bbox 2145 4994 3219 5066; baseline -0.018 0"><span class='ocrx_word' id='word_1_660' title='bbox 2145 5010 2363 5066; x_wconf 85' lang='lat' dir='ltr'><strong>Devicto</strong></span> <span class='ocrx_word' id='word_1_661' title='bbox 2395 5003 2555 5059; x_wconf 89' lang='lat' dir='ltr'><strong>Decio</strong></span> <span class='ocrx_word' id='word_1_662' title='bbox 2587 4999 2879 5055; x_wconf 88' lang='lat' dir='ltr'><strong>traduntur</strong></span> <span class='ocrx_word' id='word_1_663' title='bbox 2909 4994 3219 5059; x_wconf 85' lang='lat' dir='ltr'><strong>Valeriano,</strong></span> 
     </span>
    </p>
   </div>
   <div class='ocr_carea' id='block_1_112' title="bbox 2143 5080 3423 5165">
    <p class='ocr_par' dir='ltr' id='par_1_112' title="bbox 2143 5080 3423 5165">
     <span class='ocr_line' id='line_1_112' title="bbox 2143 5080 3423 5165; baseline -0.016 -11"><span class='ocrx_word' id='word_1_664' title='bbox 2143 5099 2242 5165; x_wconf 90' lang='lat' dir='ltr'><strong>Qui</strong></span> <span class='ocrx_word' id='word_1_665' title='bbox 2263 5097 2319 5151; x_wconf 91' lang='lat' dir='ltr'><strong>ni</strong></span> <span class='ocrx_word' id='word_1_666' title='bbox 2349 5091 2661 5148; x_wconf 85' lang='lat' dir='ltr'><strong>thuriﬁcent</strong></span> <span class='ocrx_word' id='word_1_667' title='bbox 2690 5086 2866 5143; x_wconf 90' lang='lat' dir='ltr'><strong>belvis</strong></span> <span class='ocrx_word' id='word_1_668' title='bbox 2910 5086 3008 5138; x_wconf 91' lang='lat' dir='ltr'><strong>hos</strong></span> <span class='ocrx_word' id='word_1_669' title='bbox 3031 5081 3234 5152; x_wconf 88' lang='lat' dir='ltr'><strong>pabula</strong></span> <span class='ocrx_word' id='word_1_670' title='bbox 3255 5080 3423 5151; x_wconf 84' lang='lat' dir='ltr'><strong>leget.</strong></span> 
     </span>
    </p>
   </div>
   <div class='ocr_carea' id='block_1_113' title="bbox 2144 5170 3524 5253">
    <p class='ocr_par' dir='ltr' id='par_1_113' title="bbox 2144 5170 3524 5253">
     <span class='ocr_line' id='line_1_113' title="bbox 2144 5170 3524 5253; baseline -0.015 -7"><span class='ocrx_word' id='word_1_671' title='bbox 2144 5192 2238 5246; x_wconf 92' lang='lat' dir='ltr'><strong>Ille</strong></span> <span class='ocrx_word' id='word_1_672' title='bbox 2269 5187 2412 5241; x_wconf 88' lang='lat' dir='ltr'><strong>viros</strong></span> <span class='ocrx_word' id='word_1_673' title='bbox 2442 5183 2587 5238; x_wconf 88' lang='lat' dir='ltr'><strong>ferus</strong></span> <span class='ocrx_word' id='word_1_674' title='bbox 2614 5177 2942 5253; x_wconf 84' lang='lat' dir='ltr'><strong>aggrediens</strong></span> <span class='ocrx_word' id='word_1_675' title='bbox 2971 5181 3257 5246; x_wconf 84' lang='lat' dir='ltr'><strong>segmenta</strong></span> <span class='ocrx_word' id='word_1_676' title='bbox 3287 5170 3524 5233; x_wconf 86' lang='lat' dir='ltr'><strong>revellit,</strong></span> 
     </span>
    </p>
   </div>
   <div class='ocr_carea' id='block_1_114' title="bbox 2147 5260 3439 5343">
    <p class='ocr_par' dir='ltr' id='par_1_114' title="bbox 2147 5260 3439 5343">
     <span class='ocr_line' id='line_1_114' title="bbox 2147 5260 3439 5343; baseline -0.016 -10"><span class='ocrx_word' id='word_1_677' title='bbox 2147 5275 2528 5343; x_wconf 70' lang='lat' dir='ltr'><strong>Lathoidaeque</strong></span> <span class='ocrx_word' id='word_1_678' title='bbox 2557 5269 2806 5324; x_wconf 87' lang='lat' dir='ltr'><strong>Iitaturos</strong></span> <span class='ocrx_word' id='word_1_679' title='bbox 2828 5263 2977 5318; x_wconf 87' lang='lat' dir='ltr'><strong>velut</strong></span> <span class='ocrx_word' id='word_1_680' title='bbox 3005 5262 3261 5316; x_wconf 85' lang='lat' dir='ltr'><strong>admovet</strong></span> <span class='ocrx_word' id='word_1_681' title='bbox 3288 5260 3400 5313; x_wconf 88' lang='lat' dir='ltr'><strong>aris</strong></span> <span class='ocrx_word' id='word_1_682' title='bbox 3426 5277 3439 5313; x_wconf 89' lang='lat'>:</span> 
     </span>
    </p>
   </div>
   <div class='ocr_carea' id='block_1_115' title="bbox 2147 5349 3693 5436">
    <p class='ocr_par' dir='ltr' id='par_1_115' title="bbox 2147 5349 3693 5436">
     <span class='ocr_line' id='line_1_115' title="bbox 2147 5349 3693 5436; baseline -0.018 -13"><span class='ocrx_word' id='word_1_683' title='bbox 2147 5367 2309 5436; x_wconf 87' lang='lat' dir='ltr'><strong>Cujus</strong></span> <span class='ocrx_word' id='word_1_684' title='bbox 2335 5371 2395 5419; x_wconf 90' lang='lat' dir='ltr'><strong>ut</strong></span> <span class='ocrx_word' id='word_1_685' title='bbox 2418 5364 2752 5430; x_wconf 81' lang='lat' dir='ltr'><strong>exspucrant</strong></span> <span class='ocrx_word' id='word_1_686' title='bbox 2782 5353 3000 5419; x_wconf 88' lang='lat' dir='ltr'><strong>faciem,</strong></span> <span class='ocrx_word' id='word_1_687' title='bbox 3023 5350 3360 5404; x_wconf 84' lang='lat' dir='ltr'><strong>exsecranda</strong></span> <span class='ocrx_word' id='word_1_688' title='bbox 3389 5349 3693 5420; x_wconf 84' lang='lat' dir='ltr'><strong>probantes</strong></span> 
     </span>
    </p>
   </div>
   <div class='ocr_carea' id='block_1_116' title="bbox 2146 5447 3413 5527">
    <p class='ocr_par' dir='ltr' id='par_1_116' title="bbox 2146 5447 3413 5527">
     <span class='ocr_line' id='line_1_116' title="bbox 2146 5447 3413 5527; baseline -0.017 -9"><span class='ocrx_word' id='word_1_689' title='bbox 2146 5463 2248 5518; x_wconf 90' lang='lat' dir='ltr'><strong>Ora</strong></span> <span class='ocrx_word' id='word_1_690' title='bbox 2277 5458 2374 5514; x_wconf 90' lang='lat' dir='ltr'><strong>Dei</strong></span> <span class='ocrx_word' id='word_1_691' title='bbox 2406 5452 2634 5527; x_wconf 89' lang='lat' dir='ltr'><strong>plumbo</strong></span> <span class='ocrx_word' id='word_1_692' title='bbox 2660 5449 2762 5505; x_wconf 88' lang='lat' dir='ltr'><strong>sub</strong></span> <span class='ocrx_word' id='word_1_693' title='bbox 2796 5447 2924 5503; x_wconf 89' lang='lat' dir='ltr'><strong>tecti</strong></span> <span class='ocrx_word' id='word_1_694' title='bbox 2953 5453 3103 5520; x_wconf 86' lang='lat' dir='ltr'><strong>terga</strong></span> <span class='ocrx_word' id='word_1_695' title='bbox 3133 5451 3413 5514; x_wconf 90' lang='lat' dir='ltr'><strong>petuntur.</strong></span> 
     </span>
    </p>
   </div>
   <div class='ocr_carea' id='block_1_117' title="bbox 2149 5530 3478 5612">
    <p class='ocr_par' dir='ltr' id='par_1_117' title="bbox 2149 5530 3478 5612">
     <span class='ocr_line' id='line_1_117' title="bbox 2149 5530 3478 5612; baseline -0.017 -7"><span class='ocrx_word' id='word_1_696' title='bbox 2149 5547 2376 5605; x_wconf 81' lang='lat' dir='ltr'><strong>Fortiter</strong></span> <span class='ocrx_word' id='word_1_697' title='bbox 2416 5544 2520 5598; x_wconf 90' lang='lat' dir='ltr'><strong>ista</strong></span> <span class='ocrx_word' id='word_1_698' title='bbox 2555 5539 2661 5612; x_wconf 90' lang='lat' dir='ltr'><strong>piis</strong></span> <span class='ocrx_word' id='word_1_699' title='bbox 2678 5535 3061 5600; x_wconf 86' lang='lat' dir='ltr'><strong>tolerantibus,</strong></span> <span class='ocrx_word' id='word_1_700' title='bbox 3084 5547 3213 5588; x_wconf 83' lang='lat' dir='ltr'><strong>ecce</strong></span> <span class='ocrx_word' id='word_1_701' title='bbox 3242 5530 3478 5586; x_wconf 88' lang='lat' dir='ltr'><strong>ferarum</strong></span> 
     </span>
    </p>
   </div>
   <div class='ocr_carea' id='block_1_118' title="bbox 2147 5620 3656 5697">
    <p class='ocr_par' dir='ltr' id='par_1_118' title="bbox 2147 5620 3656 5697">
     <span class='ocr_line' id='line_1_118' title="bbox 2147 5620 3656 5697; baseline -0.016 -1"><span class='ocrx_word' id='word_1_702' title='bbox 2147 5638 2396 5696; x_wconf 87' lang='lat' dir='ltr'><strong>Poscitur</strong></span> <span class='ocrx_word' id='word_1_703' title='bbox 2426 5635 2528 5689; x_wconf 89' lang='lat' dir='ltr'><strong>hos</strong></span> <span class='ocrx_word' id='word_1_704' title='bbox 2550 5637 2740 5687; x_wconf 84' lang='lat' dir='ltr'><strong>contra</strong></span> <span class='ocrx_word' id='word_1_705' title='bbox 2765 5626 3048 5690; x_wconf 85' lang='lat' dir='ltr'><strong>auxilium,</strong></span> <span class='ocrx_word' id='word_1_706' title='bbox 3079 5622 3399 5697; x_wconf 85' lang='lat' dir='ltr'><strong>geminique</strong></span> <span class='ocrx_word' id='word_1_707' title='bbox 3429 5620 3656 5675; x_wconf 83' lang='lat' dir='ltr'><strong>leones:</strong></span> 
     </span>
    </p>
   </div>
  </div>
