3970 6200
158 166 268 220 669

160 290 408 354 Quatuor
438 297 604 361 atque
634 290 745 345 dati
779 291 1065 345 metuendi
1102 292 1330 348 rictibus
1366 296 1499 361 ursi,

161 384 488 437 Sanctorum
511 399 686 455 usque
715 383 884 454 pedes
908 383 1156 439 fremitus
1190 387 1413 441 horrore
1446 388 1714 452 feruntur.

169 472 375 542 Hicque
410 472 535 545 agni
568 472 734 527 veluti
770 479 928 542 pacto
954 473 1176 540 jacuere
1207 478 1503 545 stUpendo,

168 563 314 615 Lene
339 562 481 616 feras
512 572 570 616 ut
598 563 651 616 in
674 562 1006 633 obsequium
1034 563 1252 618 venisse
1277 566 1541 634 probares

168 654 622 727 Belligeratorum
653 654 851 708 Christi
884 670 1025 724 quos
1058 671 1191 724 pace
1224 663 1468 722 tuantur,

168 745 478 798 Belluarum
507 744 695 798 feritas
726 745 967 799 humana
1000 745 1053 798 in
1079 754 1301 815 pectora
1324 748 1539 815 transit,

170 832 532 904 Belluinoque
565 832 755 905 legunt
778 833 1033 887 homines
1063 832 1275 889 fervore
1308 838 1580 905 petendos

165 923 397 980 Pacifico
435 941 466 979 a
496 925 671 980 belvis
696 926 937 979 humana
960 927 1082 998 lege
1116 927 1350 997 petitos;

794 166 877 219 DE
918 166 1179 222 CHRISTI
1222 170 1581 227 TRIUMPIIIS
1623 177 1796 231 APUD
1840 177 2107 233 ITALIAM
2147 176 2323 232 LIBRI
2365 174 2492 228 XIV.
2540 205 2593 212 —
2644 174 2767 228 LIB.
2814 174 2896 231 IV.

3400 172 3507 224 670

1813 309 1858 372 Α
1892 300 2278 372 Mittanturque
2299 298 2555 353 homines
2597 295 2793 351 furiata
2826 304 3007 349 mente
3040 293 3353 358 frementes,

1891 394 2063 463 Atque
2095 392 2220 447 ferae
2253 391 2411 444 mites
2438 405 2578 461 quos
2609 404 2920 451 servavere,
2962 386 3253 441 trucidant.

1892 482 2137 535 Perfecto
2160 482 2236 535 sic
2270 480 2482 534 emeriti
2517 478 2816 533 certamine
2851 475 3021 531 functi

1890 572 2121 626 Athletas
2152 572 2390 625 subeunt
2420 571 2562 625 victo
2591 570 2775 640 polum
2802 568 2869 622 ab
2900 566 3324 637 amphitheatro.

1898 659 2162 730 lndeptus
2188 675 2415 730 quorum
2450 665 2614 711 noctu
2655 673 2807 711 sacra
2836 656 3083 709 membra
3114 654 3345 723 Cyrinus

1894 750 2064 821 Eripit
2086 760 2252 822 atque
2282 751 2453 815 vehit,
2480 747 2800 819 plumbique
2832 747 3083 801 recondit
3106 746 3158 798 in
3182 761 3327 809 arca,

1892 842 2044 907 Qum,
2076 840 2285 896 Christo
2316 846 2626 913 retegente,
2646 846 2836 910 patent
2867 847 2988 906 pOst
3015 834 3220 889 lumine
3251 833 3420 904 pacis.

1644 1032 1855 1086 CAPUT
1904 1033 2035 1087 XVI.

1259 1136 1336 1193 De
1363 1140 1584 1196 sanctis
1633 1137 1956 1199 l’hartenio
1987 1149 2041 1200 et
2076 1140 2400 1200 Calocerio.

159 1273 490 1327 Parthenius
515 1272 959 1344 Calloeeriusque
980 1274 1167 1345 vigore
1192 1275 1452 1343 nitentes,

163 1366 472 1418 Caesareum
492 1363 619 1417 fidei
643 1364 803 1434 positi
834 1381 989 1418 serva
1001 1381 1054 1417 re
1086 1364 1291 1431 cubile,

162 1454 429 1526 Egregios
454 1458 599 1507 casto
632 1452 970 1507 decorabant
995 1470 1229 1524 corpore
1259 1470 1462 1519 mores,

163 1544 227 1595 Et
259 1542 469 1596 Christo
492 1548 544 1595 et
574 1542 687 1614 regi
714 1558 814 1595 sua
849 1542 1035 1596 munia
1069 1543 1211 1597 ferre
1245 1545 1486 1613 probati,

163 1641 295 1703 Qua:
330 1638 473 1709 regis
499 1638 634 1710 regi,
664 1654 787 1708 quae
816 1637 1015 1692 Christi
1039 1638 1269 1693 reddere
1294 1638 1521 1693 Christo

166 1728 300 1792 Quis
335 1727 534 1796 Opibus
564 1727 778 1796 pollens
808 1726 1057 1781 Anatolia
1086 1728 1240 1800 virgo
1263 1728 1473 1791 relicta,

168 1821 406 1876 Consule
434 1828 585 1891 patre
624 1820 715 1889 pio
748 1819 1053 1874 decedente
1085 1820 1397 1886 {Emiliano,

1885 1279 2167 1350 Quamque
2202 1281 2402 1335 docent
2432 1295 2612 1333 mores
2641 1286 2694 1333 et
2722 1294 2857 1348 opes
2884 1277 3219 1348 conjungere
3251 1274 3487 1327 Christo.

1885 1372 2017 1425 Tum
2050 1388 2217 1426 vanas
2239 1372 2365 1442 quia
2397 1373 2702 1427 detrectant
2733 1386 2889 1425 orare
2921 1369 3147 1440 figuras,

1892 1462 2316 1533 lgnibusinjecti
2351 1472 2613 1533 superant
2638 1461 2893 1515 incendia
2928 1460 3043 1523 tuti,

1890 1552 2149 1607 Torribus
2181 1560 2235 1607 et
2266 1554 2411 1607 tunsi
2439 1554 2710 1607 scandunt
2737 1552 2979 1606 cmlestia
3006 1550 3138 1603 freti.

1824 1678 1870 1743 Β
1892 1644 2073 1697 Terris
2104 1644 2352 1717 virgineo
2376 1646 2664 1715 rapiuntur
2684 1660 2913 1714 corpora
2953 1642 3115 1703 furto;

1895 1734 2121 1790 Sidereo
2148 1736 2301 1791 caelis
2326 1736 2619 1807 capiuntur
2648 1736 2867 1790 flamina
2892 1750 3080 1808 regno.

1641 1923 1851 1978 CAPUT
1890 1925 2045 1981 XVII.

1305 2025 1389 2086 De
1417 2031 1643 2087 sanctis
1678 2030 1960 2091 Anatolio
2004 2044 2054 2093 et
2101 2034 2375 2095 Victoria.

174 2168 500 2235 lmpugnare
532 2162 678 2234 yiros
718 2164 863 2219 lanio
897 2181 999 2220 nec
1028 2163 1235 2220 sufficit
1263 2172 1412 2220 atro:

172 2255 314 2318 Quin
348 2254 487 2307 ferro
522 2261 739 2307 teneras
766 2254 921 2324 pellit
941 2269 1109 2324 super
1129 2262 1271 2307 astra
1300 2254 1530 2323 puellas,

168 2350 409 2413 Quarum
431 2346 680 2401 Anatolia
706 2347 797 2415 jus
815 2346 1007 2401 mundi
1039 2354 1091 2401 et
1124 2347 1361 2402 Victoria
1386 2348 1646 2412 vincunt,

168 2445 303 2499 Dein
327 2442 515 2497 mundi
536 2457 793 2513 proceres
816 2442 940 2497 (εωιὶ
970 2458 1213 2498 convexa
1239 2443 1500 2513 petendo,

171 2541 373 2594 llarum
398 2555 567 2612 regna
597 2539 797 2594 bonam
828 2538 1025 2595 melior
1056 2539 1304 2610 provexit
1336 2540 1391 2594 in
1425 2539 1554 2606 alta,

170 2632 409 2686 Moribus
439 2639 493 2686 et
516 2631 720 2707 sanctis
750 2639 954 2686 castam
984 2631 1290 2686 castissima
1317 2632 1573 2701 compsit,

171 2722 244 2774 Ac
260 2736 495 2774 vernans
518 2719 709 2773 nitidis
735 2725 980 2773 ornatam
1013 2719 1252 2773 cultibus
1269 2720 1441 2774 auxit.

170 2812 303 2865 Nam
324 2811 599 2880 desponsa
628 2810 743 2863 viro
765 2809 977 2863 ductrix
1000 2809 1248 2864 Anatolia
1265 2826 1434 2871 saevo.

172 2904 305 2955 Dum
339 2901 541 2975 refugit
560 2901 728 2955 tzedas
750 2910 803 2954 et
823 2901 949 2968 jura
970 2901 1158 2956 subire
1189 2901 1425 2972 profani,

171 2993 545 3048 Mittiturhuic
571 2992 749 3047 licitos
779 3008 1006 3047 suasum
1040 2993 1271 3048 Victoria
1305 3010 1498 3058 nexus,

175 3084 388 3155 Pagano
419 3082 649 3150 depacta
682 3081 797 3134 viro
826 3080 1168 3151 jamjamque
1195 3081 1439 3154 juganda

172 3172 438 3245 Eugenio,
471 3186 593 3241 qua)
614 3170 993 3240 deprOperans
1025 3169 1259 3223 suadere
1282 3170 1529 3234 docetur,

169 3266 470 3335 Etcaptare
502 3279 697 3334 parans
715 3263 945 3333 capitur,
975 3279 1292 3334 venansque
1321 3265 1593 3333 prehensa
1616 3270 1719 3319 est.

174 3355 414 3429 Erigitur
436 3370 655 3409 versare
673 3354 867 3408 abiens
898 3370 1037 3424 opus
1059 3354 1473 3424 omnipotentis,

172 3446 533 3516 Complanare
556 3453 771 3515 petens,
806 3444 863 3500 fit
897 3462 1037 3516 opus
1064 3445 1381 3499 venerabile
1406 3444 1606 3499 Christi
1632 3462 1644 3498 :

176 3554 200 3583 α
246 3534 383 3588 Audi
412 3550 522 3600 me,
551 3549 726 3600 soror,
762 3533 1037 3605 incipiens
1056 3533 1306 3588 Anatolia
1336 3534 1501 3603 (181),
1531 3541 1585 3588 et
1614 3533 1731 3604 ipsa

173 3623 373 3676 Christi
409 3638 528 3676 sum
563 3622 787 3688 famula,
819 3637 881 3676 ac
904 3622 1031 3677 novi
1075 3622 1275 3696 legalia
1306 3621 1484 3676 vincla

172 3714 293 3767 Non
318 3712 580 3767 damnare
612 3714 804 3779 Deum,
846 3722 1067 3768 sanctos
1099 3714 1218 3767 haec
1248 3713 1430 3767 vincla
1483 3714 1802 3784 prophetas,

187 3808 313 3860 llzec
339 3805 527 3859 iniisse
554 3811 737 3875 patres
766 3822 998 3877 quorum
1022 3805 1318 3859 benedicta
1337 3820 1611 3879 propago;

182 3896 349 3962 Audi,
369 3912 456 3950 me
482 3905 536 3950 et
561 3897 772 3951 sociare
804 3898 921 3952 viro
947 3898 1039 3968 qui
1073 3896 1215 3950 celet
1246 3896 1423 3950 amice

182 3989 472 4041 Secretum
503 3987 667 4042 sociae
700 3987 897 4041 Christi
932 4003 1033 4041 nec
1066 3986 1261 4057 prodat
1291 3986 1592 4052 alumnam,

183 4078 329 4142 Quin
364 4077 539 4132 faveat
561 4079 762 4134 nostris
790 4079 1005 4133 blanda:
1037 4078 1265 4132 dulcore
1291 4077 1523 4132 maritae.
1572 4099 1592 4127 ι

186 4170 317 4225 Hzec
346 4170 438 4224 illa
466 4178 707 4237 texente,
736 4170 901 4225 refert
932 4169 1215 4225 Anatolia:
1266 4189 1290 4219 α
1332 4170 1522 4235 Vince,

185 4261 225 4314 Ο
254 4258 505 4321 victoria,
539 4259 605 4312 ad
624 4259 728 4314 hoc
754 4258 993 4313 Zabulon
1025 4259 1265 4314 Victoria
1293 4275 1424 4313 vere

185 4353 319 4405 Esse
340 4366 541 4421 queas;
570 4366 742 4406 vacuo
774 4350 1133 4422 Omnipotens
1162 4349 1490 4405 mortalibus
1529 4351 1657 4405 olim

185 4437 430 4492 Crescite
461 4437 741 4491 mandavit
770 4439 998 4502 mundo,
1040 4438 1323 4509 multoque
1355 4438 1562 4507 replete

188 4529 405 4583 Fenore
435 4528 709 4592 tellurem,
743 4546 850 4600 qua
874 4529 987 4596 jam
1029 4529 1193 4583 modo
1225 4528 1475 4601 germine
1508 4528 1671 4598 plena

192 4625 470 4689 Humano,
508 4623 750 4678 Christus
781 4631 1067 4695 postquam
1093 4623 1381 4679 descendit
1401 4622 1469 4676 ab
1493 4624 1663 4677 aethra
1688 4641 1702 4690 ;

186 4718 549 4788 Multiplicate
581 4718 767 4782 ﬁdem,
791 4726 1001 4773 crescat
1032 4718 1277 4782 dilectio,
1309 4718 1541 4782 clamat;

190 4809 540 4879 ApprOperat
574 4825 824 4882 regnum,
857 4809 1027 4864 coeios
1057 4810 1288 4880 replete,
1313 4823 1633 4878 supernum.
1679 4830 1704 4859 ››

190 4904 345 4958 Talia
370 4910 494 4974 post
525 4903 721 4957 infert:
770 4932 789 4947 «ι
838 4904 947 4977 Ego
984 4921 1108 4975 quae
1143 4920 1239 4974 per
1260 4903 1471 4957 viscera
1507 4902 1704 4959 Christi

192 4992 655 5047 Ornamentorum
680 4993 918 5063 explicui
943 5003 1056 5049 sata
1082 4996 1233 5049 lucra
1260 5009 1531 5059 meorum,

191 5083 369 5138 Cerno
396 5084 487 5137 die
512 5084 771 5151 juvenem
798 5085 853 5138 in
886 5088 1096 5141 somnis
1118 5084 1446 5141 diadematis
1466 5100 1602 5140 auro

188 5171 432 5237 Cultum,
468 5188 744 5242 purpurea
776 5183 1049 5247 gemmata
1080 5184 1135 5230 et
1164 5181 1313 5231 veste
1345 5172 1634 5235 nitentem,

188 5265 387 5335 Meque
420 5274 582 5319 tuens
614 5265 802 5320 hilaris
829 5277 981 5340 grato
1010 5269 1090 5324 sic
1120 5286 1214 5325 ore
1247 5267 1525 5339 profatur:

195 5375 223 5399 α
267 5352 306 5406 O
335 5351 426 5421 pia
456 5349 747 5424 virginitas
761 5368 923 5422 quam
946 5371 1093 5409 mors
1121 5356 1374 5411 evincere
1400 5357 1598 5424 nescit,

265 5519 419 5590 (181)
460 5517 691 5573 Videtur
720 5522 1019 5594 tegendum
1061 5526 1298 5579 Victoria

1894 2193 1918 2220 α
1964 2172 2233 2241 Perpetua
2264 2172 2398 2243 quin
2435 2178 2611 2226 morte
2651 2170 2796 2240 rapis
2827 2176 2917 2223 tua
2942 2169 3065 2236 jura
3094 2163 3422 2237 sequentes!

1895 2283 1918 2314 α
1965 2264 2002 2317 Ο
2036 2264 2181 2319 bona
2213 2264 2499 2339 virginitas
2520 2263 2871 2317 tenebrarum
2894 2262 3037 2316 facta
3069 2260 3332 2319 refutans,

1897 2376 1915 2402 ι
1964 2354 2190 2409 Sidereo
2214 2370 2433 2423 semper
2459 2353 2618 2427 degis
2648 2369 2770 2423 quae
2793 2351 3003 2405 lumine
3037 2345 3287 2418 compta!
3337 2369 3360 2391 υ

1892 2446 2106 2501 Auditis
2137 2447 2341 2517 quibus
2370 2445 2572 2518 evigilo
2604 2444 2847 2514 ﬂetuque
2877 2443 3069 2516 rigata,

1895 2543 2065 2613 Inque
2098 2541 2411 2612 pavimento
2441 2541 2729 2596 Dominum
2761 2543 3032 2609 prostrato
3066 2534 3260 2606 fatigo;

1895 2636 2021 2689 Haec
2049 2635 2201 2701 mihi,
2237 2634 2330 2705 qui
2360 2635 2580 2700 tulerat,
2621 2632 2822 2688 referat
2848 2628 3166 2684 dulcissima
3188 2641 3405 2688 rursus,

1892 2726 1981 2781 Sic
2023 2734 2206 2781 stratae
2235 2726 2368 2780 mihi
2392 2725 2744 2797 prosequitur
2772 2721 3112 2792 gratissimus
3139 2718 3332 2772 isdem.

1899 2840 1921 2868 τι
1966 2818 2263 2891 Virginitas
2303 2818 2476 2871 nitide
2511 2815 2714 2889 regalis
2740 2827 2983 2884 purpura
3014 2824 3252 2863 vernans

1832 2956 1855 2977 η
1897 2907 1991 2961 Est
2013 2924 2119 2978 qua
2152 2906 2246 2978 qui
2278 2906 2527 2960 induitur
2559 2903 2788 2974 reliquis
2822 2898 3171 2971 praestantior
3201 2895 3349 2959 exit;

1844 2997 1858 3019 ⁸
1900 3002 2196 3077 Virginitas
2226 3000 2336 3055 divi
2361 3014 2577 3071 gemma
2592 3005 2675 3051 est
2706 2995 2951 3066 pretiosa
2977 2991 3198 3047 monilis

1898 3092 2193 3168 Virginitas
2216 3089 2362 3163 regis
2387 3086 2671 3156 inOpinum
2701 3100 2903 3138 munus
2940 3083 3204 3143 habetur;

1895 3184 2175 3238 Thesauro
2203 3178 2432 3232 insidias
2457 3175 2673 3229 latitant
2693 3173 2823 3227 huic
2853 3172 3082 3227 tendere
3105 3170 3276 3236 fures,

1898 3272 2068 3335 Quem
2092 3276 2148 3323 tu
2174 3266 2410 3323 sollicito
2439 3265 2749 3337 advigilans
2780 3260 3047 3315 tutamine
3074 3274 3266 3318 serva;

1904 3358 2131 3414 Divitias
2157 3370 2378 3426 quoque
2409 3352 2594 3422 potius
2624 3352 2720 3405 has
2745 3349 2925 3404 noscis
2958 3348 3195 3401 habere:

1905 3448 2014 3503 Hoc
2046 3454 2222 3502 tutare
2247 3442 2418 3516 magis
2440 3440 2593 3495 furva
2618 3455 2685 3493 ne
2709 3437 2900 3491 fraude
2921 3436 3195 3491 fatiscant.
3241 3459 3263 3484 υ

1906 3538 1998 3593 His
2019 3536 2252 3606 aliisque
2284 3532 2389 3603 piis
2426 3530 2666 3585 animata
2692 3524 3018 3582 hortaminis
3048 3523 3208 3588 orsis,

1906 3623 2165 3681 Distrahit
2203 3637 2366 3678 omne
2406 3620 2577 3674 decus
2608 3615 2742 3671 varii
2762 3612 2998 3669 Victoria
3036 3612 3231 3689 cultus,

1906 3718 2314 3787 Quaesitumque
2346 3715 2456 3769 Deo
2499 3711 2733 3783 pretium
2767 3707 2994 3779 largitur
3024 3704 3234 3775 egenis.

1908 3814 2196 3885 Accipiunt
2222 3810 2412 3882 sponsi
2434 3817 2716 3880 pactarum
2735 3802 2969 3878 insignia
2988 3808 3163 3875 gesta,

1910 3906 1972 3958 Et
1999 3902 2257 3974 quoniam
2292 3899 2487 3953 Christi
2518 3901 2800 3968 nequeunt
2821 3895 3078 3964 laqueare
3106 3888 3410 3947 columbas.

1911 3993 2117 4048 Pellere
2143 3990 2509 4062 przecipitant,
2543 3987 2819 4056 Decioque
2859 3983 3074 4037 sinente
3108 3996 3204 4050 per
3222 3994 3346 4031 arva

1912 4081 2136 4151 Propria
2175 4080 2421 4151 legantes
2451 4077 2583 4130 arcti
2612 4074 2777 4128 modo
2810 4070 3080 4144 fragmina
3100 4066 3257 4138 panis

1911 4172 2005 4225 Vix
2025 4170 2111 4225 vel
2133 4185 2256 4224 sero
2285 4168 2502 4229 ferunt;
2536 4163 2633 4216 sed
2675 4177 2783 4216 non
2806 4160 3017 4228 jejunia
3040 4158 3299 4229 frangunt

1828 4256 1886 4325 Ι)
1914 4265 2054 4330 Quas
2080 4260 2275 4316 Christi
2302 4258 2576 4315 confortat
2604 4271 2790 4320 amor;
2822 4251 3106 4307 molimina
3138 4247 3286 4302 nulla

1917 4352 2215 4407 Proficiunt
2240 4348 2399 4403 taedis
2426 4348 2525 4400 has
2550 4345 2814 4400 inclinare
2842 4341 2923 4395 vel
2956 4340 3096 4403 aris;

1919 4446 2121 4499 Durant
2151 4441 2366 4497 invictae
2397 4446 2520 4511 post
2561 4439 2716 4508 plura
2744 4432 3015 4504 stupenda
3045 4436 3284 4499 patrata;

1914 4535 2224 4606 Martyrium
2254 4531 2459 4588 celebri
2490 4545 2612 4584 cum
2642 4525 2957 4599 virginitate
2981 4524 3257 4596 jugantes.

1916 4625 2051 4679 Lilia
2074 4624 2234 4677 mista
2259 4620 2398 4675 rosis
2425 4636 2456 4673 a
2483 4616 2695 4672 Christo
2724 4621 2867 4669 serta
2899 4618 3225 4682 capessunt;

1916 4717 2201 4791 Virgineos
2230 4712 2485 4784 equidem
2521 4709 2784 4781 prmclara
2814 4704 3045 4760 monilia
3073 4704 3237 4758 flores

1915 4809 2121 4873 Junxit,
2146 4806 2241 4861 ubi
2258 4805 2499 4878 gladium
2522 4799 2759 4855 Victoria
2786 4797 2950 4852 corde
2978 4794 3205 4865 recepit.

1919 4901 2213 4954 Percussor
2233 4897 2409 4964 cujus,
2438 4893 2773 4957 Taliarchus,
2794 4888 3010 4943 vindice
3042 4887 3209 4958 lepra:

1918 4994 2233 5053 Percussus,
2260 4992 2527 5061 languore
2550 4986 2723 5051 brevi,
2757 5001 2851 5039 sex
2873 4982 3081 5037 scilicet
3103 4981 3245 5034 intra

1916 5082 2057 5137 Solis
2089 5098 2273 5135 amare
2305 5080 2468 5133 orbes
2501 5092 2699 5131 exesus
2729 5073 3006 5129 vermibus
3037 5069 3205 5123 efflat.

1914 5173 2152 5247 Virginis
2179 5180 2231 5226 at
2258 5172 2456 5244 pignus
2484 5177 2728 5225 curatum
2763 5181 2990 5220 munere
3021 5163 3210 5236 digno,

1914 5263 2076 5334 Virgo
2108 5262 2313 5316 decens
2338 5258 2524 5313 effulta
2558 5259 2661 5328 piis
2691 5257 2935 5312 Anatelia
2961 5254 3138 5320 factis,

1915 5354 2099 5410 Piceni
2138 5360 2428 5424 postquam
2454 5350 2655 5405 multos
2685 5357 2901 5405 curarat
2939 5347 3194 5413 anhelos,
