3970 6200
467 265 563 317 671
1226 265 1590 324 FLOLJOARDI
1631 268 1931 324 CANONICI
1973 267 2301 324 REMENSIS
2341 267 2681 322 OPUSCULA
2724 265 3040 341 METRICA.
3709 265 3814 318 672

469 391 838 463 Daemoneque
869 394 1105 458 invasos,
1136 397 1392 468 lunaique
1423 413 1644 452 recursa
1681 405 1966 469 paventes,
2102 406 2150 467 Α
2179 396 2464 451 Admissus
2489 396 2681 451 dextro
2713 400 3028 466 penetraret
3058 407 3244 448 mucro
3273 391 3589 448 sinistrum.

468 482 709 536 Venatur
738 483 881 537 varia
910 483 1105 555 Tyrian
1136 487 1398 556 perducta
1429 487 1680 557 palmstra
1711 507 1726 542 :
2177 486 2412 558 Spiritus
2440 486 2731 541 Altithroni
2765 485 3065 540 thalamum
3097 483 3428 538 conscendit
3449 483 3658 548 amati;

470 571 600 624 Cum
622 583 880 642 serpente
905 590 1127 645 quoque
1149 575 1374 630 illaasam
1399 591 1502 631 nox
1535 578 1746 652 integra
1777 577 2004 643 clausit;
2180 578 2501 649 Suscipiunt
2539 577 2757 632 thecam
2780 575 3072 646 Tyrienses
3104 574 3331 646 cuspide
3356 573 3590 629 fossam.

471 663 586 716 Mox
630 664 806 734 ipsum
841 675 1084 723 monstro
1111 669 1466 744 anguilegum
1517 679 1745 740 parente
1771 670 2076 724 vorandum
2183 672 2364 726 Audax
2397 671 2464 726 ad
2507 672 2775 726 Christum
2809 668 3096 744 anguifero
3129 684 3431 723 conversus
3451 668 3521 722 ab
3557 674 3706 728 astu.

469 752 625 806 Mane
658 755 796 824 rapit
828 755 1135 829 Christique
1167 757 1259 812 Dei
1288 760 1491 828 pietate
1512 766 1796 823 venustat;
2187 762 2220 813 A
2255 760 2507 814 claustris
2537 759 2760 814 rabidos
2787 759 2995 828 rapitur
3014 758 3125 826 jam
3159 756 3308 811 mitis
3336 757 3403 811 ad
3436 773 3636 811 enses:

471 843 682 914 Quique
710 846 887 916 palam
920 849 1210 904 Dominum
1246 849 1423 904 fassus
1460 867 1519 905 se
1551 852 1778 906 credere
1811 850 2081 906 Christum
2186 849 2303 906 Mox
2374 857 2539 921 caput
2611 848 2914 912 abscissus,
2993 855 3339 919 mortemque
3401 847 3695 917 trumphat
3765 854 3813 899 et

471 934 716 990 Carceris
743 939 845 992 hac
875 939 1020 992 clara
1046 939 1149 993 sub
1177 939 1341 994 laude
1374 941 1672 996 retruditur
1699 942 1905 1007 antris;
3492 937 3750 1009 langues:

474 1029 633 1099 Virgo
663 1028 750 1098 pia
778 1031 1016 1085 extensis
1049 1033 1305 1086 manibus
1334 1033 1464 1086 dum
1493 1040 1617 1088 vota
1647 1032 1949 1103 profundit,
2191 1030 2252 1086 Et
2281 1029 2541 1102 quoniam
2572 1029 2700 1084 hinc
2731 1029 2907 1100 patria
2945 1037 3156 1084 mactus
3187 1027 3514 1083 transfertur
3559 1028 3751 1083 Eoum.

473 1119 834 1195 Transfigitur
861 1119 1006 1176 ferro
1029 1122 1190 1190 latus,
1221 1129 1279 1176 ut
1309 1129 1717 1194 perutrumquc
1740 1121 1967 1176 reclusas

1925 1221 2133 1278 CAPUT
2174 1221 2354 1277 XVIII.

1518 1327 1596 1386 De
1623 1329 1851 1387 sanctis
1879 1326 2236 1402 Pergentino
2266 1332 2317 1382 et
2348 1319 2750 1382 Laurentino.

476 1429 630 1483 Tunc
660 1429 1022 1500 Pergentinus
1048 1430 1518 1503 Laurentinusque
1535 1432 1704 1497 beati,
2201 1432 2359 1490 Arva,
2388 1426 2523 1497 petit
2548 1442 2606 1480 se
2639 1433 2954 1482 sanctorum
2987 1424 3042 1479 in
3074 1425 3362 1497 laniosque
3392 1424 3664 1496 ferosque

477 1519 666 1590 Flagra
695 1519 840 1586 apud
865 1517 1104 1571 Aretium
1138 1519 1293 1588 pueri
1335 1520 1535 1590 pietate
1567 1520 1810 1594 gemelli,
2197 1521 2487 1587 Censores,
2520 1520 2797 1574 delatores
2826 1527 3077 1588 nutuque
3109 1518 3393 1581 faventes;

476 1607 618 1660 Dura
650 1607 1058 1677 triumpharunt
1087 1608 1347 1662 miracula
1379 1625 1576 1681 magna
1604 1609 1880 1674 ferentes;
2200 1613 2446 1668 Exeritur
2468 1612 2671 1684 passim
2705 1610 2936 1666 Romani
2971 1610 3025 1664 in
3045 1611 3264 1665 climata
3294 1610 3449 1681 regni

479 1698 612 1750 'I'um
645 1697 788 1751 ferro
817 1697 980 1751 laceri
1009 1697 1169 1750 simul
1192 1713 1357 1752 aurea
1384 1714 1554 1770 regna
1587 1707 1916 1769 capessunt;
2201 1706 2342 1760 Ultio
2385 1713 2535 1775 peste
2565 1719 2791 1776 vagans,
2823 1710 3199 1774 corruptoque
3229 1717 3357 1757 aere
3387 1700 3600 1756 crudos

482 1791 676 1846 Macula
707 1793 1029 1864 corporibus
1054 1793 1250 1850 ﬂorent
1271 1795 1560 1849 animabus
1587 1804 1642 1850 et
1673 1796 1865 1849 aethra.
2127 1825 2174 1891 Β
2201 1795 2446 1850 lnfundit
2482 1794 2868 1866 pecudumque
2899 1792 3300 1865 hominumque
3350 1808 3574 1848 venena
3623 1807 3722 1862 per
3749 1807 3828 1844 ar-

483 1886 714 1955 llaecque
745 1885 882 1940 nitet
912 1887 1132 1959 gemina
1163 1888 1410 1958 gaudens
1433 1887 1564 1942 urbs
1593 1887 1715 1942 luce
1746 1888 1982 1960 piorum.
2127 1883 2171 1891 ”
3624 1883 3759 1954 [ωδε

481 1977 543 2031 Et
572 1978 758 2031 multis
791 1979 986 2033 Decius
1015 1981 1217 2034 sanctis
1248 1981 1340 2034 ubi
1366 1981 1569 2054 gaudia
1600 1982 1724 2036 vitae
2201 1979 2356 2034 Nulla
2395 1986 2552 2033 vacat
2583 1978 2757 2051 regio,
2784 1992 2894 2032 non
2921 1975 3052 2030 urbs
3085 1991 3309 2047 aspersa
3339 1990 3540 2030 cruore

481 2066 754 2136 Praeparat
785 2068 1060 2132 intliercaa,
1102 2085 1243 2140 quos
1271 2070 1341 2124 de
1372 2071 1708 2125 cruciatibus
1739 2077 1883 2124 astra
2197 2071 2497 2136 Justorum,
2530 2076 2867 2139 cunctasque
2901 2067 3096 2122 domos
3115 2065 3438 2139 perstringit
3470 2073 3523 2120 et
3548 2065 3689 2135 ipsis

487 2155 693 2229 Dirigit,
729 2156 980 2211 indicens
1011 2157 1289 2228 generalia
1319 2159 1586 2228 septimus
1611 2175 1762 2214 arma
2204 2161 2450 2216 Exantlat
2474 2160 2688 2216 meritis
2715 2176 2851 2215 nece
2878 2159 3286 2230 spectatoribus
3316 2156 3456 2212 actis
3481 2175 3495 2222 ;

485 2246 542 2298 In
573 2243 768 2298 Christi
801 2245 1064 2316 pOpulum
1092 2246 1268 2301 rabidi
1301 2255 1425 2318 post
1443 2248 1590 2302 bella
1627 2249 1880 2314 Neronis,
2201 2253 2272 2305 Ac
2301 2267 2401 2304 ceu
2437 2249 2696 2320 pestifero
2736 2249 2886 2303 trivit
2915 2247 3197 2319 quondam
3228 2261 3359 2300 aera
3389 2263 3519 2300 rura

483 2336 802 2392 Barbaricos
832 2337 976 2391 inter
1004 2353 1211 2393 cuneos
1239 2339 1337 2393 luit
1365 2348 1483 2394 acta
1515 2356 1738 2404 cruore;
2202 2341 2418 2395 Grande
2445 2356 2612 2395 ruens
2642 2338 2822 2394 Pharii
2844 2337 3031 2392 divino
3055 2335 3289 2391 verbere
3319 2335 3490 2410 regis,

486 2427 549 2480 Et
578 2428 670 2499 qui
700 2437 1022 2499 regnantem
1055 2430 1223 2500 patris
1252 2431 1536 2502 genitiquc
1564 2440 1599 2485 tu
1618 2430 1845 2486 ucidans
2204 2433 2471 2497 Cultores,
2503 2440 2746 2506 segetes,
2755 2429 3005 2498 jumenta
3028 2436 3082 2482 et
3104 2435 3598 2498 pascuasternens,

484 2516 795 2572 Fraudibus
823 2519 1096 2589 implicuit
1126 2519 1386 2576 famulum
1416 2537 1539 2575 cum
1572 2521 1726 2592 prole
1761 2521 2100 2592 Philippum,
2204 2525 2460 2579 [Ethereo
2489 2523 2720 2578 veniens
2741 2537 2902 2593 aequo
2935 2518 3229 2574 libramine
3252 2517 3441 2587 regnis

487 2609 792 2664 Mercedem
820 2611 1050 2677 meritis,
1083 2612 1298 2667 Christo
1320 2628 1444 2666 cum
1473 2612 1630 2666 Patre
1653 2612 1888 2677 ferente,
2204 2614 2458 2668 :Eneadas
2494 2611 2665 2682 pestis
2693 2611 2860 2685 digna
2888 2609 2992 2664 sub
3023 2608 3181 2663 clade
3215 2607 3436 2677 tyranni

490 2698 600 2751 Rex
628 2715 798 2772 regno
826 2699 1018 2769 procul
1047 2709 1268 2754 evectus
1289 2717 1412 2755 cum
1439 2701 1593 2771 prole
1622 2709 1885 2773 receptat.
2207 2702 2398 2768 Urbes,
2439 2699 2724 2767 ruricolas,
2757 2698 2999 2770 pecudes
3025 2703 3082 2752 et
3111 2696 3317 2768 pabula
3345 2704 3550 2752 vastat.

492 2790 659 2860 quue
690 2807 881 2862 parum
918 2807 1082 2847 cruor
1110 2791 1302 2846 ulcisci
1336 2808 1435 2863 per
1465 2809 1700 2865 quaeque
1733 2794 1928 2869 rigavit

1961 2902 2325 2912 ——.———

1753 2971 2070 3026 CAPITULA
2101 2971 2278 3025 LIBRI
2311 2968 2555 3035 QUINTI.

636 3069 758 3122 CAP.
854 3070 900 3142 I_.
940 3100 992 3106 —
1032 3073 1108 3123 De
1126 3071 1328 3123 sanctis
1356 3071 1519 3125 Lucio
1547 3087 1696 3141 papa
1721 3078 1772 3126 et
1797 3074 2084 3142 Stephano.

850 3140 914 3193 ll.
947 3169 1017 3178 —
1042 3142 1118 3194 De
1143 3145 1333 3194 sancta
1362 3144 1622 3209 Eugenia.

855 3209 946 3282 Ill.
977 3239 1042 3248 -—
1069 3213 1144 3265 De
1162 3214 1365 3266 sanctis
1403 3215 1602 3282 Ruﬁna
1625 3218 1674 3268 et
1704 3215 1968 3269 Secunda.

853 3281 936 3354 IV.
973 3311 1038 3319 —
1069 3284 1144 3336 De
1171 3287 1353 3337 sancto
1383 3281 1540 3338 Sixto
1575 3300 1726 3354 papa
1754 3291 1802 3339 et
1832 3289 2016 3340 sancto
2049 3285 2353 3341 Laurentio.

855 3353 914 3425 V7
941 3381 1015 3391 —
1037 3355 1113 3406 De
1140 3358 1328 3408 sancto
1347 3353 1659 3425 Hippolyto.

852 3423 938 3476 Vl.
972 3453 1040 3463 —
1068 3426 1143 3478 De
1169 3428 1373 3480 sanctis
1403 3423 1671 3482 Herennio
1708 3431 1757 3482 et
1786 3427 2061 3482 Abundio.

851 3493 964 3567 VII.
1003 3526 1059 3534 —
1089 3498 1166 3549 De
1193 3496 1394 3551 ultione
1423 3497 1586 3566 hujus
1615 3501 2003 3567 persecutionis
2041 3499 2101 3552 in
2137 3499 2484 3551 Valerianum
2513 3499 2562 3550 et
2593 3509 2756 3562 regno
2785 3495 3170 3567 Romanam").

853 3565 990 3619 Vlll.
1023 3597 1089 3604 —
1119 3569 1195 3621 De
1219 3563 1590 3635 persecutione
1613 3563 1830 3625 Claudii
1858 3574 1907 3623 et
1936 3571 2136 3624 sanctis
2167 3570 2353 3632 Lucio,
2385 3570 2588 3632 Marco,
2618 3568 2771 3620 Petro
2793 3569 2842 3619 et
2872 3563 3187 3618 Theodorio.

853 3637 937 3690 IX.
972 3667 1041 3676 -—
1064 3640 1135 3691 De
1163 3637 1408 3692 ducentis
1437 3643 1488 3693 et
1515 3643 1797 3708 sexaginta
1823 3641 1986 3694 simul
2011 3637 2364 3708 martyribus.

849 3708 909 3761 X.
947 3738 1011 3747 —
1044 3711 1117 3762 De
1144 3713 1328 3763 sancto
1345 3711 1578 3766 Casario
1605 3716 1847 3779 martyre

1773 3814 2001 3870 CAPITU
2011 3815 2089 3870 LA
2122 3814 2297 3869 LIBRI
2327 3812 2538 3868 SEXTI.

638 3884 765 3938 Car.
861 3885 903 3937 Ι.
947 3912 1011 3922 -
1042 3886 1117 3937 De
1153 3889 1341 3940 sancto
1361 3885 1527 3940 Felice
1548 3901 1714 3956 papa.

854 3956 917 4008 ll.
965 3982 1026 3992 —
1057 3957 1132 4007 De
1159 3959 1358 4010 sanctis
1385 3957 1651 4023 Basilicas,
1692 3957 1898 4013 Modali
1925 3963 1973 4013 et
2001 3959 2178 4013 sociis.

851 4026 941 4080 III.
976 4027 1145 4096 —_De
1181 4032 1367 4082 sancto
1396 4029 1658 4096 Agapeto.

854 4096 938 4169 IV.
970 4094 1142 4158 —I'De
1170 4113 1415 4167 repressa
1445 4094 1812 4169 persecutione
1843 4097 2079 4155 Claudii.

853 4167 912 4218 V.
945 4195 1014 4206 --
1041 4169 1110 4220 De
1135 4172 1338 4224 sanctis
1358 4167 1660 4238 Chrysanto
1675 4174 1724 4224 et
1749 4173 1937 4225 Dario.

852 4238 938 4312 Vl.
975 4269 1038 4278 —
1067 4242 1140 4293 De
1165 4245 1347 4302 sancto
1377 4243 1512 4298 Gaio
1538 4257 1709 4312 papa.

850 4309 960 4372 VII,
991 4341 1060 4349 —
1097 4313 1172 4366 De
1194 4315 1397 4368 sanctis
1426 4309 1776 4368 Marcelliano
1805 4314 1855 4365 et
1884 4312 2068 4366 Marco
2097 4315 2262 4381 atque
2292 4309 2611 4365 Sebastiano

1737 4410 2047 4466 CAPITULA
2089 4410 2264 4464 LIBRI
2297 4407 2553 4466 SEPTIMI
2633 4461 2641 4469 .

644 4508 767 4563 CAP.
848 4510 890 4563 ι.
920 4539 985 4547 ——
1017 4512 1090 4564 De
1115 4516 1300 4564 sancto
1331 4510 1562 4567 Gabinio
1588 4513 1636 4564 et
1665 4510 1937 4566 Susanna.

856 4580 921 4634 ll.
952 4610 1020 4619 —
1049 4584 1124 4637 De
1147 4585 1350 4636 sanctis
1377 4583 1559 4636 Primo
1595 4585 1645 4636 et
1673 4581 1958 4636 Feliciano.

859 4651 948 4705 lll.
979 4681 1049 4690 —
1076 4654 1152 4706 De
1189 4657 1372 4706 sancto
1410 4654 1718 4707 Pancratio.

859 4722 941 4776 IV.
985 4752 1051 4762 —
1081 4724 1154 4776 De
1173 4725 1376 4777 sanctis
1413 4723 1642 4779 Claudio
1670 4723 1979 4777 Nicostrato
2007 4727 2058 4777 et
2086 4722 2263 4777 sociis.

859 4794 920 4847 V.
949 4823 1020 4831 —
1039 4795 1115 4848 De
1143 4796 1347 4848 sanctis
1377 4794 1567 4849 Severo
1595 4797 1645 4848 et
1673 4793 1980 4858 Severiano,

858 4864 942 4918 VI.
987 4894 1051 4902 —
1073 4867 1148 4919 De
1171 4868 1354 4919 sancto
1392 4865 1632 4920 Genesio.

858 4934 967 4988 VII.
1004 4964 1072 4972 —
1099 4939 1174 4990 De
1212 4940 1402 4990 sancta
1432 4936 1624 4989 Lucia.

859 5005 996 5058 Vlll.
1021 5036 1091 5044 —
1120 5009 1194 5061 De
1220 5007 1424 5061 sanctis
1455 5005 1769 5060 Marcellino
1799 5009 1849 5060 et
1873 5006 2046 5060 Petro.

862 5077 946 5131 IX.
978 5107 1043 5115 —
1073 5081 1150 5132 De
1176 5081 1376 5132 sanctis
1406 5077 1612 5132 duobus
1641 5077 1925 5132 Felicibus.

793 5195 804 5200 -
860 5147 920 5202 X.
954 5152 1128 5204 -—-De
1152 5154 1338 5205 sancto
1365 5149 1708 5217 Chrysogono
1745 5152 1794 5203 et
1823 5148 2142 5204 Anastasia.

1366 5279 1862 5371 INCIPIT
1927 5273 2312 5364 LIBER
2379 5271 2987 5387 QUINTUS.

1903 5425 2119 5510 CAPUT
2149 5421 2430 5479 PRIMUM.

1586 5531 1681 5605 {De
1709 5538 1914 5589 sancto
1943 5528 2124 5588 Lucio
2147 5541 2309 5604 papa
2345 5533 2398 5584 et
2427 5524 2748 5602 Stephano.

511 5625 712 5679 Lucius
747 5635 1025 5700 expositos
1052 5639 1302 5710 sequitur
1331 5637 1628 5708 splendore
1656 5635 1852 5693 sacrati
2218 5629 2491 5686 Manibus
2514 5627 2733 5684 exuitur
2757 5623 3042 5696 patriaque
3073 5623 3387 5683 abducitur
3417 5633 3588 5688 exul:

514 5710 963 5784 Pontiﬁcesjuris
981 5726 1158 5793 cujus,
1183 5726 1562 5781 moderamine
1592 5725 1812 5798 fulgens
2228 5723 2488 5778 Servatur
2515 5713 3103 5789 prolugus-salvusque
3139 5714 3450 5774 reducitur
3475 5721 3608 5777 urbi
3648 5740 3661 5775 τ
