3970 6200
224 314 335 369 673

226 443 412 498 Munia
451 444 716 514 disponit,
751 444 934 512 jussus
975 444 1289 500 moderatur
1320 444 1581 501 habenas.

231 534 481 590 Pontifici
515 542 707 591 censet
735 537 907 591 lectos
937 546 1115 591 astare
1156 537 1459 603 ministros,

232 624 297 678 Et
327 632 495 679 testes
519 626 642 679 vitm
674 626 927 696 praesenti
969 642 1188 696 semper
1212 627 1428 693 adesse,

234 711 343 782 Ipsi
374 711 666 782 pontifices
698 714 850 783 pacis
880 731 1003 786 quae
1032 715 1249 769 vincula
1277 726 1518 782 servent,

231 802 530 876 Sacrilegis
547 819 715 874 super
741 805 997 859 arcendis
1014 822 1136 877 qua:
1160 806 1283 874 jura
1312 815 1641 879 sequantur;

234 892 489 962 Dumque
515 892 610 946 Dei
639 894 903 963 populum
930 911 1028 965 pro
1059 897 1303 969 regmine
1322 897 1511 970 dirigit
1529 913 1710 969 aequo,

238 980 474 1034 Pastoris
506 979 717 1054 fulgore
746 982 938 1037 cluens
967 985 1068 1039 sub
1097 986 1407 1053 Valeriano,

233 1067 542 1123 Truncatus
581 1069 795 1125 cervice
828 1072 962 1141 petit
988 1073 1233 1128 cmlestia
1259 1081 1476 1145 martyr.

236 1160 466 1230 Quoque
499 1168 825 1231 potestatem
859 1180 1159 1236 preperans
1188 1166 1463 1220 contrudit
1490 1166 1712 1222 alumno

238 1255 524 1325 Prrecipuo
550 1254 810 1310 Ecclesiae
841 1256 1120 1327 Stephano
1146 1274 1475 1330 summoque
1498 1259 1774 1315 ministro.

238 1342 384 1413 Papa
422 1342 582 1397 datus
613 1359 723 1397 non
756 1342 981 1400 inferior
1005 1344 1204 1401 virtute
1225 1348 1309 1401 vel
1332 1363 1428 1403 ore

238 1434 394 1489 Patre
426 1436 563 1489 nitet
587 1435 918 1506 Stephanus,
948 1436 1099 1511 leges
1121 1438 1453 1514 promulgat,
1482 1447 1536 1495 et
1558 1449 1714 1496 ornat

240 1524 561 1589 Ecclesiam,
584 1524 754 1579 sacris
785 1531 990 1580 tantum
1022 1526 1089 1581 ad
1118 1544 1270 1583 saera
1299 1529 1545 1585 vestibus
1566 1532 1642 1584 uti

240 1613 530 1677 Decernit;
565 1613 655 1669 hic
684 1614 825 1669 ovile
853 1615 949 1669 Dei
989 1615 1117 1669 dum
1152 1616 1470 1673 Valerianus

241 1705 374 1759 Cum
407 1706 557 1761 socio
588 1712 775 1761 octava
808 1706 934 1762 velli
972 1708 1064 1763 dat
1092 1709 1458 1779 theomachia,

243 1796 435 1852 Ductat
463 1814 594 1853 oves
616 1797 769 1853 fortis
799 1799 928 1865 dux,
962 1799 1107 1855 inter
1131 1800 1275 1855 bella
1302 1802 1547 1869 leonum,

238 1885 477 1959 Colligit,
521 1886 787 1953 hortatur,
817 1886 1017 1942 solidat
1046 1895 1319 1958 praestare
1347 1890 1532 1945 duello

242 1978 615 2049 Externosque
647 1984 801 2033 vocat
829 1978 1014 2033 divina
1046 1980 1101 2033 in
1132 1980 1317 2050 praelia
1348 1982 1551 2037 multos

243 2065 634 2137 Pollentesque
662 2066 827 2131 viros,
870 2083 1011 2139 quos
1044 2068 1185 2123 inter
1214 2070 1423 2125 honore
1464 2071 1715 2126 tribunus

240 2157 530 2212 Nemesius
551 2174 673 2212 cum
707 2159 867 2230 plebe
897 2160 1095 2215 domus
1116 2178 1181 2216 ac
1208 2161 1361 2232 prole
1401 2163 1605 2217 Lucilla

238 2250 596 2322 DeprOpcrat,
628 2270 751 2324 quae
780 2270 925 2309 caeca
955 2255 1049 2309 diu
1078 2263 1361 2327 reparatur
1389 2265 1628 2330 utroque

241 2342 471 2397 Lumine
503 2344 748 2414 corporis
776 2360 841 2398 ae
871 2345 1070 2399 mentis
1101 2352 1353 2400 revocata
1381 2347 1646 2404 tenebris.

243 2434 355 2489 Hac
373 2450 430 2488 se
463 2436 724 2506 praeclara
754 2435 949 2491 Christi
986 2436 1283 2491 irradiante
1309 2437 1555 2506 lucerna,

247 2527 507 2582 Fascibus
536 2528 816 2583 excellens
840 2528 1051 2584 accedit
1078 2528 1360 2600 Olympius
1385 2530 1584 2601 aequis,

246 2616 495 2691 Conjuge
525 2632 645 2672 cum
676 2617 866 2690 genito
895 2616 1223 2689 famulisque
1252 2616 1509 2673 fidelibus
1528 2619 1723 2686 auctis,

247 2709 349 2774 Qui
382 2708 616 2763 ﬂammis
633 2725 824 2763 aurum
854 2709 1004 2764 velut
1024 2718 1424 2782 argentumque
1455 2711 1668 2781 probati

248 2799 582 2870 Sympronio
604 2800 730 2855 caeli
762 2800 1001 2854 subeunt
1021 2801 1216 2870 juncto
1246 2801 1416 2856 ardua
1446 2801 1600 2857 clari.

248 2895 540 2950 Nemesius
571 2895 765 2950 Christi
796 2895 959 2951 levita
992 2904 1236 2950 sacratur
1266 2902 1326 2950 ut
1348 2896 1478 2964 aris,

254 2988 413 3042 Hunc
440 2987 560 3042 sine
577 2988 787 3057 judicio
816 3003 1073 3059 proceres
1102 3003 1431 3060 quacunque
1454 2997 1728 3060 repertum

253 3076 591 3147 Praecipiunt
620 3076 804 3148 plecti.
836 3076 1048 3147 Supera
1079 3077 1125 3131 is
1162 3076 1363 3131 virtute
1396 3077 1660 3148 repletus,

256 3173 374 3227 Non
407 3180 585 3227 cessat
616 3173 846 3226 lustrare
886 3171 1079 3227 domos
1105 3178 1269 3242 atque
1298 3178 1456 3226 antra
1484 3172 1729 3242 piorum:

258 3265 465 3330 Quaerit
494 3274 549 3320 et
588 3264 895 3329 abstrusos,
924 3279 1093 3319 censu
1120 3263 1329 3319 solatur
1365 3280 1593 3337 egenos,

258 3353 683 3425 Adveniensque
714 3353 859 3408 viam
883 3369 1004 3424 quae
1038 3352 1232 3423 priscis
1254 3352 1427 3423 Appia
1454 3353 1597 3409 dicta

262 3445 537 3517 Comperit
567 3447 655 3501 hic
680 3461 835 3500 sacra
866 3444 1110 3515 pendere
1138 3443 1521 3499 Valerianum:

262 3541 344 3609 Et,
386 3540 622 3616 genibus
652 3540 830 3608 ﬂexis,
860 3539 1059 3595 coelum
1092 3546 1406 3610 terramque
1438 3539 1742 3612 Regentem

264 3633 479 3699 Exorat,
520 3631 708 3686 fanum
747 3647 907 3687 secus
938 3638 997 3686 ut
1024 3629 1128 3685 sub
1161 3630 1385 3686 nomine
1416 3630 1611 3685 Christi

262 3726 435 3790 Quem
464 3723 623 3778 terris
650 3722 801 3779 misit
829 3724 1090 3795 dignetur
1118 3720 1263 3777 ferre
1294 3721 1551 3786 salutem,

269 3813 567 3869 Consilium
598 3812 809 3868 fraudis
840 3814 949 3869 hoc
986 3828 1096 3884 quo
1117 3813 1361 3868 solvatur
1392 3812 1665 3884 iniquum,

266 3906 305 3959 Α
339 3903 551 3973 laqueis
578 3901 793 3957 Satanae
825 3902 1015 3956 miseri
1048 3908 1108 3956 ut
1137 3900 1464 3971 resipiscere
1495 3900 1729 3972 possint.

268 3993 532 4047 Maximus
560 3991 706 4047 intus
734 3997 852 4047 erat
883 3991 1074 4046 consul
1107 3990 1222 4062 qui,
1256 3989 1511 4044 daemone
1535 3994 1747 4058 captus,

272 4106 298 4129 σι
340 4081 649 4148 Nemesius,
679 4095 803 4135 mox
831 4080 1120 4146 exclamat,
1156 4094 1243 4132 me
1276 4076 1522 4132 incendit
1553 4082 1607 4130 et
1636 4075 1799 4146 hujus

272 4172 611 4227 Christicolae
643 4172 780 4226 dure
802 4170 1055 4226 crucians
1076 4186 1165 4224 me
1196 4169 1372 4225 oratio
1403 4174 1641 4239 torquet.
1686 4187 1710 4218 υ

272 4261 511 4316 Delubro
540 4260 746 4334 egressi
775 4258 999 4330 quidam
1032 4264 1261 4312 tenuere
1292 4257 1539 4322 beatum,

272 4350 444 4415 Quem
477 4348 694 4420 probris
720 4348 851 4402 dum
886 4345 1207 4413 conficiunt,
1240 4361 1309 4400 en
1337 4344 1603 4399 Maximus
1633 4341 1802 4398 efﬂat.

273 4442 357 4496 Illi
379 4440 692 4496 Nemesium
727 4439 1044 4511 perducunt
1070 4436 1394 4503 Valeriano;

270 4534 487 4603 Quique
518 4532 644 4587 dolo
684 4529 932 4584 mulcens
962 4528 1201 4601 insignia
1232 4528 1412 4598 prisca
1442 4536 1714 4592 recenset,

272 4626 405 4694 Ejus
434 4623 683 4679 consiliis
702 4621 877 4676 fuerat
906 4635 1027 4690 quia
1059 4626 1321 4688 expertus
1346 4624 1401 4671 et
1437 4617 1607 4682 actis;

276 4714 646 4783 Hortaturque
672 4709 776 4765 coli
809 4709 966 4763 divos
996 4707 1197 4778 quibus
1235 4707 1466 4760 hzeserat
1504 4712 1652 4760 ante.

274 4808 410 4861 Tum
452 4802 707 4858 madidus
745 4800 998 4869 lacrymis
1039 4796 1338 4867 respondet
1364 4795 1430 4849 ad
1462 4795 1567 4849 ista
1596 4793 1822 4849 diacon:

278 4926 302 4947 οι
350 4899 581 4969 Semper
610 4913 714 4971 ego
753 4895 944 4950 infelix
984 4909 1171 4950 verum
1212 4890 1525 4962 stultusque
1556 4889 1756 4965 refugi,

278 4986 567 5058 Effudique
599 5002 725 5041 reus
750 4990 999 5040 sanetum
1030 4982 1442 5050 innocuumque
1473 4994 1755 5047 cruorem;

276 5081 372 5136 His
390 5095 611 5151 quoque
639 5078 862 5151 ﬂagitiis
891 5075 1175 5150 vergentia
1206 5072 1347 5128 colla
1378 5079 1660 5147 gravatus,

273 5173 411 5227 Sero
437 5172 580 5237 licet,
610 5171 838 5241 plastem
866 5168 1104 5240 propriae
1125 5179 1405 5238 cognosco
1429 5162 1649 5238 ﬁgam;

276 5266 662 5337 Propitiatoris
691 5264 892 5320 Christi
923 5263 1055 5318 utile
1089 5262 1290 5334 pignus
1320 5259 1573 5329 adeptus,

278 5361 436 5415 Hunc
468 5361 657 5424 timeo,
687 5372 941 5422 veneror,
983 5354 1305 5409 famulatum
1338 5351 1622 5421 impedere
1657 5356 1829 5414 certo,

278 5453 472 5508 Omnia
494 5460 636 5506 taeta
658 5466 823 5504 manu
857 5448 1120 5515 abjurans
1149 5443 1441 5498 simulacra
1470 5440 1669 5497 refuto.
1711 5460 1737 5493 ι)

281 5544 374 5598 His
403 5544 582 5597 Caesar
610 5541 841 5596 furiatus
857 5545 1006 5593 atrox
1030 5538 1177 5590 hunc
1208 5532 1483 5602 mancipat
1509 5539 1689 5589 antro.

280 5632 463 5687 Tertia
492 5631 623 5685 dum
653 5629 864 5684 revehit
895 5626 1127 5697 posthac
1164 5637 1361 5677 aurora
1387 5620 1626 5683 labores,

288 5718 598 5775 Caesaribus
626 5730 873 5787 praesens
902 5713 1101 5787 agitur,
1124 5709 1422 5767 comitante
1454 5707 1682 5775 Lucilla,

860 313 941 367 DE
979 312 1233 368 CHRISTI
1275 313 1637 369 TRIUMPHIS
1678 311 1849 367 APUD
1892 308 2156 364 ITALIAM
2197 309 2369 367 LIBRI
2412 310 2540 367 XVI.
2583 345 2650 354 —
2692 314 2793 369 LIB
2860 316 2897 371 V

3462 324 3566 379 674

1869 447 1917 513 Α
1945 441 2113 506 Quam
2154 443 2322 512 patris
2350 449 2478 498 ante
2532 446 2723 501 oculos
2763 447 2925 517 plecti
2958 449 3110 518 dant,
3166 454 3266 509 hac
3298 459 3561 533 subigen-

3363 548 3490 604 dum

1956 620 2198 675 Flamine
2231 623 2513 678 robustum
2546 625 2731 681 divino
2763 629 2913 683 cmde
2955 639 3242 700 putantes:
3345 547 3359 617 [

1955 708 2153 764 Laetior
2173 718 2226 765 et
2252 711 2460 767 sobolis
2484 714 2585 767 sub
2606 723 2785 788 strage
2812 718 3089 775 ardentior
3119 730 3283 794 atque

1958 800 2203 856 Efficitur
2227 803 2337 871 jam
2371 820 2549 875 praeco
2581 807 2676 860 Dei
2703 825 2717 873 ;
2751 824 2853 863 nec
2870 825 3031 879 posse
3058 815 3318 884 probatus

1956 892 1993 943 A
2025 890 2217 945 Christi
2244 892 2424 947 valido
2455 893 2599 948 ﬂecti
2630 895 2841 951 fervore
2873 897 3023 967 fidei,

1954 982 2085 1036 Duci
2121 984 2439 1053 praecipitur
2476 986 2653 1040 Martis
2682 988 2762 1041 sic
2792 997 2917 1043 ante
2951 994 3242 1053 sacellum:

1953 1072 2067 1126 Jam
2110 1074 2306 1129 virtute
2337 1076 2729 1147 triumphatum
2758 1095 3017 1135 mucrone
3049 1086 3352 1153 palaestram

1954 1161 2250 1230 Terminat,
2281 1165 2664 1238 abscissusque
2687 1177 2849 1241 caput
2880 1173 3015 1240 petit
3035 1176 3240 1231 aethera
3262 1191 3489 1237 mactus.

1956 1254 2196 1309 Membra
2226 1256 2379 1310 addit
2407 1258 2717 1329 Stephanus
2756 1270 3002 1333 cognatae
3036 1275 3214 1320 terrea
3245 1276 3424 1337 terrm,

1955 1349 2084 1413 Quae
2111 1348 2295 1404 Sixtus
2321 1351 2574 1422 relegens
2606 1361 2727 1423 post
2757 1357 3062 1411 accuratius
3090 1358 3262 1415 abdit.

1955 1437 2359 1507 Symphronius
2401 1440 2562 1508 hujus
2590 1452 2711 1511 post
2739 1441 2931 1498 funera
2971 1444 3113 1500 ﬁdus
3143 1448 3398 1505 alumnus

1958 1527 2175 1583 Sistitur
2206 1538 2446 1584 arctatus
2478 1528 2605 1584 fidei
2637 1548 2731 1600 pro
2761 1532 2885 1588 luce
2917 1542 3168 1604 tyranno,

1956 1615 2353 1688 Mandaturque
2387 1619 2505 1673 (lari
2546 1620 2761 1674 cuidam
2793 1622 2860 1676 ad
2888 1632 3155 1680 tormenta
3187 1628 3431 1697 tribuno,

1959 1707 2133 1779 thue
2162 1708 2449 1766 facultates
2472 1714 2752 1783 perquirat
2781 1712 3060 1786 Olympius
3089 1720 3193 1773 acti

1878 1806 1929 1875 Β
1957 1798 2228 1866 Nemesii;
2263 1802 2355 1872 qui
2387 1803 2696 1874 suscipiens
2735 1815 3011 1877 praecepta
3042 1811 3288 1865 revolvit.

1957 1889 2386 1961 Symphronius:
2432 1914 2456 1944 α
2502 1896 2713 1949 Domini
2755 1912 2952 1952 census
2981 1899 3025 1953 si
3066 1917 3317 1971 quaerere
3358 1905 3576 1973 jussus,

1954 1979 2073 2034 Jam
2107 1982 2266 2036 retuli
2299 1981 2509 2037 Christo
2537 1985 2651 2059 regi
2680 1984 2995 2041 famularier
3023 1998 3150 2059 apto
3174 2009 3186 2049 :

1957 2073 2082 2127 Atsi
2113 2073 2423 2129 sacriﬁcare
2456 2077 2637 2144 jubes,
2681 2095 2835 2133 sacra
2876 2081 2985 2135 libo
3018 2082 3274 2139 libenter.

1960 2163 2067 2217 Sed
2099 2164 2226 2219 Jesu
2257 2166 2488 2221 Domino
2518 2175 2764 2223 votorum
2796 2187 2859 2225 ac
2897 2170 3077 2227 laudis
3108 2175 3395 2242 honorem,

1962 2252 2055 2307 Cui
2078 2253 2341 2308 Dominus
2366 2271 2424 2308 se
2455 2256 2742 2312 Nemesius
2773 2276 2929 2315 meus
2956 2262 3331 2319 obtulitaltor.
3370 2288 3395 2316 ››

1964 2346 2089 2401 time
2115 2347 2183 2401 ad
2214 2347 2360 2403 dicta
2380 2350 2518 2404 truci
2543 2352 2788 2421 repletus
2821 2353 3102 2424 Olympius
3134 2356 3213 2411 ira

1969 2439 2204 2510 Imperat
2223 2447 2508 2497 extensum
2528 2443 2696 2499 fustes
2718 2446 2953 2503 tolerare
2973 2456 3195 2503 castata.

1966 2530 2176 2585 Aureus
2201 2531 2398 2588 allatus
2436 2534 2652 2605 tripoda
2686 2546 2809 2607 post
2837 2538 3066 2593 verbera
3088 2540 3299 2595 Mavors

1970 2617 2101 2674 Cera
2132 2631 2191 2675 ut
2216 2621 2284 2675 ab
2307 2621 2436 2696 igne
2468 2622 2647 2679 ﬂuens
2677 2625 2745 2679 ad
2772 2626 2940 2681 verba
2979 2629 3270 2684 resolvitur
3295 2631 3479 2700 hujus.

1972 2709 2233 2785 Cognitur
2264 2714 2349 2769 his
2387 2715 2641 2786 stupidus
2662 2719 2873 2775 secedit
2902 2728 2956 2775 et
2983 2728 3102 2775 acta
3123 2722 3299 2795 jugali

1972 2802 2374 2860 Commemorat
2403 2805 2515 2861 divi
2540 2807 2822 2863 confessor
2841 2817 2899 2864 ut
2929 2826 3025 2866 ora
3054 2811 3275 2883 liquarit

1972 2890 2253 2967 Bellivagi,
2283 2902 2447 2965 atque
2474 2911 2567 2950 reo
2594 2897 2811 2952 veniam
2837 2899 3019 2969 placet
3042 2916 3166 2955 esse
3188 2902 3516 2972 petendam;

1972 2976 2269 3037 Consilium
2300 2985 2471 3039 menti
2501 2986 2648 3057 quod
2680 2993 2740 3040 ut
2768 2988 3053 3043 amborum
3089 2990 3222 3043 utile
3250 2990 3415 3058 sedit,

1973 3068 2185 3127 Fortior
2208 3078 2267 3125 ut
2290 3071 2414 3128 fuso
2434 3072 2600 3129 fuerit
2629 3075 2724 3145 qui
2754 3075 2924 3131 Marte
2955 3085 3197 3148 petatur,

1902 3168 1953 3236 ί]
1977 3162 2143 3217 Nocte
2171 3164 2335 3217 simul
2375 3165 2623 3231 veniunt,
2663 3175 2829 3239 gnato
2861 3170 3178 3236 comitante,
3216 3171 3316 3225 sub
3348 3172 3487 3242 ipsa,

1977 3252 2260 3309 Theodoto
2276 3256 2499 3327 genitus
2522 3256 2617 3326 qui
2646 3256 2799 3311 solus
2827 3260 3045 3330 utrique
3071 3263 3283 3331 parenti
3312 3280 3327 3327 ;

1979 3342 2177 3414 Sicque
2209 3344 2292 3398 sui
2327 3346 2563 3415 pedibus
2589 3346 2757 3401 vincti
2787 3364 2848 3401 se
2877 3357 3126 3406 sternere
3155 3353 3422 3424 gaudent,

1984 3431 2190 3486 Salvari
2222 3440 2441 3487 orantes
2479 3450 2543 3489 ac
2567 3435 2890 3504 paenituisse
2923 3440 3241 3507 probantes.

1984 3522 2203 3577 Accitus
2237 3524 2435 3594 praesul
2465 3524 2689 3579 monitis
2720 3525 3036 3582 caelestibus
3058 3530 3180 3584 illos

1987 3610 2209 3676 Imbuit,
2242 3612 2594 3684 aethereaque
2618 3612 2891 3668 nitescere
2924 3615 3136 3685 perficit
3164 3618 3313 3672 unda

1988 3697 2169 3753 Gratia
2187 3716 2326 3771 quos
2357 3699 2552 3755 Christi
2575 3699 2758 3770 pluvia
2787 3704 3092 3771 penetravit
3111 3705 3318 3775 opima.

1988 3790 2187 3846 Auditu
2218 3806 2505 3861 procerum
2537 3807 2646 3862 quo
2674 3791 2881 3847 fervida
2912 3802 3136 3863 pectora
3166 3806 3385 3853 sanctos

1992 3881 2099 3936 IIos
2129 3881 2234 3937 sibi
2263 3890 2563 3953 praesentes
2595 3882 2713 3938 fieri
2756 3891 2909 3939 torvo
2943 3884 3149 3955 impete
3180 3889 3464 3957 mandant,

1991 3968 2413 4043 Candentesque
2444 3971 2571 4045 agni
2595 3971 2774 4027 belvis
2804 3979 3089 4042 raptantur
3113 3974 3361 4029 acerbis:

1993 4059 2395 4132 Symphronius
2419 4061 2563 4117 ferro
2587 4077 2807 4133 pressus
2832 4063 3163 4133 strictusque
3191 4064 3469 4136 capistris,

1997 4151 2185 4208 Nudus
2211 4163 2265 4210 et
2303 4161 2522 4209 exertus
2549 4163 2704 4228 grato
2733 4155 3047 4229 assignetur
3077 4156 3261 4227 agoni.

1998 4241 2225 4313 Augusti
2265 4251 2573 4298 memorant
2605 4258 2795 4313 pcenas
2829 4241 3051 4297 differre
3084 4244 3328 4311 tribuno,

1999 4329 2119 4386 Sint
2160 4334 2307 4389 velut
2328 4332 2542 4388 indubii
2569 4333 2728 4388 divos
2754 4334 2899 4387 hunc
2930 4334 3184 4405 linquere
3217 4335 3364 4391 nolle

1999 4429 2229 4496 Semper
2259 4425 2534 4490 adoratos,
2569 4425 2719 4495 prius
2750 4425 2816 4477 ad
2858 4441 3090 4495 quorum
3120 4442 3272 4481 saera
3313 4425 3516 4484 multos

1999 4513 2298 4586 Suppliciis
2327 4512 2457 4583 egit,
2486 4527 2587 4566 nec
2615 4512 2762 4567 iners
2784 4512 2997 4568 fudisse
3020 4530 3293 4576 cruorem,

1997 4610 2203 4680 Impius
2233 4608 2371 4661 haec.
2410 4606 2535 4661 Ille:
2589 4635 2599 4651 -
2653 4606 2716 4661 Ut
2744 4622 2852 4662 non
2884 4607 3323 4678 sicutOlympius
3354 4610 3473 4682 egi;

1998 4704 2233 4760 Paenitet
2254 4709 2308 4756 at
2336 4700 2582 4766 sceleris,
2617 4701 2993 4772 lacrymasque
3018 4701 3241 4757 eﬂ’undo
3262 4703 3513 4765 Tonanti,

1999 4799 2091 4853 Cui
2114 4794 2367 4858 famulor,
2400 4793 2543 4848 Patri
2574 4801 2629 4848 et
2650 4793 2843 4848 Genito
2869 4810 2993 4848 cum
3024 4794 3271 4850 Flamine
3297 4803 3511 4863 sancto,

1998 4890 2225 4943 Parcere
2256 4886 2516 4960 dignetur
2547 4883 2762 4954 probris
2783 4900 2906 4955 qua:
2942 4885 3204 4940 immania
3230 4886 3375 4957 gessi

2000 4982 2060 5035 In
2099 4986 2341 5043 sanctos,
2375 4991 2606 5048 quorum
2649 4992 2747 5046 per
2781 4990 2868 5030 me
2900 4992 3027 5030 arva
3057 4992 3253 5032 cruore
3285 4976 3548 5049 rigantur.
3597 4998 3621 5027 ι)

2002 5070 2259 5128 Consumi
2289 5070 2494 5141 pariter
2525 5068 2764 5123 flammis
2789 5068 3065 5123 sententia
3095 5068 3339 5123 mandat.

1998 5165 2155 5219 Ducti
2177 5178 2303 5219 mox
2334 5169 2462 5217 ante
2492 5176 2588 5215 ora
2611 5160 2761 5215 Jovis
2794 5160 3113 5215 holocausta
3152 5167 3444 5230 parantur;

2004 5257 2228 5332 Ignibus
2254 5255 2523 5327 appliciti,
2556 5253 2764 5309 Christo
2796 5254 2886 5324 pia
2914 5253 3160 5308 carmina
3191 5253 3410 5320 dantes,

2006 5347 2198 5402 Intacti
2231 5344 2492 5408 ﬂammis,
2523 5350 2771 5414 praeeunt
2802 5342 2868 5395 ad
2902 5340 3049 5395 celsa
3078 5356 3342 5411 vapores;

2008 5439 2179 5505 Atque
2210 5434 2287 5487 ita
2313 5433 2570 5486 dimissas
2593 5431 2790 5501 recipit
2818 5446 3015 5484 manus
3048 5429 3278 5503 impigra
3307 5430 3517 5495 thecas,

2010 5526 2137 5580 Cum
2171 5524 2318 5578 clero
2339 5523 2652 5592 Stephanus
2682 5524 2849 5579 sociis
2878 5530 2930 5576 et
2956 5521 3273 5593 relligiosis,

2014 5613 2287 5669 Laudibus
2312 5608 2503 5665 affusis
2529 5610 2860 5683 hymnisque
2881 5627 2947 5666 ex
2968 5625 3123 5665 more
3144 5609 3373 5676 solutis;

2014 5710 2245 5782 Pignora
2271 5720 2395 5777 quae
2424 5703 2585 5757 Sexto
2617 5708 2843 5773 posthac
2870 5705 3133 5762 translata
3156 5713 3383 5778 gerente
