3970 6200
482 310 590 364 c725
1248 299 1611 356 monemur
1655 298 1956 353 CANONICI
1999 297 2326 353 REMENSIS
2369 299 2708 357 OPUSCULA
2748 301 3061 359 METRICA.
3751 317 3857 368 (πθ

479 436 804 508 Martyribus
832 450 1013 489 curam
1046 431 1321 486 celebrem
1355 429 1534 484 fecere
1567 427 1940 482 Decembrem.
2109 433 2162 500 Α
2191 429 2298 483 Sed
2327 432 2476 486 solo:
2528 452 2552 483 α
2590 431 2665 487 Tu
2693 450 2763 487 ne
2796 450 2856 488 es
2887 435 3218 505 Stephanus,
3251 437 3384 492 huic
3409 439 3779 504 Valerianus,

551 529 658 581 llos
681 525 858 578 crucis
890 524 990 575 ius.
1016 521 1200 591 quitur
1233 534 1327 588 per
1358 518 1543 572 munia
1568 517 1911 570 Tertulianus
2193 521 2419 577 Publica
2449 525 2668 579 conaris
2692 527 2846 598 regni
2880 527 2972 598 qui
3014 536 3228 583 vertere
3252 530 3402 597 jura,

478 618 644 681 Quem
669 615 776 667 divi
801 613 1114 682 Stephanus
1140 610 1308 664 fontis
1330 609 1624 678 splendore
1649 614 1891 672 novarat,
2191 614 2454 669 Suasibus
2483 625 2539 671 et
2572 618 2756 688 pravis
2787 618 3048 688 populum
3081 621 3421 693 monitisque
3453 624 3742 700 malignis

479 707 584 757 Nec
607 719 757 757 mora
791 700 1168 772 presbyterum
1203 700 1351 769 larga
1382 697 1629 751 bonitate
1655 702 1910 750 sacrarat.
2191 704 2229 755 A
2261 703 2434 773 patrio
2459 703 2642 759 divum
2675 707 2828 781 cogis
2850 707 3159 764 discedetre
3190 711 3380 766 cultu?

481 799 570 852 Cui
613 805 792 851 castos
825 796 967 848 inter
997 794 1237 848 monitus
1268 800 1321 846 et
1350 791 1515 846 verba
1546 790 1740 844 salutis
2200 826 2253 833 ——
2287 796 2403 851 Non
2427 798 2709 869 equidem,
2735 801 3150 865 antistes,nitor
3179 819 3292 857 rem
3309 813 3534 861 vertere
3568 809 3767 882 regni,

480 887 750 939 tizesorum
785 883 977 937 Christi
1020 881 1339 952 perquirere
1379 877 1808 948 corporajussit,
2197 885 2260 937 At
2291 901 2496 941 moneo
2528 903 2660 957 quo,
2693 888 2927 943 desertis
2955 890 3050 960 qui
3083 891 3136 944 in
3169 891 3295 946 fana
3328 894 3596 950 coluntur

481 980 580 1032 l’er
598 979 825 1032 biduum
849 974 1019 1028 sacris
1045 974 1130 1027 vix
1164 972 1351 1026 debita
1380 971 1615 1024 solverat
1644 971 1774 1035 aris,
2197 977 2565 1040 Dzemonibus,
2593 979 2880 1034 Dominum
2903 981 3082 1035 vivum
3098 999 3404 1056 verumque
3431 996 3773 1054 renoscant,

478 1076 682 1128 Tentus
711 1078 764 1123 et
794 1086 823 1122 a
852 1067 1030 1120 Marco
1062 1073 1166 1119 stat
1197 1065 1393 1118 ductus
1421 1064 1739 1117 Valeriano:
2197 1064 2294 1128 Qui
2327 1065 2450 1119 ca‘li
2483 1073 2754 1138 terraque
2781 1067 2956 1133 Sator,
2991 1069 3085 1139 qui
3117 1085 3240 1124 cum
3274 1071 3429 1128 Patre
3454 1073 3722 1129 Christus

478 1163 588 1217 "uc
615 1163 708 1216 me
738 1167 1020 1215 extensum
1054 1156 1277 1210 mactari
1300 1155 1498 1208 robore
1519 1153 1702 1216 tradit,
2198 1153 2456 1209 Flaminis
2483 1162 2537 1210 et
2561 1157 2737 1211 sancti
2773 1156 2973 1213 virtute
3004 1159 3059 1212 in
3083 1161 3284 1215 saacula
3317 1173 3536 1236 regnat,

476 1253 709 1306 (heditur
735 1249 1074 1303 acclamans:
1119 1267 1146 1294 «
1189 1246 1378 1299 Crates
1407 1243 1504 1297 tibi
1529 1243 1730 1312 pendo,
1758 1241 1998 1314 benigne
2194 1242 2269 1297 Ne
2300 1255 2530 1315 pereant
2551 1246 2713 1300 simul
2738 1253 2943 1301 aeterna
2973 1264 3096 1303 cum
3128 1250 3381 1307 daemone
3415 1255 3648 1310 mulcta.
3705 1281 3733 1302 ι

470 1344 598 1396 Jcsu
631 1341 838 1394 Christe
870 1339 1033 1402 Deus,
1057 1336 1186 1406 quia
1213 1351 1298 1389 me
1329 1351 1440 1389 non
1478 1335 1678 1388 dividis
1710 1334 1890 1400 almis,
2194 1331 2513 1387 Valerianus
2545 1335 2613 1388 ad
2646 1335 2761 1390 haec
2791 1335 2974 1390 Martis
3003 1339 3267 1407 praecedit
3297 1342 3364 1394 ad
3397 1343 3579 1397 aedem

476 1434 538 1487 llt
569 1433 700 1486 mihi
730 1431 843 1501 jam
881 1428 1142 1483 Dominus
1164 1429 1426 1500 jungatur
1451 1426 1752 1496 Olympius,
1794 1432 1914 1480 acto
2193 1424 2347 1480 Hunc
2376 1426 2550 1480 minui
2576 1428 2777 1496 capite,
2810 1428 3050 1504 effigiem
3083 1430 3138 1484 ni
3166 1432 3411 1487 numinis
3445 1445 3586 1490 oret.

477 1527 574 1591 Qui
608 1543 694 1578 me
724 1525 980 1594 martyrio
1012 1522 1289 1592 prmeessit
1314 1521 1380 1574 ad
1409 1522 1515 1574 alta
1549 1520 1882 1591 sequendus.
1925 1539 1948 1571 ››
2193 1514 2478 1584 Aspiciens
2508 1515 2707 1570 ductus
2737 1515 2993 1572 Mavortia
3024 1518 3152 1573 fana
3180 1519 3372 1576 beatus

478 1616 599 1669 llaec
629 1616 759 1667 dum
780 1613 1095 1683 proclamat,
1128 1610 1279 1664 lateri
1312 1609 1645 1663 mandantur
1668 1611 1886 1681 utrique
2196 1605 2385 1678 Dirigit
2405 1607 2473 1660 ad
2504 1608 2703 1662 ccelum
2734 1608 2885 1663 visus
2914 1620 2969 1665 et
2996 1613 3185 1680 corda,
3218 1615 3523 1670 Tonantem

476 1705 688 1775 Apponi
719 1704 972 1765 flammae,
1015 1706 1383 1769 constansque
1411 1714 1475 1752 ea
1507 1698 1662 1751 la-tus
1694 1710 1748 1753 et
1775 1700 1946 1752 inter:
2196 1697 2285 1751 llis
2345 1713 2613 1768 poscens:
2663 1723 2678 1746 ι
2727 1699 2956 1757 Domine
3011 1705 3386 1776 omnipotens,
3448 1708 3611 1762 Pater
3668 1710 3836 1763 unice

483 1820 506 1846 ‹‹
550 1799 750 1850 Matura
776 1795 921 1865 quod
955 1793 1093 1864 agis,
1128 1791 1313 1857 miser,
1347 1800 1405 1846 ut
1433 1791 1732 1860 pernicius,
1767 1792 1963 1863 inquit,
2124 1796 2173 1863 Β
3518 1797 3769 1868 [Chr-isti,

478 1889 556 1940 ide
582 1889 682 1942 hoc
701 1887 914 1941 fervore
943 1886 1091 1940 leves
1119 1884 1494 1938 holocaustum
1521 1891 1573 1937 et
1600 1891 1842 1938 aromata
1860 1883 2091 1949 Christo,
2196 1876 2293 1940 QUi
2328 1877 2642 1934 deSlmXiSli
2679 1879 2848 1934 variis
2879 1880 3210 1952 Babylonica
3243 1885 3434 1938 turrim

479 1975 720 2030 Peccatis
749 1974 1034 2049 gravidum
1066 1973 1215 2040 licet,
1240 1973 1342 2026 hoc
1364 1983 1545 2026 tamen
1568 1972 1790 2043 auspice
1813 1972 2029 2027 fultum.
2066 1997 2090 2016 »
2199 1967 2438 2036 Fatibus,
2468 1985 2564 2024 ora
2598 1977 2805 2039 terens,
2837 1972 2940 2027 hoc
2963 1981 3017 2027 tu
3046 1989 3268 2046 quoque
3290 1976 3514 2032 destrue
3539 1978 3760 2044 fanum,

480 2068 689 2122 [nvidet
722 2069 804 2121 his
835 2067 1034 2131 lanius,
1060 2065 1262 2133 differt,
1293 2065 1434 2134 rapit
1466 2065 1685 2137 ignibus
1716 2074 1882 2136 atque
2197 2060 2309 2124 Qua
2335 2061 2662 2131 populorum
2697 2063 2894 2118 anima:
2934 2065 3081 2120 cultu
3113 2068 3420 2136 perduntur
3453 2069 3669 2141 iniquo.
3722 2093 3746 2122 ι

475 2163 657 2217 Tradit
689 2160 935 2231 Sapricio
965 2159 1166 2214 trucior
1197 2159 1290 2229 qui
1323 2159 1570 2212 creditus
1601 2157 1760 2227 ipso;
2195 2149 2398 2205 Annuit
2425 2151 2788 2222 Omnipotens
2819 2156 2978 2224 votis,
3009 2158 3358 2231 tonitrusque
3389 2159 3612 2234 fragore

479 2259 662 2313 Rebus
692 2258 744 2312 id
777 2257 868 2310 ille
902 2256 1112 2326 probat,
1136 2255 1279 2308 saxis
1310 2271 1432 2308 nam
1469 2255 1697 2324 proterit
1725 2270 1840 2320 ora,

2193 2240 2512 2312 Respondet
2535 2245 2794 2315 precibus
2823 2264 3034 2303 summa
3066 2251 3133 2303 de
3162 2253 3306 2306 nube
3338 2269 3660 2323 coruscans,

481 2351 681 2421 Sicque
713 2350 806 2402 diu
837 2355 1058 2418 torquet
1088 2364 1316 2416 pensum
1347 2347 1697 2418 amburitque
1725 2352 1944 2400 catasta.

2195 2332 2441 2388 Fulmina
2473 2335 2776 2404 dissiliunt,
2806 2347 2861 2393 et
2892 2340 3061 2394 Marte
3093 2345 3372 2412 potentior
3398 2346 3577 2399 eadem

479 2439 704 2511 Ignibus
730 2439 783 2492 in
814 2437 1016 2491 mediis
1043 2437 1230 2491 divino
1257 2445 1405 2490 tutus
1437 2438 1666 2502 honore,
2201 2426 3271 2492 Martishumosternit.Mavorsimbellis
3287 2440 3354 2493 ad
3374 2440 3679 2508 ista(183,:«
3703 2443 3817 2496 Haec

482 2527 744 2581 l‘raedicat
771 2543 890 2579 esse
918 2526 1086 2578 Deum
1121 2524 1275 2578 caelis
1304 2541 1472 2594 super
1494 2524 1678 2578 omnia
1707 2523 1996 2578 Christum.
2199 2522 2462 2578 Panditur
2489 2532 2544 2580 et
2571 2525 2790 2595 Christi,
2822 2529 2972 2584 Jovis
3015 2531 3130 2587 haec
3187 2549 3296 2588 non
3328 2534 3562 2590 fulmina
3596 2545 3748 2591 nutu.
3791 2562 3808 2586 -

480 2619 718 2671 Invictus
747 2616 949 2686 poenis,
973 2616 1066 2669 ubi
1095 2615 1593 2682 ferturValeriano,
2196 2614 2497 2690 Diffugiunt
2524 2617 2807 2684 lanii,non
2838 2623 2940 2677 hos
2962 2623 3163 2679 fiducia
3194 2625 3377 2681 Martis

479 2706 595 2760 Mox
627 2713 789 2776 caput
819 2703 1032 2758 abscidi
1067 2703 1232 2757 celeri
1272 2719 1536 2758 mucrone
1557 2703 1803 2770 jubetur.
2195 2707 2484 2775 Continet;
2512 2709 2661 2764 haud
2691 2709 2850 2779 fidos,
2879 2714 3023 2768 haud
3053 2732 3112 2770 se
3143 2725 3369 2782 tutatur,
3401 2720 3673 2776 alumnos.

474 2793 726 2848 Tormine
757 2792 1041 2862 depositus
1065 2790 1317 2862 jugulum
1351 2791 1485 2860 petit
1515 2792 1717 2846 mthera
1744 2801 1948 2846 sectus.
2196 2799 2259 2852 At
2291 2797 2430 2852 liber
2462 2799 2550 2868 pia
2577 2815 2733 2854 sacra
2759 2801 2871 2856 Deo
2904 2803 3077 2858 libare
3099 2807 3359 2861 sacerdos

478 2882 816 2953 Hymnidicis
845 2881 1042 2952 praesul
1063 2881 1373 2950 Stephanus
1405 2882 1545 2935 locat
1575 2897 1701 2936 ossa
1728 2883 1916 2937 Latina
2196 2888 2534 2945 Cbristisona
2559 2892 2842 2946 exsultans
2867 2893 3002 2959 abit,
3036 2896 3387 2970 adgaudente
3417 2906 3651 2954 caterva.

477 2970 722 3040 Stipatus
751 2969 943 3024 cuneis
973 2969 1253 3039 scissaque
1282 2971 1531 3024 recondit
1569 2987 1758 3040 arena,
2197 2979 2365 3043 Quam
2395 2979 2555 3037 factis
2587 2983 2858 3054 dictisque
2898 2969 3123 3057 regens,
3146 3004 3210 3042 ac
3238 2988 3436 3044 robore
3471 2990 3643 3045 multo

477 3061 765 3131 Presbyter
800 3062 1012 3131 hacque
1060 3060 1236 3115 bonos
1289 3063 1431 3131 (182)
1485 3063 1714 3118 Faustus
1767 3065 2093 3138 Maurusque
2121 3110 2171 3177 Ο
2199 3070 2418 3126 Solatus
2448 3071 2720 3143 solidans,
2753 3075 3013 3144 mysteria
3043 3076 3321 3132 muznibus
3349 3079 3510 3133 almae

1773 3157 2019 3229 [recepti
2123 3157 2171 3177 υ
2201 3160 2336 3212 Dum
2377 3160 2535 3215 laetus
2565 3161 2808 3215 celebrat
2834 3162 3346 3230 Lucinaa,turbidus
3379 3167 3470 3220 ille

475 3245 644 3306 Tunc,
678 3245 800 3298 aliis
831 3253 1044 3316 septem
1070 3246 1278 3314 junctis
1310 3248 1402 3318 qui
1432 3255 1680 3318 tempore
1704 3251 1757 3304 in
1789 3251 1906 3321 ipso
2203 3250 2523 3306 Valerianus
2554 3253 2666 3325 agit
2692 3269 2902 3308 cuneos
2925 3261 2980 3308 et
3008 3256 3149 3309 ovile
3182 3256 3434 3326 luporum

479 3333 678 3388 leica
707 3335 949 3404 martyrii
983 3335 1223 3390 subeunt
1245 3337 1546 3406 penetralia
1585 3338 1758 3394 lauro.
2200 3339 2430 3410 Agmine
2459 3339 2708 3407 vallatur,
2742 3342 2940 3406 nescit,
2975 3343 3104 3397 licet
3143 3344 3389 3415 undique
3421 3353 3634 3416 septus,

480 3424 568 3477 llis
598 3424 836 3478 cinctum
868 3424 1087 3490 studiis,
1122 3425 1316 3480 missas
1336 3426 1402 3480 ad
1438 3427 1596 3481 busta
1627 3428 1842 3497 piorum
2200 3430 2392 3484 Pastor
2420 3430 2806 3501 magnanimus
2837 3431 2994 3485 rabie
3023 3433 3301 3503 trepidare
3333 3434 3644 3501 furentum;

477 3511 534 3564 ln
574 3512 847 3581 specubus
876 3513 1180 3580 celebrare,
1213 3531 1399 3570 sacros
1430 3516 1537 3570 huc
1565 3531 1763 3588 cogere
1791 3525 1987 3579 costus.
2199 3523 2358 3578 Fixus
2385 3529 2440 3577 et
2463 3524 2707 3578 intentus
2737 3524 2930 3592 sacris,
2964 3525 3195 3581 Domino
3222 3529 3472 3598 auspice,
3507 3528 3664 3583 fortis

478 3604 761 3674 Lymphati
805 3621 1062 3676 proceres
1097 3607 1437 3677 Stephanum
1476 3609 1544 3662 ad
1587 3616 1864 3666 tormenta
1912 3613 2100 3683 requi-
2200 3619 2624 3691 lmpavidusque
2648 3619 2810 3674 litans
2833 3637 2932 3675 sua
2954 3637 3012 3675 se
3034 3638 3256 3694 quoque
3278 3639 3511 3677 munera
3527 3632 3756 3692 perstat.

599 3765 622 3783 ’ν
1855 3700 2023 3771 [runt,
2198 3711 2308 3765 Nec
2324 3711 2492 3766 sentit
2519 3711 2741 3766 rabidos
2759 3714 3041 3783 strepitus,
3076 3729 3180 3768 nec
3207 3721 3331 3769 vota
3355 3714 3606 3774 remittit,

477 3781 792 3853 Μὶιίιὶεεειιιε
823 3799 991 3838 manu
1025 3792 1236 3854 raptum
1269 3786 1740 3859 ιθηυθτθνὶυςηιίε
2202 3800 2633 3872 Intrepidusque
2659 3781 2949 3873 libensque
2973 3802 3118 3856 aries
3142 3809 3415 3857 mactatur
3441 3802 3507 3856 ad
3541 3820 3716 3868 aram,

477 3874 733 3929 Pluribus
763 3891 793 3929 θ
821 3875 968 3930 Clem
999 3876 1227 3930 senibus
1249 3875 1482 3948 ﬁdisque
1514 3879 1810 3946 ωἱηίειτίες
2203 3889 2388 3961 Cmpta
2434 3905 2696 3961 sequens.
2731 3891 2883 3945 Hunc
2910 3907 3063 3945 sacra
3105 3907 3304 3946 manus
3334 3907 3457 3946 cum
3498 3885 3632 3947 sede
3675 3892 3823 3947 beati

481 3965 714 4021 Praesule
739 3968 1044 4022 Caesareum
1060 3968 1217 4036 jusso
1244 3977 1534 4039 penetrare
1554 3969 1816 4039 tribunal,
2209 3980 2485 4053 Sanguine
2524 3995 2775 4051 respersa
2803 3981 2972 4052 patris
2998 3996 3124 4036 arce
3155 3979 3403 4037 recondit
3431 3982 3484 4035 in
3509 3981 3649 4052 ipsa.

1986 4106 2193 4164 CAPUT
2234 4110 2299 4164 ll.

1827 4207 1903 4266 De
1929 4218 2140 4270 sancta
2171 4211 2468 4287 Eugenio.

478 4331 709 4386 Carbasa
735 4347 884 4386 nunc
917 4331 1156 4403 zephiris
1183 4331 1527 4401 inﬂantibus,
1569 4352 1697 4391 arva
1729 4338 1940 4409 Syenes
2199 4343 2261 4398 Ut
2297 4359 2514 4418 summo
2543 4344 2688 4416 regis
2718 4344 3059 4402 flammescat
3086 4361 3273 4402 amore
3303 4348 3531 4418 superni
3557 4367 3571 4408 ;

478 4426 664 4484 Visere
694 4428 1065 4498 Pellaeumque
1092 4427 1246 4495 juvat
1272 4428 1591 4502 contingere
1617 4429 1790 4497 littus,
2195 4436 2258 4490 At
2280 4417 2479 4490 Christi
2505 4435 2635 4506 quia
2651 4435 2965 4506 reppulerat
2993 4445 3150 4505 pater
3177 4435 3317 4489 urbe
3347 4417 3604 4505 clientes,

475 4519 593 4573 Mox
625 4518 818 4589 rapido
839 4516 1092 4571 Ausoniae
1125 4506 1438 4587 repetamus
1466 4525 1524 4572 ut
1551 4518 1698 4573 edita
1735 4536 1931 4576 cursu:
2197 4527 2335 4582 Cum
2364 4529 2528 4583 castis
2559 4529 2728 4583 sociis
2754 4528 3029 4600 castisque
3055 4529 3360 4596 sodalibus,
3383 4529 3555 4584 auum

473 4611 786 4681 Accipimus
813 4609 1089 4680 siquidem
1119 4609 1224 4664 hoc
1254 4617 1387 4664 aestu
1418 4611 1691 4684 prmsigne
1733 4612 1926 4668 tulisse
2195 4618 2314 4670 Alta
2342 4633 2582 4688 sequens
2612 4617 2842 4672 rimatur
2873 4618 2994 4672 iter.
3029 4618 3191 4673 Proto
3221 4625 3389 4689 atque
3422 4618 3742 4690 Hyacintho,

471 4702 708 4774 Martyrii
741 4702 914 4756 decus
946 4702 1268 4774 Eugenium,
1293 4719 1456 4772 quam
1485 4711 1634 4773 patre
1662 4704 1917 4777 Philippo
2113 4735 2173 4804 D
2196 4706 2377 4760 Ardua
2408 4721 2520 4776 quo
2541 4705 2720 4760 valeat
2749 4707 2951 4760 montis
2983 4713 3090 4761 tam
3122 4708 3394 4763 scandere
3425 4709 3584 4764 celsi.

477 4794 634 4848 Urbis
663 4792 952 4848 Alexandri
984 4791 1250 4847 Praefecto
1279 4792 1504 4863 arvique
1536 4791 1740 4865 CanOpi
2113 4791 2167 4804 ν
2266 4802 2446 4856 Mente
2471 4801 2604 4872 polo
2635 4801 2829 4871 illapsa
2860 4807 3067 4872 patrem
3100 4801 3238 4872 petit
3275 4819 3404 4856 arva
3432 4802 3641 4865 videre,

473 4883 775 4939 fEneadum
803 4899 868 4938 ex
897 4883 1054 4953 apice
1078 4896 1366 4952 procerum
1388 4880 1480 4934 dat
1513 4879 1735 4936 Claudia
1754 4890 1948 4940 mater.
2196 4890 2406 4946 Praedia
2428 4891 2746 4945 collustrare
2773 4889 2938 4956 sinat,
2963 4889 3261 4958 jocundior
3283 4890 3391 4946 isto

473 4974 605 5039 Quis
633 4974 931 5045 splendore
957 4973 1142 5028 nitens
1164 4973 1282 5027 haec
1297 4972 1544 5027 moribus
1572 4972 1738 5030 altior
1762 4989 1886 5030 esse
2196 4978 2402 5033 lntuitu
2433 4984 2494 5033 ut
2517 4977 2707 5033 redeat
2727 4992 2920 5033 menso
2951 4977 3197 5052 regionis
3220 4993 3464 5035 amoeno.

477 5063 674 5137 Deligit
696 5061 977 5118 excellens
1001 5072 1152 5118 cale
1175 5060 1397 5132 pietatis
1424 5062 1655 5129 honore,
2195 5069 2347 5125 Cedit
2374 5071 2443 5124 ad
2456 5071 2574 5125 haec
2601 5070 2838 5143 genitor,
2862 5070 3205 5142 comitesque
3236 5071 3449 5126 haerere
3475 5069 3663 5128 ﬁdeles

471 5151 600 5216 Qua:
632 5167 846 5226 pagana
882 5151 1013 5206 licet
1041 5151 1093 5206 vi
1119 5150 1253 5206 casti
1285 5149 1550 5215 numinis,
1577 5153 1687 5206 alta
2198 5158 2459 5233 lnjungit,
2492 5159 2772 5214 dominam
2802 5158 2954 5214 salvo
2977 5158 3205 5214 ductare
3225 5159 3464 5231 pudore,

469 5243 726 5308 Consule,
752 5243 931 5298 vincla
959 5243 1114 5299 Proci
1144 5243 1316 5318 geniti
1346 5243 1545 5298 virtute
1571 5242 1878 5315 perhorret,
2194 5250 2343 5316 Quae,
2376 5249 2528 5304 Pauli
2560 5249 2926 5304 instrumenta
2956 5251 3147 5323 legens
3176 5249 3309 5304 dum
3348 5250 3520 5305 fertur
3550 5251 3604 5304 in
3632 5264 3797 5325 agros,

469 5334 604 5390 Dum
639 5335 886 5407 sophicis
904 5338 1104 5392 ardens
1125 5337 1274 5392 curis
1294 5352 1614 5408 percurrere
1643 5352 1882 5408 quaeque
2197 5338 2547 5394 Christicolas
2574 5338 2788 5394 melicis
2816 5339 3165 5394 modulantes
3190 5339 3422 5394 vocibus
3449 5340 3602 5394 audit

472 5430 656 5486 Certat
695 5432 905 5487 honore
926 5432 1094 5486 animi
1121 5431 1494 5487 conscendere
1530 5432 1585 5485 in
1625 5431 1774 5486 edita
1803 5431 1975 5498 Pauli,
2195 5428 2595 5504 Psalmigraphi
2629 5431 2850 5486 laudes:
2894 5455 2917 5477 ιι
2962 5430 3163 5486 Omnes
3189 5431 3245 5484 di
3267 5430 3554 5486 daemones
3581 5431 3791 5484 Ethnon.

470 5521 608 5585 Quae
638 5532 790 5580 tanto
814 5525 1027 5581 fervore
1053 5525 1323 5596 capitjam
1356 5533 1541 5580 mente
1556 5525 1736 5589 beata,
2195 5527 2260 5581 At
2285 5522 2553 5580 Dominus
2579 5522 2751 5579 coelos
2771 5522 3149 5594 septemplicis
3182 5523 3360 5578 edidit
3398 5523 3566 5579 orbis.
3617 5543 3634 5570 ι

538 5643 702 5748 (182)
733 5679 833 5748 Sic
858 5678 984 5748 cod.
1019 5685 1270 5748 uterque.
1305 5679 1401 5731 An.
1430 5696 1527 5748 pro
1562 5682 1843 5742 Bonosius,

542 5746 686 5809 (183)
731 5746 825 5796 llic
853 5746 1060 5800 desinit
1082 5746 1182 5799 ms‘.
1205 5746 1540 5802 bibliotheca
1567 5750 1778 5802 Sancta?
1802 5749 2089 5804 Genovefae
2121 5753 2288 5807 Paris.
