3970 6200
216 285 321 339 6ἷ7

218 405 554 462 Curriculum
588 404 857 474 illajubet
885 406 1203 469 consistere,
1227 405 1476 475 clamque
1507 404 1724 459 sodales

219 501 591 556 Conveniens:
637 524 659 543 «
706 498 941 568 δοριιὶοο
980 505 1191 553 constat
1221 514 1316 552 vos
1349 499 1603 568 dogmate
1634 498 1828 561 claros,

220 593 554 663 Sudatisque
587 591 872 645 hominum
905 606 1121 643 mecum
1154 591 1425 660 permulta
1455 589 1728 643 studendo

222 687 412 757 Digna,
449 684 675 755 indigna
709 684 851 738 dolis
881 690 1113 754 astuque
1143 689 1360 753 reperta
1389 689 1656 745 catorum,

217 776 459 844 Scrupea
491 772 794 827 Aristotelis
814 772 959 826 docti
982 780 1200 825 vu-rsuta
1222 771 1506 841 sophistae,

218 866 430 917 Sectam
456 862 816 932 Epicurteam,
842 860 964 913 miri
998 858 1258 932 ﬁgmenta
1289 859 1553 921 Platonis,

221 952 530 1005 Socraticos
552 950 796 1004 monitus
826 956 879 1003 et
903 949 1081 1003 Stoica
1109 948 1243 1020 quid
1276 948 1419 1022 legat
1450 964 1565 1013 ora,

220 1040 376 1104 Quod
408 1055 660 1109 sparsere
677 1038 860 1108 sophi,
892 1039 1039 1109 quod
1072 1046 1359 1093 eautaverc
1392 1047 1590 1108 poetae,

222 1132 449 1186 Pellitur
475 1132 577 1186 hac
605 1132 713 1187 odo
736 1132 929 1187 Christi
955 1149 1062 1203 qua
1083 1131 1277 1186 concio
1303 1132 1524 1205 gaudet.

223 1220 684 1291 Accipimusnihil
720 1237 841 1275 esse
874 1222 1030 1291 deos,
1063 1221 1224 1274 simul
1253 1223 1437 1275 omnia
1460 1236 1597 1274 vana

224 1314 460 1367 Numina
488 1313 769 1383 responsis
800 1324 1111 1368 sanctorum
1142 1313 1476 1367 addiscimus
1506 1312 1684 1383 aptis:

225 1401 433 1454 Divinis
464 1400 628 1475 igitur
658 1401 995 1455 credendum
1025 1410 1078 1455 et
1102 1419 1229 1455 vera
1261 1402 1523 1466 tenenda,

222 1490 285 1543 Ni
318 1490 491 1561 magis
521 1489 760 1543 oblectat
788 1499 1002 1543 mentes
1035 1506 1130 1560 per
1152 1490 1285 1544 falsa
1317 1491 1517 1560 perire.

222 1582 287 1633 At
318 1579 539 1649 sapiens
577 1580 857 1649 sapienter
887 1588 1010 1652 agat
1041 1579 1221 1647 decet,
1248 1580 1418 1649 impia
1440 1579 1642 1633 sanctis

222 1670 509 1743 Segreget,
544 1667 773 1722 utilibus
804 1675 1065 1739 properet
1084 1684 1376 1723 secernere
1410 1669 1594 1739 inepta

221 1760 457 1815 Iustitia:
483 1776 755 1815 summam
783 1760 979 1815 subeat
1010 1776 1120 1832 quo
1148 1761 1368 1815 tramite
1399 1768 1626 1833 quaerat.
1678 1781 1698 1810 ι

225 1853 365 1905 Dum
397 1851 528 1907 serit
558 1851 679 1906 Ιιξθο
706 1851 871 1906 sociis
898 1852 1124 1906 rationis
1166 1852 1217 1905 in
1259 1869 1406 1918 arva,
1442 1859 1703 1923 parantur

219 1943 402 1998 Corda
422 1943 582 1996 trium
613 1943 813 1996 celsam
849 1944 926 1997 ire
957 1943 1120 2007 viam,
1142 1943 1283 2013 parit
1306 1943 1515 1998 innuba
1545 1944 1676 1998 casti

220 2031 526 2086 Consilium
552 2030 693 2085 voti:
726 2032 930 2101 pariter
959 2040 1147 2102 petere
1180 2032 1321 2086 alma
1344 2032 1489 2086 beati

218 2122 389 2177 Tecta
412 2122 599 2176 Heleni
623 2122 781 2191 cujus
804 2123 1120 2191 prmstantia
1153 2123 1293 2177 facta
1325 2124 1597 2187 nitebant,

223 2210 491 2264 Restituit
519 2210 693 2263 visum
726 2211 887 2264 czecis
919 2219 974 2264 et
1003 2209 1255 2266 daemone
1279 2212 1455 2283 captis

184 2300 195 2311 ‘
222 2301 423 2355 Sobria
455 2300 641 2366 corda,
692 2300 962 2355 adhibens
990 2302 1357 2357 medicamina
1402 2303 1557 2373 plura
1588 2305 1848 2377 gravatis.

222 2393 382 2447 Hunc
408 2394 537 2464 quia
552 2408 709 2447 sacra
740 2394 833 2448 Dei
865 2394 1223 2449 meditantem
1258 2396 1499 2451 invisere
1530 2399 1687 2465 nulli,

221 2481 415 2535 Sancti
445 2489 539 2535 aut
562 2489 720 2552 septa
748 2483 899 2536 senis
938 2484 1147 2539 licitum
1180 2495 1472 2555 penetrare
1507 2488 1727 2558 puella).

225 2572 505 2627 Robustos
534 2574 750 2629 animos
780 2575 970 2630 habitu
1003 2577 1266 2652 insignire
1298 2579 1441 2633 virili

226 2665 395 2738 Virgo
426 2664 577 2739 legit,
609 2681 781 2720 vacua
810 2667 1017 2739 ignaris
1050 2668 1244 2724 lectica
1273 2671 1523 2738 vehatur,

230 2755 298 2809 Ut
319 2754 547 2825 reliquis
577 2755 860 2810 dominam
882 2756 987 2811 ﬁde
1018 2759 1352 2814 comitentur
1373 2760 1601 2814 alumni.

228 2849 297 2900 At
332 2854 616 2914 reparatur
656 2847 851 2912 honos,
882 2857 1074 2921 arguta
1106 2849 1326 2919 incepta
1356 2859 1659 2923 geruntur:

228 2938 369 2992 Tres
401 2944 556 2993 caute
584 2939 719 2994 SOCII
746 2941 1026 2996 mundana
1048 2942 1291 3012 pericula
1313 2949 1559 3010 tranant;

231 3032 443 3086 Praesul
474 3032 630 3088 adest
661 3033 851 3089 laudes
880 3036 1096 3090 cinctus
1146 3037 1411 3093 reboante
1453 3046 1707 3103 caterva;

231 3127 319 3181 Fit
341 3128 426 3180 via
452 3136 604 3182 vecta
637 3129 762 3199 piis,
795 3139 1109 3185 sanctorum
1136 3132 1237 3186 iter
1259 3148 1423 3186 omne
1455 3139 1710 3202 paratur;

231 3216 812 3288 Suscipiuntjuvenes
844 3220 1027 3273 divina
1052 3221 1273 3275 oracula
1293 3222 1421 3287 laeti,

233 3305 673 3377 Auspiciumque
688 3307 789 3361 viae
822 3309 1060 3381 rogitant
1085 3310 1153 3364 de
1182 3314 1421 3381 praesule
1441 3314 1679 3384 plebem.

235 3396 640 3469 Accipiuntque
672 3404 879 3469 trOpaaa
916 3400 1017 3453 viri
1049 3417 1157 3472 quo
1192 3403 1448 3471 parvulus
1477 3405 1608 3460 olim

239 3486 481 3541 Immuni
507 3495 720 3541 vectare
743 3488 867 3542 sinu
892 3491 1245 3545 consueverit
1268 3492 1449 3566 ignem

242 3577 580 3648 Cereamque
606 3595 828 3652 magum
849 3578 1085 3635 flammis
1111 3586 1389 3637 exeruerit
1417 3584 1630 3658 algens.

238 3667 381 3721 Tres
409 3682 468 3719 se
494 3666 647 3740 virgo
680 3676 829 3723 notat
860 3669 1051 3725 fratres
1080 3671 1149 3724 ad
1180 3688 1333 3727 sacra
1364 3675 1552 3730 venire

242 3754 448 3809 Christi
469 3755 707 3825 postulat
731 3757 848 3811 haec
878 3756 995 3813 ﬁeri
1013 3775 1236 3831 quoque
1262 3769 1392 3816 nota
1418 3762 1582 3820 beato

242 3847 583 3903 Praemonito
615 3848 669 3901 in
690 3850 919 3904 sommis
940 3852 1103 3921 patri,
1131 3853 1419 3925 signantur
1448 3856 1643 3911 adesse

246 3937 349 3991 Ille
372 3953 548 4009 genus
573 3954 885 4011 nomenque
916 3957 1119 4016 rogans
1140 3944 1285 4014 capit
1314 3946 1447 4000 urbe
1472 3946 1725 4011 Quirites.

245 4026 663 4098 Germanosque
684 4027 872 4094 domo,
900 4028 992 4084 dat
1022 4032 1245 4087 nomina
1271 4033 1426 4109 virgo
1459 4035 1716 4103 duorum,

247 4120 323 4174 Se
352 4119 654 4191 Eugenium
684 4136 997 4177 memorans
1027 4124 1293 4180 secretius
1322 4141 1443 4181 esse
1475 4128 1778 4198 prehensos

251 4217 572 4287 Agnoscunt
602 4231 682 4280 se,
716 4216 1125 4288 praepositoque
1154 4235 1373 4274 manere
1396 4220 1664 4287 jubentur

252 4303 682 4374 Sacranturque,
708 4306 1153 4377 monasterioque
1180 4307 1447 4380 almisque
1470 4311 1734 4379 jugantur

254 4388 517 4445 Solamen
548 4392 790 4461 capiunt,
823 4393 1122 4449 certamina
1153 4412 1386 4468 quaeque
1414 4399 1661 4471 gerenda

255 4478 522 4533 Prmdocti
564 4494 593 4532 a
621 4489 835 4545 sancto,
864 4480 949 4535 cui
992 4492 1189 4537 cuncta
1212 4484 1511 4541 recluserat
1540 4495 1748 4542 auctor.

332 4570 394 4621 At
417 4575 635 4623 temone
652 4569 757 4623 levi
790 4586 1074 4642 vacuoque
1098 4573 1337 4627 abeunte
1368 4576 1573 4631 veredo

258 4656 343 4710 Fit
367 4656 602 4727 gemitus
632 4658 837 4727 populo
866 4665 1046 4713 tantos
1078 4661 1263 4734 lugere
1295 4669 1551 4732 parentes

256 4747 526 4801 Amissam
556 4748 801 4802 sobolem
836 4759 941 4802 tam
975 4764 1101 4804 caro
1134 4751 1366 4825 pignore
1397 4765 1606 4824 captos.

261 4836 558 4891 Discutitur
587 4838 758 4910 regio,
793 4837 924 4903 vici,
957 4853 1203 4905 nemora,
1244 4840 1470 4910 Oppida,
1502 4852 1749 4911 montes;

262 4928 531 4998 Delphica
550 4929 841 4995 scitantur,
870 4945 1046 4982 vanus
1074 4930 1341 5001 rogitatur
1374 4949 1634 5004 aruspex;

265 5019 356 5072 Dis
382 5028 536 5091 rapta
563 5020 825 5075 asseritur
849 5020 1087 5091 coelique
1116 5032 1338 5093 recepta
1362 5026 1618 5091 remotis;

262 5110 515 5165 Creditur
540 5111 770 5165 obscure
790 5110 936 5181 quod
966 5117 1087 5180 post
1106 5112 1365 5167 credatur
1391 5121 1599 5184 aperte.

263 5198 363 5252 Dat
394 5205 548 5268 pater
576 5196 817 5271 efﬁgiem
844 5199 1023 5252 divam
1048 5199 1154 5253 sibi
1185 5201 1420 5255 collocat
1444 5216 1597 5269 auro,

264 5292 818 5364 Contentusgenitam
850 5308 976 5347 caro
1009 5310 1273 5362 pensasse
1304 5296 1550 5351 metallo.

262 5386 327 5436 At
347 5395 525 5437 mater
555 5383 860 5453 fratresque
898 5383 1109 5451 dolent,
1150 5400 1253 5438 nec
1282 5386 1489 5440 credita
1521 5389 1774 5445 credunt.

263 5474 427 5549 Virgo
458 5475 663 5528 decens
689 5476 987 5546 animoque
1019 5475 1317 5546 habituque
1340 5477 1512 5532 virilis
1538 5486 1592 5533 et
1620 5488 1741 5535 actu

262 5563 441 5619 Ccrtat
461 5578 602 5633 Opus
632 5563 867 5629 Domini,
902 5564 1195 5617 meditatur
1221 5564 1477 5637 dogmata
1508 5566 1723 5637 Christi,

266 5655 412 5729 Lege
438 5654 570 5727 vigil
593 5668 813 5723 supera,
842 5656 1072 5710 memori
1095 5654 1227 5708 dum
1258 5661 1439 5710 mente
1469 5660 1720 5716 recondit

857 280 937 333 DE
977 279 1229 334 CHRISTI
1270 278 1632 333 TRIUMPHIS
1677 277 1846 332 APUD
1890 275 2149 329 lTALIAM
2193 275 2366 330 LIBRI
2409 276 2537 331 XIV.
2579 306 2648 313 —
2688 275 2812 329 LIB.
2856 275 2913 329 V.

1874 1791 1921 1856 Il

3447 278 3553 329 678

1856 410 1905 474 Α
1940 402 2071 455 Bina
2097 402 2191 456 Dei
2224 402 2354 457 bino
2394 402 2497 456 sibi
2531 410 2855 457 testamenta
2881 402 2982 456 sub
3009 418 3172 456 anno.

1937 493 2046 546 Nec
2077 494 2239 547 modo
2269 494 2512 548 nescitur
2542 494 2757 559 mulier,
2783 494 3044 547 sectanda
3070 493 3304 548 virorum

1936 580 2068 644 Quis
2102 582 2212 652 agit
2242 582 2502 655 egregiis,
2535 598 2697 651 quam
2731 583 3066 653 virginitate,
3098 583 3306 653 pudore

1940 674 1998 727 In
2026 677 2287 745 prtecelsa
2320 675 2502 730 ferens
2533 676 2757 729 humilis
2789 676 3007 731 dilectio
3032 678 3235 743 ductat,

1940 766 2213 821 Laudibus
2248 768 2299 821 in
2334 766 2569 829 Domini,
2605 768 2881 838 precibus,
2918 769 3139 838 pietate,
3173 777 3474 824 vacantem.

1941 856 2000 908 At
2029 856 2192 924 prisci
2221 855 2449 910 comites
2481 856 2802 927 dignissima
2824 865 2976 927 gesta
3007 865 3305 928 sequentes

1948 948 2004 1001 In
2037 950 2253 1003 cunctis
2285 949 2521 1003 dominae
2550 958 2803 1023 satagunt
2832 966 3023 1019 parere
3056 952 3246 1006 beatae.

1948 1036 2068 1089 Ilaec
2091 1036 2145 1089 in
2171 1043 2294 1091 vota
2322 1036 2465 1089 datis
2484 1036 2593 1103 jam
2630 1039 2785 1090 tertia
2817 1039 3052 1092 volvitur
3081 1048 3237 1092 restas

1946 1126 2328 1197 Emeritusque
2358 1126 2461 1181 loci
2498 1135 2652 1197 pater
2683 1128 2788 1182 alta
2819 1129 2883 1182 ad
2918 1132 3142 1199 prmmia
3174 1131 3384 1197 transit,

1947 1216 2215 1287 Quodque
2245 1218 2298 1270 in
2332 1234 2391 1270 se
2424 1219 2625 1273 melius
2655 1219 2876 1273 sibimet
2900 1236 3221 1289 praeponere
3248 1224 3462 1277 cunctis

1948 1307 2282 1378 Complacet,
2324 1309 2737 1382 Eugeniumque
2771 1311 2980 1385 legunt,
3016 1313 3141 1366 licet
3184 1314 3287 1391 ima
3328 1332 3568 1385 sequen-

3346 1403 3470 1456 ltem

1946 1465 2167 1521 Nisibus
2198 1478 2250 1522 et
2290 1468 2416 1523 totis
2446 1468 2748 1541 fugientem
2784 1487 3002 1526 sumere
3037 1472 3223 1526 fastus.
3345 1455 3359 1473 t
3482 1444 3495 1469 ’

1945 1557 2184 1612 Tandem
2219 1561 2552 1633 evangelicis
2578 1578 2775 1630 parens
2805 1563 3067 1617 instructa
3101 1564 3329 1633 profatis

1948 1647 2173 1704 Culmen
2204 1666 2374 1721 prona
2402 1651 2549 1706 subit
2579 1654 2807 1707 monitis
2839 1655 3047 1709 servire
3069 1657 3326 1718 subacta;

1949 1739 2179 1795 Subdita
2212 1740 2504 1811 praeﬁcitur
2520 1744 2677 1813 quasi
2698 1745 2913 1798 servula
2945 1747 3160 1799 tramite
3181 1745 3394 1801 Christi.

1950 1832 2065 1886 Non
2108 1833 2460 1899 dominetur;
2496 1841 2547 1888 at
2574 1841 2632 1889 ut
2671 1836 2883 1890 cunctis
2917 1837 3326 1902 inserviatuna,

1950 1919 2141 1974 Inﬁma
2172 1922 2499 1991 praecellens
2531 1924 2730 1978 renitet
2760 1925 3002 1993 subjecta
3045 1927 3327 1995 ministris,

1952 2012 2149 2066 Ultima
2183 2012 2449 2078 subjectis
2474 2015 2641 2068 servit
2669 2015 2874 2070 servire
2910 2018 3142 2086 paratis;

1952 2100 2171 2154 Interna
2194 2109 2529 2173 externaque
2556 2103 2736 2157 studet
2766 2120 3084 2160 succurrere
3116 2124 3274 2174 cura;

1954 2190 2228 2244 Laudibus
2260 2192 2314 2245 in
2346 2193 2560 2247 Domini
2590 2210 2810 2264 semper
2834 2196 3113 2267 jussisque
3143 2202 3396 2269 supernis

1953 2280 2161 2355 Degere
2192 2297 2316 2335 cum
2346 2282 2515 2335 sociis
2542 2283 2690 2337 omni
2713 2284 2908 2337 virtute
2951 2284 3187 2348 laborat;

1956 2371 2162 2425 Crescit
2190 2378 2243 2425 et
2273 2372 2327 2425 in
2361 2372 2516 2426 miris
2547 2374 2733 2428 animo
2766 2375 3032 2429 mirabilis
3056 2377 3185 2430 olim

1954 2466 2243 2521 Daemonas
2288 2467 2522 2537 imperio
2546 2468 2829 2537 perturbat
2860 2470 3085 2524 sedibus
3117 2478 3303 2537 actos;

1955 2553 2187 2608 Lumina
2216 2555 2442 2625 pupillis
2467 2571 2735 2611 caecorum
2762 2558 3003 2613 infundit
3030 2560 3255 2629 apertis,

1956 2646 2114 2700 Plura
2143 2662 2347 2721 gerens
2376 2662 2609 2717 quorum
2652 2648 2761 2703 late
2789 2651 3056 2724 respergit
3079 2650 3329 2705 odorem.

1958 2736 2241 2792 Accedunt
2271 2739 2424 2792 multi
2455 2739 2606 2794 vario
2639 2741 2904 2812 languore
2936 2741 3103 2795 levari
3139 2759 3150 2794 :

1956 2832 2220 2886 Febribus
2248 2840 2366 2886 acta
2396 2833 2491 2887 diu
2524 2834 2776 2904 quaedam
2806 2834 3061 2888 Melantia
3090 2836 3265 2901 venit,

1956 2922 2086 2986 Quze
2115 2941 2240 2981 mox
2265 2923 2559 2979 incolumis
2580 2925 2811 2995 depulsa
2846 2934 3003 2995 peste
3031 2927 3288 2990 recessit;

1956 3009 2183 3065 Munera
2215 3020 2270 3067 at
2292 3011 2384 3065 illa
2415 3020 2569 3082 parat
2600 3013 2887 3068 medicinae
2920 3014 3165 3084 pendere
3193 3014 3371 3070 dono:

1961 3104 2119 3157 Mittit
2148 3104 2321 3175 gurda
2357 3105 2597 3174 scyphos
2623 3106 2815 3160 solidis
2842 3121 3086 3176 auroque
3109 3106 3373 3175 repletos.

1883 3170 1933 3238 Ο
1962 3170 2187 3262 Βρερυῆ
2208 3193 2325 3245 haec
2355 3170 2567 3247 Domini
2610 3209 2856 3267 praesago
2890 3170 3113 3248 flamine
3144 3170 3330 3263 plena,

1963 3282 2210 3349 chubet
2240 3281 2485 3356 indignis
2518 3282 2739 3348 tribuat,
2774 3286 3147 3339 marcentibus
3172 3286 3352 3348 addat,

2036 3375 2097 3425 At
2126 3379 2320 3427 contra
2360 3372 2513 3425 dirus
2547 3372 2912 3427 medicamina
2946 3390 3208 3445 prospera
3238 3392 3468 3448 serpens

1959 3468 2123 3521 Tetra
2150 3482 2365 3520 venena
2397 3467 2608 3537 coquit,
2641 3466 2903 3521 salvatam
2938 3484 3169 3539 corpore
3200 3478 3382 3525 mente

1946 3559 2203 3614 ‘Perdere
2236 3558 2605 3629 praecipitans,
2639 3573 2779 3629 opus
2809 3557 3104 3614 obscurare
3130 3562 3460 3635 benignum,

1967 3652 2024 3705 In
2058 3651 2201 3705 bona
2223 3667 2333 3705 non
2356 3658 2618 3720 reputans
2638 3648 2911 3703 Christum
2946 3652 3088 3705 mala
3106 3660 3321 3708 vertere
3352 3666 3596 3713 suetum,

1967 3743 2098 3797 Nam
2128 3749 2318 3796 sanata
2350 3740 2688 3796 salutiferam
2722 3739 2849 3793 dum
2878 3739 3071 3793 sedula
3110 3741 3258 3809 visit,

1972 3833 2254 3886 Assultans
2283 3831 2392 3887 alio
2420 3830 2630 3901 rapitur
2659 3830 2925 3902 languore
2960 3828 3181 3895 furoris,

1976 3920 2375 3993 Egregiamque
2406 3926 2569 3974 tuens
2597 3922 2827 3974 formam
2874 3925 3060 3990 aptum
3094 3919 3269 3991 spirat
3309 3922 3593 3992 ephebum

1979 4011 2298 4078 Pellicibus,
2332 4026 2591 4082 caecoque
2618 4010 2925 4065 miserrima
2958 4011 3203 4082 carpitur
3241 4012 3369 4087 igne

1981 4102 2097 4166 Quo
2132 4101 2306 4172 pressi
2338 4100 2545 4170 plures.
2582 4100 2816 4154 Pretiosi
2848 4100 3109 4170 ponderis
3137 4099 3298 4156 oﬂ'ert

1976 4205 2131 4266 Dona
2162 4189 2335 4244 levem
2370 4187 2591 4258 spirans
2612 4188 2856 4242 animum
2887 4189 2989 4243 hac
3012 4189 3222 4243 vincire
3243 4196 3453 4246 catena.

1980 4286 2173 4339 Omnia
2196 4284 2284 4339 cui
2317 4298 2519 4352 supero
2552 4298 2787 4337 cernens
2816 4282 3040 4337 sordere
3072 4284 3281 4357 vigore,

1983 4380 2164 4435 Uritur
2204 4379 2329 4432 hinc
2351 4377 2571 4450 gravius
2596 4375 2861 4446 furiisque
2890 4378 3089 4449 agitata
3120 4379 3353 4434 recludit

1890 4453 1952 4522 D
1977 4471 2145 4533 Quem
2178 4466 2321 4520 male
2348 4465 2671 4534 concipiens
2703 4465 2887 4519 animo
2922 4466 3239 4521 confoverat
3268 4481 3459 4525 aestum

1978 4561 2088 4615 Nec
2118 4557 2347 4613 sufferre
2374 4557 2565 4609 valens
2598 4563 2777 4611 tantos
2807 4558 3077 4612 secretius
3117 4559 3292 4631 ignes,

1979 4653 2173 4708 Pandit
2202 4658 2393 4722 operta
2426 4651 2551 4704 sinu
2586 4658 2796 4704 vastare
2831 4650 3086 4706 incendia
3116 4660 3327 4708 vestes:

1980 4742 2289 4798 Produntur
2315 4742 2549 4795 ﬂammae
2573 4758 2587 4805 ;
2608 4741 2829 4809 juvenis
2861 4752 3120 4797 censetur
3161 4744 3310 4798 inani

1989 4836 2234 4907 Frugalis
2258 4834 2407 4889 cultu
2438 4833 2615 4888 macie
2634 4833 2921 4888 tabescere
2951 4849 3110 4900 vana,

1988 4929 2207 4999 Accepti
2238 4928 2776 4996 decorisjuvenilem
2807 4928 3039 4999 perdere
3065 4930 3286 4997 florem,

1987 5025 2095 5079 Ceu
2128 5024 2311 5078 tristes
2342 5024 2483 5077 Deus
2512 5023 2772 5094 accipiat,
2807 5025 2980 5080 modo
3006 5025 3207 5097 gaudia
3236 5026 3450 5089 charos,

1986 5119 2325 5175 Temnentes
2350 5116 2544 5170 habeat
2573 5117 2977 5173 delectamenta
3008 5136 3237 5190 perosos

1988 5209 2238 5283 Colligat,
2274 5216 2365 5262 aut
2395 5207 2678 5261 hominum
2708 5208 3041 5263 cruciatibus
3067 5210 3208 5264 altor
3233 5212 3429 5266 alatur.

1990 5300 2333 5373 Ingratisque
2364 5296 2618 5352 tributori
2653 5297 2840 5352 videre
2874 5300 3107 5365 tributa;

1987 5394 2127 5457 Quin
2155 5392 2338 5446 videat
2369 5388 2666 5460 credatque
2698 5389 2805 5443 sibi
2838 5390 3127 5446 solaminis
3158 5408 3279 5447 esse

1988 5482 2309 5536 Concessam
2338 5478 2569 5542 meritis,
2602 5478 2850 5549 requiem
2880 5478 3155 5550 ﬁnemque
3189 5480 3461 5550 laborum,

1988 5573 2208 5627 Laetitiae
2234 5571 2461 5637 sociam,
2483 5570 2761 5642 rebusque
2791 5572 3016 5629 accedat
3035 5573 3271 5643 opimis:

1988 5663 2193 5737 Largiri
2220 5662 2483 5718 Dominus
2514 5677 2676 5733 quam
2716 5669 2770 5717 et
2798 5678 2932 5734 Opes
2974 5673 3029 5719 et
3066 5666 3297 5739 sanguis
3335 5648 3605 5724 adornet:
