3970 6200
177 254 273 311 681

175 374 405 441 Fraude,
436 372 621 429 viros:
651 372 915 428 simulans
943 370 1141 434 socios,
1176 374 1467 424 comuntur
1488 365 1650 421 ovina

176 464 320 519 Pelle
347 462 484 533 lupi,
509 463 790 533 celerique
822 461 948 515 dato
972 458 1261 515 conamine
1293 457 1489 523 fructu,

174 556 272 621 Qui
300 556 522 611 veniant
552 555 822 627 pandunt,
850 554 1107 625 precibus
1137 552 1387 622 votisque
1408 554 1686 604 vacantem

174 648 492 703 Percutiunt
518 647 731 702 Patrem
762 646 993 719 vestigia
1013 644 1137 699 diva
1158 648 1505 714 sequentem.

172 742 238 795 At
268 741 505 812 populus
536 739 759 795 monitis
790 745 1048 805 structus,
1082 735 1374 791 virtutibus
1400 740 1611 797 auctus,

173 830 271 895 Qui
297 847 395 902 per
424 846 552 886 eum
570 830 734 885 caecis
763 828 941 884 visum
964 826 1243 897 larvisque
1265 822 1541 893 repulsam

172 923 392 978 Viderat
424 922 634 987 inferri,
668 922 889 995 stringit
910 921 1183 991 traditque
1215 919 1455 973 latrones

172 1012 390 1068 Latroni
423 1031 435 1067 :
458 1012 703 1085 geritille
730 1028 861 1067 suos
886 1010 1202 1066 sinuamine
1230 1023 1431 1065 mores.

174 1107 346 1179 thue
376 1124 501 1163 reos
532 1108 699 1178 capit,
722 1114 783 1163 ut
812 1114 997 1179 gratos
1029 1105 1256 1160 dimittit
1278 1104 1503 1159 amicos.

169 1197 420 1271 Martyris
448 1214 575 1255 ossa
605 1199 999 1255 monasterium
1036 1196 1185 1268 quod
1214 1197 1365 1265 virgo
1399 1203 1617 1265 pararat

169 1286 305 1341 Filia
319 1288 629 1361 virginibus
657 1288 873 1358 recipit,
896 1302 1007 1359 quo
1038 1285 1262 1341 Claudia
1291 1290 1465 1339 mater

168 1381 512 1453 Pauperibus
540 1383 810 1455 fessisque
839 1383 928 1437 via
954 1383 1043 1453 pia
1071 1382 1289 1437 domata
1314 1378 1525 1445 condit,

169 1475 381 1531 Praedia
422 1476 659 1548 delegat,
685 1476 869 1547 dignis
892 1493 980 1531 res
1011 1475 1205 1530 usibus
1232 1481 1400 1544 aptat.

170 1564 259 1619 llis
292 1565 366 1620 ita
397 1566 705 1637 dispositis,
748 1567 971 1620 Romam
990 1565 1191 1619 natalia
1213 1578 1384 1635 regna

169 1653 300 1708 Cum
333 1656 514 1727 gnatis
542 1656 746 1727 repetit
773 1656 998 1710 robusta
1027 1662 1082 1709 et
1106 1654 1322 1727 virgine
1345 1660 1527 1725 gnata.

168 1746 415 1804 Praefecti
443 1750 661 1822 genitos
687 1750 835 1820 capit
863 1749 1238 1820 applaudente
1267 1754 1492 1801 senatus

172 1839 405 1903 Laetitia,
442 1841 608 1896 claris
627 1850 682 1896 et
708 1842 1013 1897 honoribus
1038 1839 1415 1895 afﬁcitauetos
1450 1856 1464 1903 ;

170 1928 494 1983 Candidulis
518 1945 715 1986 ornare
746 1929 842 1985 Dei
873 1930 962 1985 hie
990 1945 1212 2002 quoque
1241 1927 1471 1982 floribus
1492 1925 1670 1981 aulam

171 2017 427 2090 Undique
450 2018 694 2073 collectis
725 2034 834 2073 non
866 2026 1043 2074 cessat
1064 2017 1217 2092 virgo
1238 2016 1429 2081 virilis,

168 2106 423 2179 Dumque
451 2108 583 2162 serit
609 2108 799 2163 nitidis
829 2107 1123 2163 candentia
1154 2106 1266 2161 lilia
1296 2108 1476 2173 sertis,

169 2200 455 2276 Sanguine
486 2202 655 2275 regali
688 2202 901 2257 accedit
930 2202 1157 2256 Bassilla
1184 2201 1469 2269 renidens,

167 2294 297 2358 Quae
328 2294 533 2349 fructus
568 2311 818 2366 respersa
850 2295 939 2365 pie
953 2294 1247 2369 fragrantis
1273 2295 1443 2350 odore

169 2384 300 2441 Tam
324 2386 500 2442 dulcis
522 2388 643 2442 visu
672 2387 885 2443 decoris
911 2386 1142 2462 flagrare
1166 2388 1327 2442 beato

178 2474 364 2547 Carpit
395 2494 409 2542 ;
442 2483 497 2531 at
526 2476 974 2531 obsistitdiversa
1004 2475 1274 2547 professio
1306 2474 1503 2529 Christi
1533 2492 1547 2541 ;

170 2564 275 2619 Sed
315 2572 470 2635 rogat
496 2564 705 2619 institui
737 2564 886 2619 cultu
914 2573 1022 2619 tam
1043 2579 1209 2619 suave
1241 2562 1485 2619 reﬂantis

172 2656 445 2722 Nectaris,
470 2656 679 2712 allectis
703 2656 1221 2721 intercurrentibus,
1255 2671 1410 2711 orsos

172 2746 420 2801 Mascula
446 2746 630 2821 virgos
663 2746 853 2801 hilaris
892 2754 1141 2802 votorum
1170 2763 1403 2802 munere
1436 2754 1613 2815 notos,

170 2837 385 2894 Affatur
410 2838 662 2903 comites,
695 2838 908 2911 accingi
939 2838 1005 2893 ad
1038 2839 1157 2907 jura
1190 2838 1357 2893 duelli

169 2932 397 2988 Mandat
425 2932 749 3001 honoriferi,
780 2934 1031 2989 condicta
1064 2935 1130 2987 ad
1163 2934 1353 2988 munia
1392 2935 1557 2990 tradit

173 3025 460 3081 Praeclara:
492 3027 609 3081 haec
637 3027 869 3082 Domino
910 3027 1105 3082 dandae
1134 3043 1231 3097 per
1260 3027 1402 3082 dona
1429 3028 1645 3099 puellae.

173 3117 425 3188 Suscipit
456 3117 549 3172 illa
569 3117 718 3172 velut
749 3116 1002 3183 famulos,
1028 3123 1321 3172 veneratur
1347 3125 1404 3172 ut
1422 3117 1514 3172 alti

173 3208 418 3284 Legatos
446 3209 663 3265 Domini
692 3224 815 3263 eum
847 3209 1005 3280 queis
1032 3210 1098 3264 ad
1131 3226 1286 3264 sacra
1315 3210 1557 3279 supremi

172 3300 351 3355 Nocte
382 3299 584 3370 dieque
598 3314 799 3353 vacans
831 3299 1008 3354 cultus
1037 3306 1263 3354 ornatur
1293 3299 1483 3354 herilis

178 3387 527 3444 Culminibus
555 3388 791 3453 decoris,
821 3395 1120 3459 sanctoque
1155 3389 1221 3441 ad
1253 3396 1438 3443 sancta
1466 3394 1659 3444 vocato

182 3478 473 3533 Perficitur
504 3493 644 3549 papa
674 3479 910 3549 divaque
939 3479 1246 3533 renascitur
1284 3479 1433 3532 unda
1466 3496 1479 3545 ;

186 3568 321 3623 Lilia
350 3575 565 3622 secreto
600 3568 712 3636 jam
742 3568 943 3638 sacpius
982 3568 1104 3621 alba
1136 3569 1400 3643 jugantur
1434 3586 1446 3622 :

182 3660 445 3736 Iungitur
475 3654 731 3732 Eugeniae
758 3661 987 3730 pulchro
1010 3660 1232 3715 Bassilla
1263 3662 1485 3728 decore,

182 3752 411 3807 Aiterno
442 3750 624 3821 potius
656 3751 919 3822 splendor
957 3752 1168 3807 radiare
1210 3753 1411 3820 nitore,

184 3841 545 3917 Virgineique
577 3840 729 3895 chori
756 3840 918 3895 celsae
949 3856 1318 3911 approperare
1340 3843 1616 3915 magistrae

182 3934 266 3989 Fit
296 3933 433 3989 clari
462 3940 635 3988 coetus
664 3933 901 3999 decoris,
935 3932 1229 4008 fragrantia
1258 3934 1364 3990 late

185 4023 497 4098 Spargitur,
529 4030 693 4094 atque
715 4022 825 4094 poli
857 4022 1118 4093 praecelsa
1149 4024 1349 4094 palatia
1375 4024 1571 4094 replet,

186 4116 345 4171 Unde
369 4115 581 4169 micans
609 4114 748 4169 lucis
780 4115 939 4169 rutilo
973 4114 1183 4189 fulgore
1210 4124 1481 4182 coruscat,

187 4207 398 4263 Emicat
422 4206 565 4261 alma
604 4207 805 4261 ducum
836 4213 1131 4278 penetrans
1161 4206 1375 4261 interna
1415 4208 1667 4277 duorum,

184 4300 367 4371 Atque
400 4305 639 4353 aeternus
666 4299 844 4355 honos
869 4307 1077 4354 aeterno
1112 4299 1316 4354 lumine
1345 4299 1524 4374 gliscit
1552 4318 1566 4367 ;

181 4386 446 4443 Alterutri
471 4388 690 4443 comitis
723 4388 779 4442 fit
807 4388 1055 4459 proxima
1082 4394 1211 4442 nota
1242 4404 1466 4443 corona.

183 4481 409 4535 Interea
435 4480 695 4551 Eugeniae
721 4480 877 4535 lactis
907 4479 1035 4534 dum
1070 4496 1193 4534 rore
1232 4480 1481 4553 rigantur

184 4570 436 4625 Illustres
460 4570 684 4645 genitae,
716 4570 896 4625 mellis
929 4570 1155 4624 Bassilla
1176 4570 1390 4625 cibatur

182 4658 421 4714 Nectare
452 4658 703 4729 depacto.
730 4659 1039 4714 Produntur
1062 4667 1218 4733 gesta
1248 4661 1423 4715 sodali

180 4747 477 4817 Pompeio,
511 4747 627 4818 qui,
651 4746 887 4802 sollicita
915 4748 1045 4802 dum
1070 4756 1252 4803 mente
1286 4749 1515 4819 requirit

180 4838 429 4913 Virginis
447 4838 770 4910 alloquium,
808 4839 866 4895 fit
895 4840 1148 4896 onustior
1177 4856 1271 4895 ore
1296 4846 1491 4914 negato

185 4933 446 4988 Pondere
478 4932 728 5002 fervoris,
762 4950 1022 5006 caecoque
1047 4934 1366 4990 incenditur
1394 4936 1522 5007 igne
1557 4953 1570 4990 :

182 5024 415 5081 Fatibus
444 5026 674 5081 eximias
702 5033 895 5099 gregat
916 5026 1227 5100 allegatque
1259 5028 1493 5098 puellas,

183 5118 321 5183 Quae
355 5118 516 5172 simul
549 5118 770 5174 ambitae
799 5119 1082 5174 debellent
1111 5125 1332 5190 pectora
1365 5127 1535 5190 pactae
1567 5139 1582 5187 ;

182 5206 310 5272 Illa,
342 5207 491 5261 velut
518 5207 682 5262 turris
713 5208 986 5263 constanti
1025 5208 1219 5264 robore
1246 5215 1381 5275 tuta,

180 5299 417 5371 Spicula
446 5302 616 5356 missa
648 5302 769 5357 terit
800 5304 966 5357 nullis
997 5320 1217 5359 cessura
1249 5305 1522 5374 pharetris
1554 5322 1568 5371 ;

183 5391 334 5457 Quin
370 5392 516 5463 capit
544 5394 793 5461 hostiles,
829 5396 1139 5468 placatque,
1165 5396 1448 5468 adigitque
1480 5406 1747 5452 catervas.

184 5483 349 5549 Quae,
382 5484 546 5539 simul
587 5502 821 5556 aspersae
852 5487 963 5541 divi
994 5488 1287 5542 dulcedine
1320 5488 1478 5557 roris,

184 5574 523 5631 Desciscunt
542 5578 708 5631 armis
735 5590 898 5650 atque
928 5580 1176 5649 improba
1208 5580 1351 5633 bella
1373 5582 1680 5648 remittunt,

186 5663 605 5738 Barbaricoque
636 5666 765 5722 duci
785 5667 992 5724 servire
1018 5667 1087 5721 ad
1116 5666 1306 5724 frivola
1333 5674 1606 5725 temnunt.

536 5827 816 5889 PATROL.
867 5826 1193 5890 CXXXV.

813 248 896 304 DE
936 245 1191 303 CHRISTI
1230 240 1590 300 TRIUMPIIIS
1629 234 1802 293 APUD
1844 231 2109 289 ITALIAM
2147 235 2325 296 LIBRI
2366 239 2498 299 XIV.
2539 272 2609 285 -
2650 243 2777 301 LIB.
2817 244 2877 302 V.

1816 360 1868 429 Α
1896 357 2126 413 Tollitur
2152 360 2205 414 in
2238 362 2388 419 diros
2411 363 2633 433 juvenis
2671 381 2899 422 rancore
2931 365 3167 436 furores,

1898 450 2007 505 Nec
2040 451 2462 529 pigetAugustis
2493 456 2722 512 miseras
2752 458 2965 530 plorare
2996 462 3249 532 querelas
3276 480 3291 530 ;

1898 544 2145 601 Cernitur
2175 556 2267 603 aut
2288 565 2551 620 Sponsum
2583 553 2805 608 tandem
2847 555 3075 611 Bassilla
3103 568 3363 623 resumat,

1895 633 1999 689 Aut
2022 636 2274 711 jugulum
2307 655 2580 710 spernens
2612 642 2793 715 legum
2808 644 3086 715 dependat
3119 646 3316 705 honori
3350 667 3364 717 ;

1896 721 2189 794 Eugeniam
2220 726 2305 781 vel
2337 728 2660 785 numinibus
2686 747 2839 786 sacra
2871 734 3115 804 pandere
3138 736 3330 808 jussis,

1894 812 1987 867 Vel
2017 815 2197 891 subigi
2229 819 2408 888 poenis
2435 828 2487 876 et
2525 824 2695 878 atroci
2724 832 2900 881 morte
2928 827 3132 898 perire.

1964 904 2185 961 Diversa
2214 918 2507 982 assurgunt
2537 921 2826 969 ventorum
2850 915 3072 972 ﬂamina
3106 922 3241 977 turri

1896 990 2137 1049 Robusto
2167 995 2367 1052 innixae
2400 999 2568 1069 lapidi
2600 1015 2615 1068 ;
2650 1002 2876 1057 Bassilla
2915 1007 3122 1063 relictis

1895 1080 2159 1138 Suasibus
2187 1086 2487 1155 appetitur,
2520 1088 2751 1144 diversae
2783 1092 3152 1164 conditiones,

1892 1169 2116 1239 Aitates,
2151 1176 2514 1241 sexus,‘varia
2547 1176 2911 1235 instrumenta
2950 1182 3223 1252 laborum,

1893 1261 2141 1319 Machina
2174 1265 2324 1321 nulla
2354 1268 2535 1336 valet;
2571 1268 2783 1326 Christo
2811 1272 2926 1327 haec
2956 1272 3141 1330 effulta
3166 1278 3373 1336 resistit

1895 1354 2125 1413 Immoto
2150 1360 2362 1414 eunetis
2386 1360 2591 1430 animo,
2626 1381 3003 1441 sponsumque
3036 1388 3139 1426 nec
3168 1388 3300 1428 aure

1893 1448 1955 1503 Ni
1985 1449 2255 1507 Christum
2280 1454 2538 1524 admittit,
2572 1458 2658 1512 cui
2692 1470 2913 1530 pectora
2943 1462 3049 1519 fida
3073 1474 3333 1533 reservat,

1892 1544 1987 1598 Ast
2024 1545 2118 1599 ubi
2150 1553 2227 1601 tot
2250 1548 2454 1603 nimbis
2478 1550 2787 1617 jaculorum
2828 1554 3029 1612 invicta
3058 1559 3340 1628 probatur,

1894 1635 2107 1692 Furtivo
2125 1640 2401 1709 appetitur
2428 1642 2556 1696 dum
2578 1644 2675 1701 lux
2716 1647 2913 1702 natalis
2940 1658 3191 1720 apertum

1811 1729 1865 1798 Β
1887 1724 2134 1781 Decutiat
2155 1726 2381 1797 ferrum,
2414 1729 2581 1803 inque
2600 1733 2900 1791 domestica
2930 1747 3084 1810 septa
3104 1741 3439 1815 triumphum

1892 1816 2035 1872 Ense
2066 1818 2232 1889 capit,
2256 1828 2525 1893 terraeque
2558 1824 2685 1895 polo
2725 1829 3007 1897 permittat
3040 1832 3332 1905 honorem,

1892 1910 2010 2000 Mox
2040 1914 2215 1969 sancti
2241 1916 2469 1972 comites
2491 1919 2671 1991 dignae
2704 1922 2796 1993 pia
2823 1923 2969 1980 dona
2998 1929 3273 2000 magistrae

1893 1998 2214 2072 Captantur,
2246 2006 2486 2061 dominae
2516 2011 3040 2086 vellunturpignere
3070 1998 3261 2074 mactae

1891 2092 1952 2147 Et
1983 2093 2242 2165 despecta
2262 2098 2328 2151 ad
2359 2097 2484 2155 fana
2513 2100 2778 2174 Jovisque
2807 2108 3095 2163 trahuntur
3115 2110 3182 2164 ad
3224 2126 3365 2168 aras.

1893 2180 2027 2272 Iliae
2056 2184 2169 2256 regi
2201 2200 2401 2257 supero
2435 2189 2565 2243 dum
2606 2198 2730 2247 vota
2761 2196 3007 2264 patentia
3028 2197 3213 2272 legant

1892 2267 2117 2326 Labitur
2154 2282 2280 2329 ante
2312 2276 2484 2345 pedes
2513 2286 2667 2335 actus
2691 2282 2891 2339 virtute
2918 2267 3158 2355 superna

1893 2357 1992 2421 Qui
2021 2359 2159 2415 deus
2189 2363 2330 2416 orari
2362 2365 2505 2419 cultu
2530 2370 2823 2425 mandatur
2854 2372 3065 2444 iniquo,

1898 2450 2138 2506 Solvitur
2167 2454 2222 2508 in
2263 2454 2450 2511 cinere
2480 2458 2773 2533 pulvisque
2803 2464 3065 2534 probatur
3092 2465 3295 2525 inanis.

1899 2544 2073 2600 Corde
2105 2548 2208 2601 sub
2238 2550 2476 2609 obscuro
2506 2553 2745 2610 Nicetius
2773 2557 2981 2615 artibus
3012 2561 3157 2616 istud

1898 2636 2133 2709 Deputat
2163 2642 2443 2708 athraciis,
2484 2646 2833 2720 victoresque
2865 2666 2998 2707 ense
3027 2653 3234 2709 recisos

1904 2731 2089 2807 Regna
2121 2734 2523 2807 triumphantes
2553 2739 2621 2795 ab
2662 2758 2838 2816 agone
2865 2745 2930 2799 ad
2961 2746 3153 2802 coelica
3182 2750 3370 2806 mittit.

1972 2824 2103 2879 Tum
2135 2828 2269 2896 petit
2302 2828 2594 2900 Eugeniam
2628 2832 2954 2907 religatque,
2988 2837 3253 2911 efﬂagitat
3279 2848 3427 2898 artes

1905 2913 2240 2971 Christicolae
2273 2918 2471 2989 quibus
2497 2919 2664 2977 innisi
2696 2924 3077 2999 magicamque
3098 2930 3334 2997 revelet;

1907 3006 2002 3060 Illa
2031 3007 2125 3061 Dei
2155 3010 2351 3063 summi
2387 3014 2663 3082 praeconia
2684 3016 2911 3086 mystica
2944 3017 3147 3086 libans,

1835 3080 1886 3151 C
1906 3104 2169 3162 Praedicat
2198 3108 2317 3164 haec
2348 3080 2693 3167 loroastraeis
2726 3080 2939 3185 potiora
2962 3080 3173 3189 figuris.

1899 3199 2064 3265 Queis
2090 3202 2343 3272 stupidus
2372 3215 2726 3279 mentemque
2750 3210 2906 3285 nigra
2947 3213 3181 3288 caligine
3211 3221 3409 3287 tectus,

1902 3288 2051 3344 Hanc
2080 3290 2373 3360 praefectus
2408 3294 2493 3365 agi
2523 3295 2615 3350 dat
2643 3297 2944 3354 Venatricis
2972 3300 3039 3355 ad
3067 3318 3215 3357 aram

1900 3376 2291 3449 Truncarique.
2326 3380 2445 3435 deae
2476 3383 2562 3436 vel
2590 3384 2903 3441 sacriﬁcare
2934 3388 3138 3457 Dianae,

1905 3468 1999 3523 Illa
2030 3486 2221 3540 preces
2248 3471 2387 3526 co2lo
2427 3473 2554 3527 dum
2580 3474 2768 3547 dirigit
2791 3485 2918 3532 ante
2951 3482 3210 3538 sacellum

1906 3560 2127 3615 Delubri
2158 3562 2341 3616 tremit
2370 3562 2478 3617 ima
2510 3564 2733 3621 vibrans
2776 3568 3095 3627 fundamina
3125 3575 3307 3631 tellus.

1908 3652 2019 3707 Nec
2047 3653 2253 3723 gentile
2282 3669 2497 3708 sacrum
2528 3659 2859 3713 venerandae
2891 3662 2959 3714 ad
2989 3664 3154 3719 verba
3194 3668 3391 3737 puellae

1908 3744 2059 3832 Stare
2092 3744 2296 3809 valens,
2328 3744 2625 3815 splendore
2659 3748 3140 3810 velutdissolvitur
3166 3760 3380 3832 umbra,

1912 3828 2305 3904 Cyclopeaeque
2338 3841 2501 3888 ruunt
2526 3834 2746 3891 fabrica:
2778 3840 2932 3909 quasi
2947 3841 3062 3896 sole
3091 3842 3305 3903 favillae.

1909 3924 2184 3980 Acclamat
2213 3926 2447 3997 populus
2476 3935 2718 3983 sanctam
2752 3946 2766 3996 ;
2800 3947 2926 4001 pars
2956 3936 3192 4007 nequior
3220 3949 3391 3999 atram

1903 4013 2153 4073 Infremit
2182 4031 2306 4071 esse
2340 4033 2550 4091 magam
2584 4035 2597 4072 :
2632 4034 2761 4074 saxo
2783 4020 2863 4075 sic
2892 4023 3030 4077 colla
3051 4024 3280 4093 jubetur

1904 4109 2097 4165 Pressa
2127 4111 2242 4165 dari
2275 4111 2463 4167 ﬂuvio.
2494 4114 2599 4168 Sed
2624 4130 2732 4169 non
2767 4114 3084 4190 immergier
3114 4124 3279 4180 undis

1905 4201 2276 4274 Terrestrique
2307 4203 2447 4258 valet
2465 4204 2704 4261 coelestis
2725 4207 2971 4277 pondere
3006 4212 3169 4266 subdi
3199 4232 3211 4268 :

1909 4291 2146 4347 Solvitur
2171 4300 2224 4347 at
2255 4308 2457 4363 supera
2484 4310 2787 4366 saxumque
2818 4297 3071 4353 avellitur
3099 4301 3205 4357 alta

1910 4380 1969 4434 Vi
1999 4380 2293 4435 Salvatoris
2322 4400 2337 4435 :
2373 4382 2578 4454 regitur
2606 4385 2872 4439 secretius
2901 4393 3064 4459 atque

1915 4472 2141 4547 Navigio
2174 4473 2363 4527 victrix
2389 4474 2569 4548 agitur
2595 4491 2761 4546 super
2786 4493 3010 4548 aequora
3039 4481 3164 4539 divo
3200 4502 3213 4551 ;

1917 4563 2159 4636 Quaeque
2190 4581 2383 4620 manus
2414 4566 2634 4621 Petrum
2666 4569 2944 4639 quondam
2998 4588 3099 4644 per
3137 4578 3343 4634 caerula
3371 4585 3527 4653 rexit,

1916 4654 2216 4731 Eugeniam
2248 4656 2440 4727 rapido
2473 4658 2643 4713 latent
2672 4674 2743 4713 ne
2773 4660 2990 4734 gurgite
3020 4664 3186 4719 vexit.

1917 4746 2199 4802 Clauditur
2223 4748 2410 4821 ignitis
2438 4750 2591 4823 virgo
2620 4750 2978 4807 invictissima
2996 4754 3224 4812 thermis
3251 4776 3265 4826 ;

1913 4836 2019 4892 Sed
2053 4835 2273 4911 fugiunt
2302 4837 2557 4905 flammae,
2591 4846 2820 4895 cunctus
2846 4841 3163 4919 dejungitur
3188 4848 3388 4917 ardor;

1914 4925 2274 4997 Admissaque
2292 4928 2467 5002 magis
2495 4927 2749 4985 fornaces
2776 4930 2988 5006 virgine
3010 4932 3214 5009 frigent

1916 5018 2083 5083 Quam
2113 5018 2333 5074 nivibus
2362 5019 2515 5090 lapso
2544 5022 2741 5077 arctois
2768 5022 2814 5076 si
2839 5023 3069 5081 flumine
3092 5043 3315 5099 pressae.

1920 5114 2142 5188 Ignibus
2174 5115 2481 5188 absumptis
2510 5117 2912 5190 debellatisque
2935 5121 3188 5192 caminis,

1919 5205 2134 5278 Accipit
2161 5206 2421 5262 immunis
2450 5209 2743 5264 tenebrosa
2764 5212 3039 5283 ergastula
3066 5213 3279 5272 victrix.

1922 5303 2151 5359 Lumine
2192 5300 2433 5356 discluso
2464 5302 2651 5357 multis
2680 5319 2914 5377 escaque
2942 5306 3140 5363 diebus
3173 5327 3186 5363 :

1922 5398 1985 5450 At
2016 5402 2228 5466 pactam
2268 5394 2486 5451 interno
2516 5396 2753 5467 ccelique
2778 5397 2959 5453 nitore
2985 5399 3279 5457 micantem

1927 5484 2076 5539 Haud
2108 5485 2238 5539 sinit
2261 5484 2502 5539 externis
2529 5500 2769 5555 sponsus
2798 5488 3010 5544 latitare
3043 5490 3309 5557 tenebris,

1925 5577 2171 5632 Luminis
2200 5578 2401 5633 emisso
2446 5578 2699 5635 refovens
2724 5580 2964 5637 caelestis
2983 5598 3202 5639 amoeno
3240 5602 3254 5653 ;

1927 5669 2192 5741 Huncque
2222 5670 2367 5727 diem
2393 5678 2594 5744 praeter
2622 5671 2713 5729 lux
2744 5673 2914 5732 altera
2945 5673 3181 5734 mittitur
3209 5677 3383 5749 orbis,

3144 5838 3228 5906 22
