3970 6200
442 233 547 289 683
1203 230 1569 286 FLODOARDI
1611 232 1918 289 CANONICI
1959 234 2292 290 REMENSIS
2331 236 2666 292 OPUSCULA
2705 237 3016 294 METRICA.
3688 247 3797 302 684

443 361 632 416 Visitat
669 365 724 415 et
762 358 924 414 ﬁdam
956 359 1201 414 Christus
1228 359 1434 414 solatur
1453 360 1704 427 amicam,
2087 372 2132 434 Α
2163 364 2488 436 Imperitans
2509 365 2749 437 gaudere
2775 367 2936 421 simul
2966 367 3259 439 proditque
3288 377 3568 441 receptam

439 456 810 524 Aithereoque
838 453 1256 508 cibatdilectam
1300 470 1440 524 pane
1471 454 1755 522 clientem,
2161 455 2319 511 Lucis
2344 473 2402 510 se
2434 457 2706 524 thalamis,
2739 466 3053 513 sanctorum
3076 466 3231 530 patre
3255 469 3481 516 senatus

442 546 670 615 Quoque
700 543 804 598 sibi
836 542 1010 597 societ
1039 542 1274 597 thalamo
1295 559 1462 612 super
1491 552 1634 599 astra
1661 545 1866 601 revelat
2161 545 2398 599 Sedibus
2429 545 2690 615 applicito
2717 545 2936 616 superis
2963 547 3219 618 apicique
3243 551 3474 616 perenni
3514 567 3530 615 ;

442 641 788 712 lnstituitque
828 640 972 695 diem
999 655 1108 710 qua
1138 639 1299 693 terris
1334 639 1516 694 editus
1548 641 1676 696 olim
1741 651 1748 656 ·
2159 636 2575 709 Designansque
2605 637 2752 692 diem
2775 654 2883 708 qua
2913 637 2984 692 sit
3011 639 3249 708 potitura
3279 641 3531 711 polorum

439 731 658 805 Virgine
688 730 938 804 virginea
961 729 1112 784 venit
1141 729 1381 804 gaudere
1412 732 1625 786 marita.
2159 723 2297 778 Pace
2329 725 2439 795 pia,
2474 725 2696 780 mandat
2727 725 2896 780 decus
2921 741 3202 782 asservare
3232 743 3531 799 supernum

443 821 662 875 Fatibus
688 818 930 873 immotis
952 825 1057 873 stat
1085 819 1409 888 pollicitatio
1437 819 1586 893 regis
1614 837 1628 886 ;
2160 813 2466 868 A-lmoneat
2494 813 2688 869 fratres
2717 830 2858 887 quos
2885 817 3060 886 possit
3083 816 3290 871 habere
3311 818 3552 874 sodales.

443 913 781 982 Decretaque
808 910 900 966 die
920 911 1076 982 jusso
1105 925 1370 965 mucrone
1391 910 1612 965 satelles
2164 906 2273 960 Lux
2305 905 2550 961 moni‘us
2574 907 2832 962 comitata
2856 908 3021 963 micat
3049 909 3352 980 splendore
3382 910 3625 966 caducos

442 1005 707 1061 Horridus
735 1012 1087 1075 apprOperat,
1123 1001 1377 1075 ferroque
1404 1005 1471 1058 ad
1506 1021 1673 1078 regna
1715 1005 1915 1076 puellae
2165 999 2509 1070 Exsuperans
2536 1001 2821 1074 nimioque
2861 1003 3133 1057 hebetans
3163 1004 3469 1060 vibramine
3499 1005 3678 1060 visus.

439 1104 634 1158 Pandit
662 1104 765 1157 iter
798 1117 812 1168 ;
844 1101 1044 1156 cmlum
1078 1100 1169 1155 illa
1201 1101 1336 1170 petit
1363 1101 1732 1175 gaudentibus
1757 1102 1894 1157 aula:

2165 1088 2434 1145 Caelicolae
2463 1107 2583 1146 cum
2609 1092 2730 1146 luce
2763 1092 2872 1148 Deo
2902 1095 3280 1148 modulamina
3317 1093 3463 1149 ferre

439 1195 737 1266 Spiritibus
754 1209 988 1264 superae,
1024 1208 1132 1264 qua
1161 1193 1328 1247 missa
1354 1193 1446 1248 die
1477 1209 1632 1247 mera
1665 1201 1821 1248 terra;
2165 1181 2400 1236 Vocibus
2431 1182 2599 1237 auditi
2623 1184 2856 1250 melicis,
2887 1201 2993 1241 nec
3021 1186 3090 1240 ab
3123 1202 3220 1241 ore
3251 1188 3495 1243 ferendis

441 1285 550 1338 Lux
582 1292 736 1338 onus
753 1281 1048 1353 splendore
1078 1281 1162 1335 sui
1196 1281 1560 1351 psalleniibus
1609 1282 1794 1336 mthrg}
2163 1269 2397 1338 Hortali,
2432 1270 2674 1326 Christus
2701 1278 3023 1344 tantumque
3049 1280 3103 1328 et
3125 1273 3363 1344 Spiritus
3390 1274 3570 1329 almus

441 1376 766 1450 Agminibus
783 1391 1015 1428 summa;
1049 1373 1286 1445 divoque
1320 1374 1558 1445 aspersit
1585 1375 1816 1430 honore_
2163 1362 2456 1432 Accipilur.
2491 1363 2761 1438 Regressa
2785 1365 3009 1420 domum
3043 1367 3138 1420 dat
3159 1365 3384 1422 Claudia
3410 1370 3595 1441 gnatis

439 1473 676 1546 Virginis
708 1471 915 1546 egregii
951 1471 1161 1525 thecam
1198 1485 1431 1540 rapuere
1453 1470 1775 1542 propinqui,
2162 1455 2420 1510 Sollicitas
2450 1456 2676 1512 fratrum
2711 1459 2958 1514 caelestia
2978 1460 3134 1529 jussa
3163 1462 3393 1528 sororis,

440 1563 549 1616 Nec
577 1560 767 1631 procul
795 1559 929 1614 urbe
959 1559 1046 1614 via
1076 1558 1298 1630 proprie
1323 1574 1558 1630 posuere
1591 1559 1779 1614 Latina
2161 1548 2336 1619 Atque
2363 1549 2452 1603 die
2473 1556 2692 1605 ostensa
2723 1552 2866 1606 εωιο
2895 1551 3127 1607 fruitura
3158 1555 3386 1612 recedit.

439 1655 653 1725 Cespite
684 1659 998 1708 sanctorum
1030 1651 1216 1706 multis
1244 1666 1353 1722 quo
1386 1652 1544 1706 busta
1577 1658 1814 1722 pararat.
2162 1640 2331 1704 Quam
2359 1640 2564 1713 genita?
2603 1642 2775 1714 geniti
2807 1643 3104 1708 associant.
3138 1644 3318 1718 legata
3349 1645 3544 1702 fideles

441 1749 603 1818 Cujus
641 1747 708 1802 ad
741 1745 1032 1817 exsequias
1062 1745 1212 1818 luget
1237 1743 1367 1798 dum
1396 1743 1622 1799 Claudia
1651 1753 1844 1813 mater,

2085 1778 2134 1845 Β
2160 1729 2317 1784 Jussa
2343 1731 2533 1786 colunt
2559 1732 2826 1807 dignique
2855 1735 3107 1806 polorum
3136 1753 3366 1792 munere
3389 1739 3617 1806 vivunt;

2163 1820 2440 1845 l..-_-_-_-
2482 1831 2728 1845 ---..-..ι-..
2764 1826 3040 1845 ,-..--εμ,ᾉ-
3089 1827 3200 1845 J-n-
3246 1826 3295 1845 nn
3352 1829 3362 1838 -
3402 1838 3411 1845 .

439 1839 608 1892 Gnata
647 1837 753 1908 piis
778 1835 1032 1891 comitata
1053 1834 1235 1888 choris
1262 1833 1532 1888 solamina
1563 1832 1740 1889 defert
1764 1853 1779 1901 ;

2087 1820 2134 1845 "
2162 1820 2445 1894 Lucraque
2475 1831 2731 1880 curantes
2759 1826 3047 1897 acquirere
3079 1827 3212 1882 ditia
3243 1826 3475 1897 Christo,

437 1928 698 1983 Vestibus
731 1935 786 1982 et
823 1926 986 1981 rutilo
1017 1925 1232 1979 auratis.
1251 1941 1374 1996 quae
1407 1933 1624 1996 compta
1652 1925 1832 1980 nitore
2159 1910 2365 1966 Damna
2392 1919 2585 1984 Parant
2624 1913 2824 1981 ErebO.
2855 1917 3186 1972 densissima
3217 1917 3407 1975 fenora
3436 1921 3582 1976 «celo

441 2025 706 2081 Laetitiam
736 2021 895 2078 matri
919 2036 1289 2093 mansuraque
1319 2019 1521 2096 gaudia
1548 2027 1728 2092 portat
1756 2038 1770 2088 ;

1939 2121 2148 2180 CAPUT
2189 2124 2279 2179 Ill.

1595 2252 1673 2312 De
1699 2255 1925 2312 sanctis
1957 2251 2196 2328 Ru/ﬁna
2236 2263 2287 2312 et
2325 2253 2622 2316 Secunda.

443 2422 714 2480 Rufﬁnam
744 2421 846 2478 hoc
874 2420 1024 2476 bello
1056 2419 1305 2490 capimus
1333 2418 1971 2490 pariterqueSecundam
2164 2418 2433 2482 Quaesitor
2463 2439 2475 2475 :
2513 2443 2537 2474 α
2572 2423 2735 2479 Pares
2755 2424 3000 2483 insanior
3030 2444 3156 2485 esse
3184 2446 3398 2487 sorore.
3433 2454 3459 2484 ιο

440 2517 629 2590 Regna
655 2515 944 2571 hominum
973 2513 1170 2568 vicisse
1201 2512 1278 2584 pii
1299 2511 1513 2586 fulgore
1536 2511 1821 2581 triumphi,
2164 2510 2261 2565 llla
2295 2529 2308 2566 :
2347 2533 2369 2563 α
2401 2514 2510 2570 Nec
2539 2516 2734 2571 insana
2753 2524 2838 2572 est
2866 2533 3044 2586 soror,
3070 2521 3496 2580 haudinsanior
3522 2526 3672 2597 ipsa;

438 2609 752 2677 Desponsos
784 2621 1014 2677 quarum
1045 2605 1238 2659 cuneis
1261 2603 1571 2657 desciscere
1602 2600 1800 2656 Christi
2165 2601 2356 2658 Christi
2389 2607 2488 2660 sed
2518 2607 2666 2662 cultu
2682 2608 2899 2663 Domini
2931 2613 3314 2668 connectimur
3339 2616 3519 2671 ambae
3550 2635 3565 2683 ;

439 2695 682 2749 Pessima
710 2694 812 2748 sub
843 2692 1029 2747 dubiis
1048 2692 1308 2746 monitrix
1334 2690 1570 2746 formido
1605 2690 1809 2763 coegit.
2162 2691 2430 2766 Congruit
2457 2701 2512 2749 et
2542 2696 2747 2766 pariter
2769 2698 2913 2753 caedi
2944 2716 3082 2771 quas
3112 2702 3428 2776 culpaligat
3456 2722 3551 2776 par

443 2785 817 2840 Hincinfensze
847 2784 1046 2839 animis
1078 2790 1360 2854 pactorum
1390 2781 1601 2837 foedera
1629 2787 1882 2836 temnunt
2161 2782 2277 2847 Quo
2302 2784 2471 2839 simul
2501 2801 2762 2842 ornemur
2787 2787 2982 2844 Christi
3019 2798 3077 2845 ut
3097 2792 3260 2848 simul
3287 2794 3432 2849 alma
3461 2796 3710 2852 fatemur.
3735 2818 3761 2847 ι

441 2880 809 2951 Degenerum,
841 2885 1141 2946 turpesque
1173 2874 1364 2946 legunt
1392 2873 1561 2928 vitare
1601 2872 1841 2929 sodales.
2159 2873 2359 2944 Sicque
2391 2873 2556 2930 fidem
2589 2887 2843 2949 prompta
2873 2895 3132 2952 superam
3157 2883 3286 2937 dum
3314 2883 3478 2940 laude
3505 2893 3776 2952 retexunt,

439 2972 766 3028 Praediolum
787 2985 1058 3046 aggressa:
1086 2969 1196 3024 voti
1211 2969 1428 3037 solatia,
1460 2985 1714 3042 magnam
2158 2967 2343 3024 Tradit
2365 2986 2460 3025 eas
2488 2972 2735 3028 tenebris
2761 2973 3084 3048 fumumque
3106 2976 3411 3051 ﬁmumque
3432 2981 3712 3037 ministrat

438 3063 687 3120 Nobilius
719 3065 890 3118 multo
922 3063 1228 3117 decernunt
1266 3062 1523 3134 linquere
1557 3062 1803 3117 Romam.
2162 3062 2449 3133 Improbus
2477 3076 2699 3122 exactor
2733 3085 2746 3121 :
2779 3069 2876 3123 sed
2907 3079 3152 3126 aromata
3177 3079 3422 3129 stercore
3445 3084 3680 3150 surgunt

439 3155 827 3227 Sublimesque
859 3153 1084 3208 humilis
1109 3154 1212 3208 sub
1240 3153 1422 3209 culmo
1450 3154 1655 3228 degere
1687 3153 1815 3209 tecti
2083 3183 2133 3252 Ο
2160 3152 2522 3227 Νθοιετώίῃιθ
2553 3156 2709 3213 locus
2733 3157 2863 3214 ﬂatu
2886 3162 3132 3232 repletur
3161 3162 3349 3219 odoris
3377 3183 3392 3230 ;

439 3250 637 3302 Aurato
668 3262 859 3300 mersas
882 3261 1046 3317 quam
1077 3244 1325 3300 culmine
1354 3245 1408 3299 in
1435 3245 1571 3299 urbe
1601 3260 1844 3300 manere.
2092 3244 2132 3252 '
2166 3245 2409 3301 Vincitur
2436 3248 2728 3304 obscurum
2756 3252 2934 3307 rutilae
2955 3253 3264 3310 vibramine
3285 3255 3445 3310 lucis.

441 3335 735 3406 Explorant
767 3340 1131 3408 reteguntque
1159 3332 1342 3406 fugam
1375 3333 1563 3388 comiti
1599 3332 1898 3388 Archisilao
2162 3338 2296 3392 Tum
2319 3339 2489 3407 jussaa
2514 3340 2646 3397 inde
2677 3343 2794 3414 rapi
2820 3344 3161 3417 thermisque
3181 3347 3504 3403 ardentibus
3525 3350 3641 3405 indi

441 3428 624 3482 Eversi
655 3435 709 3483 et
738 3443 956 3482 causam
987 3426 1144 3494 socii,
1186 3427 1280 3498 qui
1311 3441 1463 3482 more
1493 3427 1778 3482 columbas
2163 3430 2297 3485 Dum
2329 3432 2489 3487 simul
2507 3441 2716 3490 enectae
2749 3436 2854 3492 hoc
2882 3437 3037 3492 missi
3069 3437 3284 3494 fervore
3316 3449 3578 3511 putantur

442 3519 732 3590 Accipitris
759 3519 1030 3591 sequitur,
1059 3519 1455 3591 volucrumque
1501 3519 1764 3574 advectus
1792 3533 2059 3590 equorum
2163 3525 2402 3598 Corpora
2431 3527 2526 3599 qui
2550 3528 2764 3596 tollant,
2795 3531 2896 3585 sed
2923 3547 3114 3604 pressa
3148 3532 3405 3588 incendia
3436 3545 3671 3592 cernunt

442 3608 714 3679 Praecipiti
741 3608 961 3697 prendit
977 3607 1260 3697 fugientes
1297 3608 1517 3681 agmine
1547 3608 1736 3697 nidum
1755 3625 1786 3697 Ξ
2165 3617 2296 3689 lgne
2326 3617 2421 3673 Dei
2447 3617 2766 3692 blandoque
2793 3621 3002 3677 alacres
3030 3623 3218 3697 algore
3243 3640 3480 3682 sorores.

441 3698 584 3762 Quas
613 3712 876 3752 revocans
901 3695 1064 3752 Urbis
1083 3695 1342 3790 praefecto
1369 3713 1434 3751 ac
1462 3696 1678 3790 legibus
1706 3694 1866 3752 offert
2163 3705 2432 3778 Adstupet
2461 3708 2546 3763 his
2567 3709 2736 3779 judex
2767 3694 3132 3784 victricesqu'e
3163 3730 3326 3770 amne
3347 3717 3616 3790 tegendas

441 3791 676 3856 Donato,
707 3788 920 3844 clausas
949 3788 1170 3861 gemino
1211 3788 1307 3859 qui
1339 3785 1748 3858 separatantro,

2163 3796 2304 3850 Dece
2317 3797 2430 3851 rnit
2466 3796 2685 3869 Tyberi,
2708 3815 2838 3856 saxo
2861 3817 2984 3872 quas
3023 3802 3163 3858 colla
3193 3785 3509 3879 gravantur.

444 3879 616 3935 Corde
642 3879 987 3934 cohaerentes
1017 3893 1129 3933 uno
1159 3877 1309 3950 quod
1332 3877 1638 3933 dissociare
2169 3883 2762 3962 Fluctibusabduntur
2793 3906 2808 3955 ;
2837 3889 2922 3944 vix
2955 3877 3277 3966 transegere
3303 3893 3407 3948 sub
3427 3895 3594 3950 undis

441 3977 564 4027 Arte
593 3972 736 4026 valet
763 3969 934 4025 nulla.
964 3970 1088 4024 Post
1117 3970 1234 4025 haec
1263 3970 1394 4025 dum
1417 3971 1574 4026 tertia
1602 3970 1784 4026 reddit
2170 3975 2324 4032 Horae
2346 3978 2638 4034 dimidium
2669 3989 2724 4035 et
2752 3979 3112 4038 referuntsua
3130 3986 3378 4056 pondera
3397 3986 3551 4042 laetas

444 4065 554 4120 Lux
585 4066 861 4120 elementa
881 4078 1132 4134 cperum,
1154 4069 1356 4134 praesto
1387 4062 1495 4116 sibi
1528 4063 1751 4118 mandat
1777 4062 1988 4131 haberi,
2168 4067 2411 4138 Quaeque
2431 4068 2608 4124 ierant
2639 4069 2804 4125 nudae
2837 4077 3157 4146 tegumento
3187 4075 3360 4130 vestis
3389 4076 3444 4130 in
3472 4076 3652 4132 undas

443 4160 844 4232 Excipiensque
875 4158 1029 4230 prius
1055 4159 1432 4230 penetralibus
1459 4159 1671 4229 appetit
1709 4159 1851 4214 orsis
2164 4155 2415 4212 Vestibus
2444 4164 2649 4213 ornatae
2681 4168 2973 4234 emergunt
3001 4162 3343 4220 immunibus
3381 4181 3565 4233 amne,

441 4252 712 4307 Ruftinam
748 4270 810 4307 :«
844 4251 1145 4318 lllecebris,
1175 4260 1306 4306 natu
1329 4267 1453 4307 cum
1486 4249 1710 4319 nobilis,
1736 4251 1935 4322 inquit,
2163 4242 2434 4300 Christum
2468 4246 2757 4302 laudantes
2789 4247 3107 4322 clarumque
3145 4252 3394 4308 celeuma
3423 4263 3712 4312 canentes.

441 4345 684 4412 Enileas,
715 4361 813 4400 cur
837 4344 1065 4399 serviles
1093 4351 1303 4400 sectare
1333 4342 1572 4408 labores,
2164 4337 2425 4412 Cognitor
2450 4339 2534 4393 his
2563 4340 2796 4410 pavidus
2826 4343 3013 4397 comiti
3043 4343 3253 4414 pietate
3281 4345 3484 4402 fatetur

442 4437 686 4493 Nexibus
714 4445 772 4493 ιιι
798 4437 958 4493 malis
985 4439 1244 4513 gravibus
1272 4437 1487 4508 captiva
1511 4436 1708 4492 sedere
2165 4427 2362 4481 Harum
2394 4443 2452 4482 se
2481 4429 2684 4484 victum
2717 4431 2932 4505 magica
2969 4447 3070 4488 seu
3101 4432 3297 4490 fraude
3327 4436 3613 4494 subactum

443 4527 639 4582 Libera
665 4544 829 4599 quam
853 4535 1007 4603 grato
1036 4525 1240 4583 ﬂorens
1271 4527 1512 4598 gaudere
1544 4527 1741 4582 marito
1767 4526 1795 4580 τ
1820 4549 1843 4577 ι
2089 4573 2141 4603 n
2169 4515 2368 4572 Reddit
2393 4526 2448 4572 et
2468 4517 2716 4574 addictas
2739 4520 2860 4590 ipso
2888 4521 2976 4575 vel
3000 4522 3190 4590 judice
3217 4523 3483 4580 muletam

443 4573 639 4582 κων...
708 4573 829 4582 .._.--
893 4573 1004 4582 ,κη
1037 4573 1239 4583 --νην
1271 4573 1504 4598 νην.-
1544 4573 1738 4582 ......-.-
1775 4573 1785 4580 .
1821 4573 1841 4577 η
2666 4573 2669 4574 ν
2700 4573 2707 4574 κ
2742 4573 2776 4590 κ,
2814 4573 2850 4576 ν-
3000 4573 3186 4590 μὴ---
3220 4573 3462 4580 ---_-_-_--

440 4615 642 4671 Reddit
667 4573 824 4691 ‘virgo
914 4634 940 4667 α
974 4615 1090 4671 Duo
1121 4631 1345 4687 prorsus
1375 4616 1612 4671 hortaris
1635 4616 1865 4688 inepta;
2087 4573 2142 4640 D
2169 4606 2455 4678 Accipiant
2479 4623 2708 4663 censore
2739 4624 2854 4664 suae
2887 4609 2972 4664 vel
3000 4609 3199 4667 vadere
3229 4614 3462 4682 possint.

439 4706 784 4762 Omnimodis
814 4705 1047 4760 dubium
1065 4705 1310 4760 incertus
1332 4706 1604 4777 promittis
1629 4714 1684 4761 et
1710 4722 1914 4774 unum;

1751 4722 1914 4774 num;
2160 4695 2503 4752 Archesilaus
2533 4713 2626 4753 eas
2653 4697 2729 4752 nil
2756 4699 3040 4754 emollitus
3065 4701 3134 4756 ad
3173 4709 3319 4771 acta,

439 4798 606 4854 Sacra
635 4797 790 4853 litare
811 4797 978 4866 jubes
1009 4812 1173 4868 pinna
1201 4797 1361 4868 queis
1391 4803 1620 4868 perpete
1650 4798 1877 4868 plectar.
2159 4792 2369 4848 Abduci
2390 4808 2699 4861 nemorum,
2727 4795 3061 4866 mandatque
3092 4794 3149 4849 in
3181 4795 3350 4853 lustra
3381 4807 3661 4870 perempta

440 4887 677 4943 Perdere
703 4902 890 4942 amore
908 4886 1011 4941 viri
1046 4886 1144 4940 das
1169 4885 1503 4958 virginitatis
1528 4887 1818 4953 honorem,
2159 4884 2362 4940 Pabula
2389 4884 2656 4940 silvicolis
2687 4885 2830 4941 mitti
2860 4885 3202 4959 alitibusque
3231 4887 3494 4962 ferisque.

433 4980 676 5052 Tamque
705 4979 936 5035 adversa
963 4977 1122 5050 sequi
1155 4977 1410 5033 durantia
1438 4978 1642 5053 gaudia
1674 4978 1871 5046 nectis,
2156 4977 2337 5033 Gratia
2360 4979 2457 5033 sed
2491 4978 2706 5035 Domini
2733 4994 2904 5034 caesas
2931 4995 3034 5036 nec
3057 4979 3116 5035 in
3142 4980 3334 5037 abdita
3363 4982 3565 5055 linquit

437 5073 511 5128 De
543 5078 652 5127 tete
688 5072 950 5144 ignorans
969 5086 1040 5125 an
1069 5069 1308 5126 crastina
1336 5075 1588 5142 tempora
1614 5085 1825 5126 cernas.
1862 5090 1887 5122 π
2155 5070 2462 5126 Plautillam
2492 5071 2818 5143 accipimus,
2849 5073 3007 5142 cujus
3029 5073 3148 5130 haec
3176 5091 3304 5130 rure
3328 5082 3561 5146 patrata,

439 5165 533 5220 His
561 5183 727 5238 super
746 5167 890 5222 hanc
920 5180 1126 5236 prmses
1153 5163 1294 5220 caedi
1319 5164 1676 5236 admittique.
1713 5163 2021 5220 Secundam
2163 5159 2466 5216 Matronum
2495 5160 2626 5216 visae
2653 5162 2743 5216 cui
2772 5170 2902 5218 sunt
2928 5163 3174 5219 residere
3203 5172 3394 5236 parato

438 5255 711 5327 Praecipit,
747 5257 844 5311 llla
877 5256 1072 5312 videns
1099 5254 1288 5328 ﬂagris
1325 5255 1592 5312 recubare
1620 5269 1866 5310 sororem
1901 5272 1915 5309 :
2162 5248 2459 5305 Gemmatae
2487 5249 2544 5304 in
2566 5250 2828 5318 thalamo,
2848 5259 2904 5306 et
2941 5251 3053 5306 sibi
3083 5252 3213 5307 talia
3236 5253 3393 5322 jussa
3407 5253 3650 5310 ferentes
3669 5274 3686 5309 ε

443 5364 463 5392 α
491 5344 646 5408 Quod
669 5343 823 5412 facis,
866 5345 1161 5408 exclamat,
1195 5344 1368 5399 divini
1393 5344 1637 5399 numinis
1665 5359 1816 5412 osor,
2161 5359 2191 5388 ι)
2225 5339 2422 5395 Desine
2453 5340 2694 5412 ﬂagitiis,
2723 5357 2902 5409 cessa,
2929 5341 3204 5409 Plautilla,
3235 5345 3487 5400 scelestis
3515 5363 3530 5411 ;

438 5430 592 5494 Quod
640 5433 796 5500 facis,
821 5448 854 5489 o
886 5433 1121 5489 trucium
1154 5433 1444 5501 scelerate,
1492 5433 1626 5506 quid
1663 5441 1750 5489 est
1779 5434 1927 5506 quod
1959 5433 2059 5489 ho-
2163 5429 2409 5486 Cultibus
2431 5431 2586 5487 idolii
2609 5431 2828 5505 iamque
2862 5433 3032 5504 impia
3059 5434 3248 5490 vivere
3274 5435 3468 5508 linque
3499 5455 3513 5491 :

1765 5525 1990 5596 [norans
2163 5519 2222 5575 Et
2255 5520 2489 5575 credens
2520 5519 2731 5577 Christo
2751 5521 3029 5593 propriam
3063 5538 3179 5577 rem
3206 5524 3385 5580 visere
3420 5541 3609 5601 perge.

444 5603 629 5670 Invide
658 5631 1003 5687 germanam,
1019 5629 1110 5670 me
1132 5612 1418 5688 indignam
1438 5615 1546 5672 hoc
1559 5614 1802 5672 culmine
1823 5615 1982 5671 ducis
1995 5613 2058 5669 Ῥω
2160 5616 2509 5688 Corporaque
2531 5615 2824 5673 inveniens
2847 5613 3044 5672 loculis
3073 5616 3148 5672 ibi
3179 5618 3408 5676 condito
3430 5628 3633 5677 nostra.
3659 5641 3686 5670 ιι
