3970 6200
263 319 372 376 685
893 311 973 365 DE
1016 309 1274 365 CHRISTI
1315 306 1675 362 TRIUMPHIS
1718 304 1888 358 APUD
1931 302 2193 356 ITALIAM
2236 302 2409 357 LIBRI
2451 304 2579 358 XIV.
2622 336 2687 345 —
2731 304 2853 361 LIB.
2898 304 2957 359 V.
3492 299 3596 361 686

266 444 575 515 Exsurgens
604 437 806 492 mulier
833 436 1073 490 monitus
1103 433 1322 503 explere
1354 432 1713 502 prOpinquat;
1927 448 1945 492 χ
1988 426 2095 480 Hoc
2119 435 2381 497 superant
2415 428 2655 483 Basileus
2694 430 3005 500 pariterque
3035 429 3264 484 Jovinus
3296 430 3350 483 in
3382 438 3524 485 astra

266 531 327 584 Et
357 530 481 583 data
513 526 836 598 repperiens
865 523 970 578 sibi
994 537 1241 587 munera,
1265 521 1457 584 credit,
1491 520 1698 579 adorat,
1981 516 2156 568 Aurea
2186 532 2355 588 regna
2385 518 2471 572 via
2500 518 2623 572 caesi
2653 518 2860 589 petiere
2888 518 3095 582 Latina,

265 619 440 688 Inque
465 618 559 672 Dei
592 616 785 670 Iaudes
814 612 1131 669 veneranda
1160 612 1413 681 sepulcra
1445 618 1724 680 perornat,
1986 608 2251 664 Lavicana
2281 613 2423 683 parit
2449 613 2577 669 dum
2601 612 3001 685 quinquaginta
3038 613 3396 685 triumphum.

267 710 378 764 IIoc
408 710 595 780 plures
623 715 758 763 aestu
786 706 987 778 passim
1020 702 1265 759 ecelestia
1290 702 1586 766 scandunt;

1746 840 1956 896 CAPUT
1999 843 2080 897 IV.

1342 969 1417 1026 De
1444 976 1649 1027 sancto
1678 966 1849 1026 Sixto
1882 985 2041 1043 papa
2070 976 2122 1026 et
2160 969 2499 1030 Laurentio.

264 1143 512 1215 Regmen
539 1136 829 1209 apostolici
863 1134 1069 1189 mundo
1101 1133 1413 1189 venerabile
1440 1132 1580 1200 juris
1987 1132 2241 1203 Deputat,
2270 1150 2333 1188 ac
2363 1135 2545 1189 valido
2576 1152 2809 1191 caesores
2840 1134 3036 1192 robore
3064 1138 3246 1205 lassat,

264 1234 392 1289 Post
414 1232 751 1302 Stephanum
786 1230 970 1283 Sixtus
991 1228 1192 1300 dignus
1225 1226 1535 1279 moderatur
1558 1223 1807 1289 habenis,
1984 1225 2209 1296 Tempta
2242 1226 2349 1279 fide
2378 1228 2592 1281 ardenti
2625 1244 2746 1281 cum
2780 1230 2979 1284 lamina
3000 1231 3235 1285 vincitur
3255 1234 3455 1286 ardens

262 1326 363 1390 Qui
394 1326 619 1379 Romam
652 1321 896 1392 scphicis
925 1321 1104 1374 clarus
1137 1321 1351 1393 legatur
1383 1316 1625 1372 Athenis.
1985 1316 2246 1370 Plumbea
2279 1318 2556 1387 praestanti
2589 1326 2921 1387 superantur
2954 1322 3198 1391 pondera
3230 1331 3443 1377 mente:

261 1415 518 1485 Dumque
553 1412 733 1467 furore
766 1411 925 1485 nigro
962 1416 1143 1464 tentus
1172 1408 1477 1463 detruditur
1507 1407 1735 1471 umbris,
1983 1405 2173 1460 Omnia
2201 1406 2363 1473 ridet,
2397 1421 2567 1461 ovans
2598 1407 2721 1460 emli
2756 1409 3033 1478 polamine
3066 1409 3252 1475 fortis;

261 1511 327 1565 Et
359 1517 647 1581 penetrare
676 1506 837 1561 simul
864 1506 1184 1559 Laurentius
1205 1503 1413 1574 expetit
1440 1510 1595 1557 antra
1981 1500 2231 1570 Dumque
2260 1499 2592 1569 triumphata
2620 1499 2821 1574 frangit
2848 1508 3119 1556 tormenta
3143 1510 3383 1569 catastaa,

260 1603 679 1665 Colluctaturus,
699 1598 894 1669 positis
921 1597 1051 1652 huic
1074 1596 1258 1662 rebus,
1294 1611 1523 1669 agonem
1982 1590 2210 1644 Lumina
2241 1591 2411 1645 divini
2437 1599 2790 1663 torquentum
2825 1593 2990 1647 corda
3021 1602 3317 1663 capessunt

259 1691 517 1747 Ecclesiie
546 1691 657 1758 jam
698 1688 853 1743 laetus
884 1687 995 1741 adit
1028 1686 1326 1756 panditque
1357 1684 1607 1737 ministro
1986 1683 2262 1736 Praesidii:
2295 1684 2452 1737 miles
2473 1684 2749 1738 Romanus
2771 1683 2836 1737 ad
2870 1700 2995 1738 orsa
3027 1685 3173 1739 beati

259 1780 513 1835 Proxima
553 1780 723 1843 bella;
759 1778 885 1832 dein
916 1777 1113 1830 ductus
1138 1776 1308 1829 libare
1340 1773 1623 1838 sacellum,
1986 1778 2237 1850 Belligeri
2271 1786 2508 1833 mentem
2542 1780 2750 1834 coelesti
2782 1780 2990 1833 lumine
3018 1787 3215 1844 tactus,

265 1871 329 1924 Ut
362 1869 559 1940 partim
589 1868 805 1932 sternit,
836 1866 969 1921 libat
998 1874 1161 1935 caput
1182 1862 1572 1933 Omnipotenti.

1914 1905 1962 1971 Β
1989 1873 2223 1928 Cernere
2249 1890 2307 1927 se
2348 1874 2544 1929 clamat
2576 1875 2846 1929 radiantia
2873 1876 3072 1930 C(PIIIIS
3097 1893 3192 1930 ora

258 1961 443 2015 Juncti
477 1960 653 2014 levita}
684 1960 793 2025 cui,
820 1958 1170 2013 felicissimus
1198 1963 1359 2027 atque
1914 1958 1961 1971 "
1985 1964 2197 2035 Oraque
2214 1965 2473 2019 certantis
2492 1964 2616 2019 divo
2639 1964 2854 2037 fulgore
2882 1981 3128 2031 corusca,

258 2051 545 2123 Agapitus,
578 2048 918 2118 comitesque
947 2046 1038 2099 alii
1071 2045 1177 2099 sibi
1206 2050 1438 2115 quatuor
1464 2042 1629 2105 aucti,

1980 2058 2364 2130 Auxiliumque
2398 2061 2533 2129 petit
2565 2076 2633 2113 nc
2677 2060 2729 2113 in
2765 2066 2869 2115 tam
2903 2062 3169 2117 scelerata
3193 2064 3419 2129 residat,

255 2142 545 2208 Traditur;
579 2150 633 2197 et
662 2150 888 2212 quartus
906 2140 1221 2195 veneranda
1260 2146 1462 2207 trepaea
1493 2143 1732 2189 secutus.

1980 2150 2181 2205 Annuit
2210 2150 2569 2220 Omnipotens
2600 2158 2859 2206 tortorem
2892 2169 3098 2227 angore
3128 2153 3360 2227 fatigans

260 2231 477 2285 [Nerea
507 2246 781 2301 expensas
800 2230 1012 2300 οεψίιυτ
1046 2227 1369 2282 Laurentius
1399 2227 1570 2279 almus
1978 2240 2187 2294 Aistuat
2217 2257 2348 2313 ergo
2378 2241 2582 2306 animo,
2614 2242 2789 2297 nescit
2820 2259 2929 2313 quo
2956 2260 3018 2297 se
3042 2252 3193 2315 regat
3220 2253 3338 2299 astu
3372 2261 3385 2307 ',

254 2324 597 2394 Depromens
627 2324 789 2379 dotes
808 2323 971 2377 simul
998 2338 1061 2376 ac
1084 2338 1141 2375 se
1172 2319 1501 2375 occumbere
1531 2324 1873 2389 promptum:
1983 2332 2154 2402 thue
2180 2331 2576 2385 recrudescens
2604 2333 2817 2386 hostem
2848 2332 3145 2388 ςοηερηιίρι.
3174 2334 3255 2388 ira

254 2415 465 2484 Nempe
498 2415 650 2469 datas
680 2414 905 2487 largitus
925 2428 1062 2483 Opes
1091 2412 1144 2464 in
1168 2412 1375 2465 viscera
1408 2409 1626 2473 Christi,
1980 2418 2262 2487 conﬁciai,
2293 2419 2451 2488 jubet
2478 2422 2682 2474 cxsolvi
2716 2429 3048 2493 tempusque
3082 2423 3286 2477 remitti

252 2506 595 2561 Circumiens
633 2514 867 2576 cryptas,
894 2505 1228 2574 perlustrans
1253 2510 1407 2556 antra
1448 2501 1683 2571 piorum,

1616 2517 1683 2563 [ην
1977 2511 2208 2575 Invicto,
2234 2527 2334 2565 ceu
2367 2512 2635 2565 tractandi
2668 2512 2984 2584 victumque
3016 2514 3184 2568 levari

253 2594 521 2669 Indignos
546 2594 800 2649 refovens
825 2593 1049 2665 gemina
1079 2599 1359 2646 curaverat
1387 2607 1548 2653 0508:
1974 2602 2043 2653 Se
2088 2617 2341 2671 quaerens
2395 2609 2680 2667 monstrat,
2714 2602 2854 2672 _quit
2899 2602 3126 2657 dimicet
3153 2619 3302 2656 arma
3324 2610 3595 2673 retractat,

254 2686 318 2740 Et
346 2686 563 2740 viduam
598 2686 793 2755 capitis
820 2684 1125 2749 Quiriacam
1158 2684 1464 2737 absolverat
1490 2688 1646 2747 testu,

1971 2697 2107 2766 Apta
2136 2696 2242 2749 sibi
2292 2694 2419 2749 ferri
2454 2695 2733 2750 Romanus
2763 2703 3010 2767 tempora
3042 2713 3298 2762 cernens,

255 2776 538 2829 EVacuanS
562 2774 742 2828 ίτίδῖθδ
772 2774 994 2846 longum
1028 2788 1166 2843 quos
1193 2788 1353 2842 Passa
1380 2771 1629 2861 (191011331
1977 2788 2476 2858 Approperansque
2528 2789 2654 2858 polo
2694 2790 2945 2860 lymphas
2976 2789 3133 2861 queis
3171 2790 3462 2860 splendeat
3517 2790 3603 2843 af-

253 2864 518 2918 Hauserat
547 2863 807 2917 amissum
840 2862 1033 2915 Christi
1068 2860 1376 2914 Crescentia
1407 2859 1568 2931 signo
2813 2859 2821 2860 “
2996 2859 3008 2861 ἡ
3204 2859 3213 2860 ⁷⁷
3404 2881 3560 2952 [fern

250 2954 484 3019 Lumen,
515 2952 765 3007 clarificas
798 2951 1041 3006 referens
1073 2951 1188 3004 haec
1208 2950 1355 3004 lucra
1397 2948 1523 3001 fidei
1974 2951 2318 3023 Victorisque
2352 2951 2525 3023 pedes
2552 2952 2810 3022 precibus
2834 2952 3100 3007 subnixus
3130 2952 3338 3008 adorat.

251 3040 489 3097 Cernere
518 3048 819 3096 certantem
850 3040 975 3095 coeli
1002 3054 1110 3110 qua
1140 3038 1345 3108 Optavit
1372 3036 1655 3102 athletam,
1976 3043 2185 3098 salvari
2218 3060 2455 3114 poscens
2484 3054 2737 3100 εδει-δαῖε
2766 3052 2820 3099 οι
2851 3045 3001 3100 fonte
3041 3046 3199 3115 piari,

250 3133 533 3205 Explicitis
551 3132 749 3203 Opibus
778 3146 1069 3202 prOperam
1100 3130 1192 3201 qui
1221 3128 1494 3201 sanguine
1524 3128 1759 3197 palmam
1972 3137 2083 3191 Nec
2116 3136 2298 3193 differt
2329 3138 2493 3192 levita
2533 3140 2725 3193 rudem
2759 3138 2993 3193 lustrare
3023 3139 3306 3205 sodalem;

250 3228 513 3291 Qumrens
542 3222 811 3278 differtur.
841 3222 1114 3277 Potiorein
1146 3221 1288 3275 ferre
1322 3221 1625 3290 palaestram

1899 3284 1939 3301 η
1972 3229 2174 3294 Abluit,
2198 3247 2456 3301 armaque
2476 3230 2772 3284 eandidulo
2804 3231 3049 3285 victricia
3084 3231 3263 3285 tradit.

249 3319 545 3372 Censetur:
578 3316 746 3387 patris
783 3322 995 3369 retrusa
1025 3315 1225 3369 talenta
1252 3313 1480 3381 jubetur
1895 3284 1942 3347 (λ
1971 3318 2109 3387 Tyro
2143 3319 2298 3373 novis
2325 3334 2499 3373 novus
2531 3319 2767 3372 addiscit
2797 3335 3044 3393 pugnare
3076 3320 3180 3373 sub
3203 3321 3400 3373 armis:

252 3408 500 3463 Pandere
520 3407 841 3472 servandus,
868 3406 995 3460 dum
1023 3405 1254 3477 quaestio
1286 3420 1425 3457 saeva
1460 3402 1687 3456 teretur.
1973 3406 2253 3462 Assuescit
2288 3408 2480 3479 rigidis
2511 3423 2731 3478 quoque
2754 3408 2975 3461 vincere
3006 3407 3239 3462 fustibus
3270 3417 3455 3472 actus;

248 3498 505 3552 Traditur
536 3497 826 3567 Hippolyto
856 3496 1013 3564 cujus
1044 3494 1332 3549 devinctus
1358 3493 1551 3547 ahenis
1974 3499 2297 3570 Eximioquc
2332 3499 2571 3569 probans
2593 3514 2716 3553 sese
2744 3500 3051 3553 munimine
3080 3507 3282 3564 tutum,

251 3591 482 3645 Lumina
512 3590 618 3644 fert
647 3589 843 3653 caecis;
880 3588 1141 3643 Lucillum
1164 3588 1430 3641 instaurat
1460 3594 1693 3656 utroque
1973 3592 2157 3647 victor
2188 3600 2242 3647 et
2273 3598 2530 3663 expertus
2561 3592 2702 3647 ferro
2725 3593 2940 3647 cervice
2974 3593 3169 3658 recisa,

252 3683 476 3737 lnterno
498 3691 834 3751 externoque
866 3680 1054 3735 levans
1083 3695 1190 3751 qua
1219 3678 1343 3732 luce
1373 3676 1553 3731 refusa
1977 3686 2313 3755 Aspernatus
2344 3686 2575 3739 humum
2607 3684 2869 3755 praecedit
2910 3686 2965 3739 in
2989 3693 3132 3739 astra
3162 3686 3511 3760 magistrum.

250 3771 415 3826 Plura
436 3771 597 3825 simul
626 3777 861 3845 surgunt
888 3770 1131 3825 omlestis
1152 3785 1366 3824 amoena
1398 3767 1631 3822 corusci.
1975 3776 2272 3849 suppliciis
2305 3777 2555 3849 pulsatus
2595 3778 2722 3831 item
2759 3777 3105 3843 Laurentius,
3140 3778 3246 3832 alia

251 3866 581 3937 Hippolytus
604 3883 725 3921 cum
756 3866 917 3937 plebe
944 3866 1141 3920 domus
1171 3865 1357 3919 divina
1386 3862 1626 3934 capessit
1976 3867 2160 3921 Mense
2184 3868 2375 3922 hilaris
2389 3867 2653 3939 vultuque
2686 3874 2889 3933 manet,
2920 3875 3185 3923 contusus
3212 3875 3265 3921 et
3291 3882 3387 3922 ora

252 3960 510 4023 Numina,
546 3970 599 4016 et
623 3968 830 4016 aeterno
860 3959 1059 4014 rutilus
1090 3958 1300 4033 fulgore
1331 3957 1566 4011 nitescit.
1976 3956 2131 4011 Saxis
2153 3965 2358 4027 perstat
2384 3973 2589 4023 ovans;
2624 3957 2931 4030 Christique
2955 3958 3009 4011 in
3042 3957 3202 4012 laude
3228 3957 3601 4029 triumphans,

252 4057 488 4113 Exhibet
518 4057 899 4112 irradiatorem
923 4065 1045 4128 post
1065 4056 1194 4111 talia
1218 4056 1428 4124 jussus,
1976 4048 2314 4104 Constrictus
2340 4049 2513 4103 nimio
2546 4055 2838 4120 torquetur
2864 4048 3121 4104 tormine.
3155 4047 3366 4113 Tortor,

250 4146 537 4201 Tectarum
578 4147 844 4221 rogitatus
872 4162 1038 4216 Opum
1072 4146 1165 4217 qui
1208 4145 1423 4216 aperire
1452 4160 1767 4209 crumenas,
1976 4143 2183 4198 Cuncta
2213 4148 2409 4199 nolens
2438 4159 2610 4198 vacuo
2644 4143 2893 4197 consumi
2926 4144 3035 4197 tela
3066 4142 3268 4208 furore,

250 4236 443 4291 Dulcia
472 4237 565 4291 dat
591 4236 813 4306 sapiens
843 4236 968 4291 aeris
989 4242 1249 4289 tractator
1279 4233 1516 4298 honesti,
1978 4236 2190 4291 Invidet
2220 4238 2368 4291 hunc
2400 4236 2510 4290 ictu
2542 4235 2709 4290 celeri
2741 4251 2909 4305 super
2937 4236 3143 4289 aethera
3174 4234 3314 4301 tolli,

252 4328 431 4396 Atque
458 4325 811 4380 interstitium
842 4340 1078 4396 poscens
1103 4325 1366 4394 Opulenta
1398 4322 1609 4377 ferendi
1978 4326 2359 4395 Invictumque
2391 4324 2487 4378 Dei
2520 4330 2632 4378 tota
2671 4323 2873 4383 virtute
2900 4323 3139 4391 lacessit,

252 4418 448 4485 Xenia,
474 4425 580 4472 tres
609 4417 756 4488 capit
780 4417 963 4487 ampla
994 4415 1117 4469 dies
1133 4413 1404 4485 promissa
1429 4413 1677 4481 daturus,
1978 4412 2282 4467 Bellificum
2312 4412 2460 4467 lento
2492 4410 2713 4465 tandem
2744 4411 3063 4466 consumier
3088 4412 3218 4486 igne

251 4508 509 4583 Magnum
535 4525 663 4565 mox
693 4509 921 4579 inOpum
944 4509 1140 4583 vulgus
1161 4508 1441 4577 ditemque
1472 4513 1745 4560 catervam
1976 4502 2331 4572 Praecipiens,
2364 4500 2614 4555 ﬂammas
2644 4501 2869 4555 volucer
2898 4516 2966 4555 ne
2996 4507 3239 4556 transeat
3265 4517 3451 4569 acres;

252 4600 481 4655 Fenoris
508 4601 757 4666 adensat,
791 4600 989 4654 Christi
1021 4599 1160 4654 altos
1199 4599 1387 4653 condit
1413 4613 1656 4653 acervos.
1904 4595 2266 4697 l)Assarique
2291 4593 2454 4663 jubet
2475 4593 2679 4665 tepidis
2706 4593 2807 4647 sub
2836 4602 2959 4648 vate
2986 4592 3206 4649 favillis.

257 4694 321 4749 Et
348 4694 519 4749 decus
547 4694 801 4749 Ecclesia:
831 4708 1129 4749 numerosa
1155 4691 1411 4746 examina
1437 4691 1605 4765 cogit,
1905 4685 1951 4697 ν
1979 4687 2107 4755 Igne
2134 4685 2444 4741 ministrato
2474 4685 2776 4757 prunisque
2808 4685 3131 4740 ardentibus
3162 4686 3364 4752 auctis,

253 4782 615 4856 Aggestisque
647 4782 849 4853 Opibus
876 4781 1078 4852 promit
1104 4778 1343 4834 fecunda
1374 4785 1605 4850 tyranno
1979 4772 2287 4843 Applicitus
2318 4772 2574 4843 chalybei
2618 4772 2822 4828 nudato
2850 4788 3082 4844 corpore
3111 4774 3235 4828 lecti

253 4873 498 4939 Munera,
522 4874 765 4929 mendici
798 4873 1052 4945 praebens
1079 4872 1251 4926 densa
1273 4871 1696 4945 agminacwtus.
1982 4866 2214 4922 C(elicus
2243 4882 2337 4922 ore
2371 4867 2509 4921 nitet
2539 4874 2744 4938 martyr
2781 4882 2884 4922 nec
2911 4867 3111 4942 gaudia
3141 4874 3285 4922 tosto

254 4963 524 5027 Quaesitor
550 4962 881 5017 furibundus
904 4969 1165 5033 atroxque
1191 4961 1430 5016 atrocior
1452 4960 1564 5014 exit
1981 4954 2304 5029 Diffugiunt,
2325 4954 2596 5011 fractusve
2628 4956 2785 5027 lepos
2802 4958 2869 5012 ad
2901 4964 3025 5013 vota
3062 4957 3302 5028 tyranni,

254 5054 557 5126 Riderique
583 5054 1024 5127 fremityrabidus
1055 5069 1208 5124 spem
1235 5067 1440 5123 ponere
1474 5066 1719 5107 avaram:
1984 5049 2143 5102 Arma
2172 5048 2377 5102 cadunt
2399 5048 2567 5110 lanio,
2596 5056 2832 5122 surgunt
2862 5049 3103 5123 insignia
3119 5064 3315 5120 passo;

253 5148 415 5202 Arma
447 5146 612 5213 acuit,
645 5147 885 5202 truciore
912 5161 1111 5216 parans
1138 5143 1331 5199 saevire
1362 5143 1547 5197 furore
1986 5138 2150 5195 Oﬁert
2176 5155 2233 5193 se
2267 5140 2422 5194 laetus
2454 5140 2831 5195 holocaustum
2866 5141 3053 5196 nobile
3096 5140 3305 5195 Christo

255 5236 318 5291 In
350 5236 597 5291 vinctum
628 5235 797 5310 virgis
824 5235 1091 5309 subigens
1115 5249 1277 5305 quem
1301 5232 1476 5287 sulcat
1502 5230 1706 5294 acutis;
1987 5237 2196 5292 Solanti
2228 5244 2410 5311 grates
2440 5237 2674 5293 Domino
2705 5238 3013 5310 laudesque
3045 5238 3321 5309 rependit,

257 5326 486 5382 Lamina
506 5326 657 5392 dum,
690 5325 911 5381 fervens
943 5327 1138 5395 lectus,
1168 5324 1571 5396 plumbumque
1596 5327 1884 5393 parantur,
1987 5324 2381 5403 Gratificasque
2411 5324 2555 5378 inter
2580 5326 2766 5395 superi
2799 5326 3144 5381 charismatis
3173 5327 3307 5382 odas

257 5420 398 5474 Dum
427 5427 832 5474 tormentorum
864 5435 927 5474 ac
956 5418 1154 5474 mortis
1194 5433 1370 5492 genus
1400 5432 1565 5472 omne
1597 5413 1887 5470 revolvens
1990 5419 2193 5473 Emicat
2221 5436 2251 5473 e
2280 5417 2492 5489 prunis,
2526 5418 2648 5472 caeli
2679 5417 2891 5493 fulgore
2921 5435 3212 5486 coruscus;

260 5510 516 5582 Expedit,
541 5509 794 5580 asperius
821 5509 989 5564 vitam
1020 5525 1131 5580 quo
1164 5508 1396 5563 crimine
1425 5507 1612 5578 pellat,
1988 5512 2413 5585 Regnorumque
2454 5508 2593 5580 petit
2621 5509 2821 5565 Christi
2851 5512 2959 5566 alta
2988 5512 3190 5583 palatia
3214 5513 3410 5578 victor,

259 5603 495 5659 Exhibet
522 5609 650 5673 apta
667 5602 807 5657 truci
836 5602 989 5657 necis
1018 5603 1386 5656 instrumenta
1417 5600 1631 5655 lanistae
1987 5604 2182 5660 Iudice
2215 5601 2466 5661 confuso.
2494 5602 2699 5677 Pignus
2718 5603 3038 5659 venerabile
3061 5604 3249 5659 lictum

259 5687 658 5764 Infrendetque
687 5693 895 5748 minas:
928 5693 1127 5771 Epulas
1158 5693 1277 5745 haec
1304 5698 1508 5762 martyr
1528 5699 1736 5749 amatas
1992 5693 2318 5764 Hippolytus
2348 5691 2667 5763 pariterque
2698 5708 2854 5747 sacer
2871 5692 3121 5748 Justinus
3149 5691 3397 5747 honestis
