3970 6200
393 296 497 353 687
1163 289 1530 346 FLODOARDI
1573 288 1875 345 CANONICI
1918 286 2242 344 REMENSIS
2283 287 2620 344 OPUSCULA
2659 287 2966 343 METHICA.

2034 428 2080 495 Α
2109 420 2215 474 Sed
2241 437 2341 474 nec
2371 419 2836 474 Mediolanensem
2864 417 3049 473 minor
3087 417 3283 472 extulit
3320 417 3518 473 urbem

395 433 592 487 Curant
621 426 914 499 exsequiis,
945 423 1208 490 Quiriacaz
1236 429 1288 477 et
1319 422 1577 478 conditur
1605 438 1753 492 agro.

391 523 646 600 Jungitur
671 536 734 576 ac
761 517 965 574 sanctis
994 515 1307 572 Crescentia
1337 515 1487 571 czede
1518 513 1828 585 triumphis.

390 613 701 670 Traduntur
721 608 864 682 passi
895 617 1026 664 tunc
1053 607 1307 662 Claudius
1337 612 1502 678 atque
1532 606 1801 670 Severus;

391 704 662 760 Virtutum
699 699 883 756 eximii
911 698 1204 755 decoratur
1230 698 1441 753 honore
1480 697 1794 768 sepulcrum

392 796 613 861 Levitae,
641 793 1058 864 innumeraeque
1085 790 1270 846 nitens
1295 788 1592 862 splendore
1617 789 1847 844 medela?

391 887 635 944 Mirificis
673 886 850 941 radiat
881 882 1243 940 reverendum
1277 880 1526 936 crebrius
1552 881 1709 948 actis,

394 981 455 1037 Et
474 995 914 1052 quaquaversum
945 975 1134 1032 decori
1177 977 1294 1030 loca
1323 974 1574 1046 martyris
1596 972 1722 1028 almi

395 1073 663 1140 Eduntur,
695 1067 1012 1126 veneranda
1043 1067 1248 1122 micant
1277 1066 1616 1120 monimenta
1645 1063 1856 1118 salutis.

391 1166 480 1220 Sic
507 1165 627 1233 ejus
657 1161 848 1233 templi
881 1161 1012 1214 dum
1040 1158 1248 1214 fabrica
1282 1158 1435 1229 lapsa
1465 1157 1680 1211 Brionis

393 1258 702 1316 Restruitur
739 1271 1004 1328 caesaeque
1045 1253 1230 1309 trabes
1252 1262 1306 1308 et
1336 1253 1488 1328 tigna
1515 1261 1794 1322 parantur,

391 1353 559 1408 Trabs
597 1352 818 1406 inventa
844 1347 1028 1403 brevis
1054 1345 1265 1402 meritis
1295 1345 1619 1417 producitur
1650 1344 1831 1412 hujus,

391 1443 566 1513 Atque
596 1439 740 1496 favet
769 1438 910 1493 votis
934 1436 1050 1492 visa
1082 1445 1164 1490 est
1195 1450 1316 1506 quae
1346 1433 1515 1488 futilis
1542 1433 1734 1496 arbos;

393 1534 608 1591 Robore
639 1541 796 1590 tensa
823 1547 993 1603 Opere
1019 1530 1292 1601 variaeque
1316 1544 1549 1599 repensa
1570 1527 1799 1582 medela:

392 1621 615 1680 Proficit
642 1623 790 1678 haec:
823 1619 1043 1676 fabricae
1075 1616 1203 1672 fidei
1231 1633 1453 1689 quoque
1485 1616 1702 1688 proficit
1732 1621 1937 1680 auctae;

393 1714 613 1772 Proficit
645 1711 891 1789 indignis
923 1710 1171 1766 tribuens
1211 1709 1302 1781 pia
1327 1709 1471 1765 dona
1500 1708 1723 1783 vigoris.

2112 511 2308 566 Levita:
2338 511 2544 586 egregii
2575 510 2764 575 virtus,
2798 509 2893 564 ubi
2925 509 3114 564 nobile
3135 507 3402 578 templum

2111 603 2344 659 Nomine
2368 603 2562 658 sacrati
2591 611 2850 674 superato
2880 601 3133 672 martyris
3159 602 3288 674 igne

2112 692 2346 750 Cristalli
2377 694 2600 750 calicem
2627 695 2880 766 Specioso
2919 699 3206 748 stemmate
3229 706 3491 758 servans;

2109 783 2387 860 Sanguine
2418 783 2606 840 divino
2637 785 2783 840 claro
2815 784 2884 839 de
2910 799 3038 838 vase
3067 782 3301 838 clientes

2111 875 2338 931 Potabat
2365 875 2488 931 cmli
2519 875 2706 946 specie
2735 875 2983 931 coelestia
3002 873 3288 946 praebens;

2109 965 2263 1030 Quod
2294 965 2552 1019 manibus
2580 965 2794 1035 lapsum
2822 979 3028 1018 sacram
3062 962 3307 1018 tollentis
3336 961 3407 1016 ad
3433 979 3593 1016 aram

2109 1059 2397 1115 Frustatim
2429 1059 2602 1114 nimio
2625 1060 2937 1130 dispersum
2961 1058 3229 1134 fragmine
3259 1059 3446 1113 cessit.

2109 1152 2369 1219 Pallidus,
2399 1151 2686 1217 exanimis,
2716 1168 2885 1223 pavor
2907 1149 3076 1206 inficit
3105 1167 3199 1206 ora
3228 1151 3492 1215 ministri,

2111 1246 2210 1310 Qui
2242 1254 2358 1300 sata
2389 1246 2563 1302 frusta
2592 1247 2783 1320 legens
2811 1246 2966 1300 altari
2998 1247 3249 1317 martyris
3279 1244 3479 1311 infert;

2112 1336 2174 1390 Et
2200 1335 2378 1392 fidens
2406 1337 2603 1392 virtute
2632 1336 2726 1391 Dei
2760 1334 2889 1390 fidei
2913 1352 3064 1391 arma
3093 1336 3331 1406 capessit
3355 1353 3368 1390 :

2111 1430 2365 1486 Excubiis
2393 1431 2648 1503 precibus
2677 1432 2932 1503 lacrymis
2961 1432 3100 1486 dans
3127 1440 3376 1502 tempora
3409 1431 3594 1486 noctis

2110 1523 2268 1578 Aram
2298 1540 2462 1578 mane
2493 1525 2648 1596 petit,
2671 1541 2766 1579 vas
2795 1525 2981 1579 damni
3011 1526 3254 1580 immune
3284 1525 3556 1589 resumit;

2112 1614 2281 1686 quue
2314 1613 2627 1687 fide[solida
2651 1615 2944 1671 solidatum
2977 1625 3202 1687 pectore
3240 1615 3418 1683 fulcit,

2116 1706 2177 1762 Et
2204 1707 2424 1764 cumulo
2456 1706 2587 1763 fidei
2615 1707 2856 1764 cumulat
2885 1709 3158 1764 solemnia
3181 1709 3318 1765 voti.

1907 1849 2114 1906 CAPUT
2162 1850 2221 1904 V.

1707 1981 1785 2041 De
1825 1992 2032 2043 sancto
2075 1979 2411 2061 Hippolyto.

395 2115 652 2188 Martyris
689 2114 902 2172 exuviis
922 2114 1130 2171 celebri
1163 2113 1516 2169 decoramine
1540 2113 1764 2180 functis,

395 2209 718 2282 Hippolytus
744 2209 952 2281 rapitur
979 2208 1107 2265 tosti
1140 2209 1288 2280 quod
1318 2208 1562 2262 membra
1588 2207 1833 2282 magistri

396 2302 630 2377 Legerit,
662 2302 938 2370 arguitur;
981 2301 1177 2357 Christi
1204 2317 1332 2356 mox
1362 2318 1528 2356 verna
1559 2308 1831 2371 repertus.

398 2390 733 2446 Verberibus
760 2392 1032 2463 quatitur;
1057 2390 1199 2446 fidus
1230 2390 1495 2462 fortisque
1525 2389 1788 2461 probatus

397 2483 618 2556 Antiqui
643 2483 922 2556 Hippolyti
946 2484 1204 2540 mulctam
1227 2482 1729 2554 perferrejubetur.

402 2573 786 2648 Christiloquaa
817 2574 1003 2631 famuli
1036 2583 1200 2630 sectae
1233 2589 1453 2630 rumore
1480 2573 1651 2628 notati

399 2669 704 2738 Ducuntur,
735 2669 968 2726 Domino
1008 2669 1077 2724 ad
1098 2676 1329 2724 mortem
1352 2668 1560 2723 servire
1585 2667 1789 2740 parati;

394 2764 740 2822 Confessoris
766 2780 863 2821 eos
893 2765 1035 2820 inter
1061 2765 1356 2820 concordia
1387 2763 1588 2828 nutrix,

394 2852 704 2924 Promptior
728 2859 786 2909 ut
814 2853 1043 2925 reliquis
1075 2851 1205 2906 fidei
1237 2852 1450 2908 fervore
1471 2851 1708 2918 videtur,

393 2941 647 2996 Culmina
666 2941 844 3014 prima
874 2941 1023 2996 subit
1052 2940 1350 3011 plumbatis
1380 2940 1546 2995 incita
1571 2939 1695 2994 οωιὶ
1719 2957 1733 3005 ;

392 3033 601 3090 Castera
630 3049 756 3091 mox
786 3033 940 3091 fortis
970 3032 1299 3089 famulorum
1328 3033 1551 3090 inventa
1581 3039 1798 3089 caterva
1823 3049 1837 3098 ;

2035 2117 2090 2186 B
2115 2114 2332 2170 Jactura
2359 2116 2594 2173 cervicis
2623 2116 2738 2171 heri
2761 2132 2930 2188 super
2957 2117 3159 2173 mthera
3183 2116 3345 2190 bigas

2121 2209 2464 2277 Preecedunt,
2494 2212 2746 2266 metaturi
2779 2212 3012 2267 Domino
3042 2213 3213 2266 ardua
3245 2211 3424 2286 regni.

2120 2304 2216 2359 illc
2242 2305 2433 2360 decem
2466 2313 2632 2378 atque
2662 2322 2858 2362 novem
2899 2306 3116 2361 famulis
3145 2307 3211 2361 ad
3241 2307 3424 2361 sidera
3452 2306 3641 2360 missis

2120 2393 2504 2466 Subsequitur,
2528 2396 2880 2468 completque
2904 2396 2986 2450 sui
3020 2395 3336 2469 integritate
3367 2394 3672 2450 secundam

2119 2485 2401 2543 Perfectus
2427 2489 2646 2556 seriem,
2671 2490 2842 2545 cmlos
2864 2505 2964 2560 per
2979 2504 3213 2559 scrupea
3240 2495 3455 2544 vectus.

2119 2581 2288 2645 Quem
2313 2582 2440 2637 saavi
2473 2584 2694 2654 rapiunt
2716 2585 2894 2655 passis
2923 2585 2991 2639 ad
3022 2583 3215 2640 coelica
3245 2583 3453 2653 plantis

2120 2669 2478 2745 Cornipedes,
2508 2682 2925 2747 monstrantque
2956 2675 3142 2746 polum
3173 2674 3366 2728 callem
3411 2673 3493 2727 ire
3522 2688 3624 2742 per
3651 2688 3741 2726 ar-

3500 2763 3660 2835 [ωιτη.

2121 2855 2184 2911 Et
2221 2855 2436 2911 tribulis
2456 2856 2644 2912 tritum
2672 2856 2900 2912 mittunt
2919 2872 3086 2927 super
3099 2856 3305 2911 aethera
3327 2863 3593 2911 maclum.

2117 2943 2368 2999 Justinus
2398 2944 2610 3000 laceros
2638 2945 2801 3000 variis
2832 2945 3155 3016 appulsibus
3184 2951 3336 2999 artus

2119 3030 2356 3105 Colligit,
2386 3033 2727 3105 emeritoque
2754 3034 2905 3104 pium
2935 3034 3203 3106 dependit
3233 3035 3524 3090 honorem.

1863 3177 2074 3234 CAPUT
2124 3179 2210 3235 VI.

1513 3314 1592 3374 De
1617 3313 1845 3374 sanctis
1877 3311 2178 3373 Herennio
2208 3320 2261 3372 et
2289 3312 2588 3373 Abundio.

390 3432 651 3506 Tuncque
681 3431 972 3505 intercepti
1003 3430 1243 3488 subeunt
1273 3430 1585 3488 Herennius
1615 3440 1780 3504 atque

394 3524 570 3585 Ofﬁcii
603 3541 830 3584 consors
860 3524 1037 3582 felicis
1065 3523 1354 3580 Abundius
1383 3526 1630 3580 ethram.

395 3622 631 3679 Enectos
653 3622 913 3694 idemque
944 3637 1122 3689 sacer,
1162 3621 1418 3677 sordente
1450 3622 1638 3676 cloaca

393 3713 671 3786 Hippolyti
703 3713 832 3786 quia
872 3713 1105 3769 nutricis
1136 3712 1268 3768 hinc
1304 3713 1553 3768 membra
1591 3712 1853 3775 levarant,

394 3809 657 3882 Proripit,
686 3809 1012 3883 illustraque
1037 3809 1209 3866 sacris
1237 3806 1644 3883 sacrafpignora
1673 3810 1867 3865 thecis.

2037 3435 2087 3504 C
2116 3438 2226 3492 Nec
2248 3437 2473 3513 longum
2505 3437 2772 3510 sepelitur
2809 3436 2877 3491 ab
2911 3437 3016 3493 hoc
3042 3435 3362 3508 Tryphonia
3391 3436 3676 3509 quondam

2113 3532 2340 3588 Funesti
2369 3533 2570 3602 conjux
2599 3531 2768 3598 Decii,
2802 3546 2946 3602 quae,
2979 3530 3130 3586 fonte
3161 3531 3305 3601 piata

2113 3624 2269 3692 Divo,
2292 3641 2414 3679 cum
2445 3623 2635 3698 genita
2672 3623 2887 3694 superis
2912 3622 3188 3678 terrestria
3218 3624 3407 3697 regnis

2115 3716 2223 3771 Nec
2251 3733 2406 3773 mora
2438 3723 2733 3788 permutat,
2772 3732 3018 3788 veroque
3047 3717 3270 3773 nitescit
3301 3718 3534 3784 honore,

2117 3810 2266 3866 [nter
2292 3818 2419 3868 vota
2444 3826 2669 3884 precum
2698 3810 2863 3868 celeri
2893 3816 3052 3881 capta
3081 3811 3302 3885 agmine
3333 3810 3556 3866 ccelum.

1889 3944 2096 4001 CAPUT
2141 3946 2254 4002 VII.

1248 4081 1328 4142 De
1354 4083 1589 4144 ultione
1617 4085 1687 4145 in
1726 4083 2116 4145 Valerianum
2151 4091 2204 4144 et
2232 4101 2416 4162 regno
2447 4084 2875 4144 Romanorum.

395 4219 561 4278 Multa
589 4235 688 4294 per
715 4218 1018 4276 Eneadum
1051 4225 1365 4275 sanctorum
1393 4219 1568 4275 millia
1588 4237 1818 4293 regnum

397 4314 522 4370 Hmc
551 4320 843 4384 postquam
873 4325 1141 4366 succensa
1168 4309 1270 4364 feri
1299 4309 1515 4366 fervore
1543 4310 1802 4366 draconis

393 4402 696 4476 Suppliciis
719 4401 787 4456 ad
807 4415 977 4473 regna
1002 4398 1121 4454 lues
1146 4399 1394 4454 cmlestia
1419 4399 1588 4467 misit,

394 4498 566 4554 Letho
585 4511 649 4552 ac
673 4495 961 4567 suppliciis
998 4494 1220 4568 gravius
1247 4493 1351 4550 fert
1389 4496 1632 4552 dedecus
1659 4503 1870 4563 auctor,

394 4591 458 4648 Et
482 4589 577 4664 qui
608 4588 794 4645 servili
821 4587 1024 4642 multos
1049 4585 1150 4641 sub
1173 4587 1295 4661 lege
1315 4595 1518 4643 rotarat

393 4681 635 4756 Vertitur
659 4678 845 4736 ofﬁcio
866 4677 1054 4733 servili
1084 4693 1147 4732 ac
1174 4683 1335 4748 turpe
1365 4677 1606 4749 capessit

394 4770 713 4838 Servitium,
742 4775 936 4840 captus
959 4766 1293 4840 Babylonica
1316 4782 1486 4842 regno
1514 4774 1799 4842 regentem

396 4861 748 4921 Romulidum
773 4860 1035 4934 princeps
1049 4859 1255 4931 plantis
1275 4867 1334 4914 ut
1355 4859 1516 4914 dorsa
1546 4868 1800 4934 gravatus

392 4955 659 5009 Incurvus
693 4949 942 5006 sustollat
967 4963 1111 5020 equo
1151 4947 1475 5020 pensamine
1498 4948 1689 5022 digno.

392 5040 717 5099 Luminibus
735 5039 907 5095 miser
925 5035 1138 5095 effossis
1165 5054 1274 5111 quo
1301 5037 1622 5093 Valerianus

391 5136 691 5196 Consenuit
719 5136 913 5207 plexus
939 5131 1093 5205 prius
1120 5139 1181 5188 ut
1211 5130 1396 5188 ﬁxisse
1426 5133 1684 5203 probaret

392 5233 464 5287 Se
490 5245 696 5286 caecum
725 5229 984 5285 tenebras
1014 5235 1070 5284 et
1105 5226 1257 5283 furva
1286 5227 1494 5299 pericla
1523 5232 1794 5282 secutum.

390 5325 460 5378 At
485 5335 597 5377 non
624 5319 910 5377 sufﬁciens
940 5327 1020 5377 tot
1048 5319 1241 5375 funere
1271 5319 1514 5374 millibus
1545 5318 1699 5383 actis,

390 5413 712 5470 Sanctorum
743 5409 964 5482 probris
1000 5425 1170 5465 unum
1199 5414 1363 5479 caput
1395 5408 1543 5463 hisce
1575 5405 1885 5476 subactum,

392 5505 530 5560 Dum
557 5503 724 5558 variis
745 5519 910 5558 cruor
936 5500 1145 5557 effusus
1173 5501 1497 5573 regionibus
1526 5501 1699 5567 orbis,

390 5592 508 5648 Non
528 5591 747 5647 modico
775 5591 826 5646 in
848 5606 1023 5646 saevos
1049 5590 1240 5646 ulcisci
1275 5590 1548 5663 sanguine
1565 5589 1764 5661 poscit.

390 5683 645 5754 Undiq‘ue
671 5685 817 5739 enim
848 5685 985 5740 laxis
1004 5691 1237 5760 surgunt
1262 5699 1403 5742 nova
1431 5684 1620 5755 pmlia
1647 5678 1846 5740 frenis:

2117 4222 2212 4287 Ac,
2243 4220 2413 4277 veluti
2446 4221 2725 4292 quondam
2757 4219 2970 4275 Pelusia
2998 4236 3124 4274 rura
3151 4220 3396 4288 locustae,

2120 4313 2422 4369 Barbaricaa
2449 4313 2694 4368 Romana
2715 4320 2909 4388 tegunt
2937 4313 3011 4367 ita
3037 4312 3280 4368 culmina
3306 4321 3520 4384 gentes,

2117 4403 2372 4460 Germani
2405 4403 2612 4459 Italiam
2654 4412 2777 4474 post
2815 4403 3039 4458 Rhetica
3072 4418 3197 4457 rura
3227 4410 3530 4474 pererrant,

2030 4523 2088 4594 D
2117 4496 2352 4594 Haecque
2385 4495 2820 4594 Alamannorum.
2848 4494 3120 4549 terebrata
3150 4503 3205 4548 et
3237 4494 3408 4548 Gallia
3440 4494 3563 4548 trita

2114 4584 2468 4652 Turbinibus,
2505 4585 2733 4651 Pontus,
2776 4583 3093 4638 Macedonia
3120 4599 3311 4653 pressa
3342 4583 3592 4638 Getarum

2114 4678 2416 4745 Fluctibus,
2450 4678 2617 4748 inque
2641 4677 2822 4730 Asiam
2856 4677 2957 4732 hac
2987 4676 3285 4747 p0pulatur
3304 4675 3507 4731 Gracia
3536 4674 3736 4748 plaga;

2113 4771 2304 4825 Ablata
2321 4769 2540 4842 penitus
2569 4769 2734 4825 Dacia
2760 4775 3026 4840 quantum
3055 4768 3276 4822 abserat
3306 4768 3445 4824 Ister

2111 4862 2354 4916 Sarmata
2381 4859 2718 4914 Pannoniam
2753 4859 2975 4913 incursu
3006 4857 3262 4932 proﬂigat
3299 4858 3528 4925 eodem;

2113 4955 2409 5027 Euphratis
2431 4955 2661 5010 Mediam
2693 4954 2981 5010 fluviorum
3015 4970 3079 5010 ac
3106 4955 3284 5029 Tigris
3315 4957 3585 5010 alumnam

2113 5046 2387 5117 Diripiunt
2419 5046 2598 5100 Parthi
2620 5046 2940 5116 Syriamque
2972 5045 3238 5100 abradere
3263 5047 3443 5111 missi;

2112 5139 2510 5211 Germanisque
2533 5138 2843 5213 peregrinis
2874 5138 3131 5208 Hispania
3159 5138 3329 5206 cedit,

2115 5231 2177 5286 Et
2203 5246 2272 5285 ne
2304 5238 2419 5286 tuta
2457 5231 2614 5301 quies
2644 5230 2791 5284 intus
2822 5246 2922 5300 per
2948 5230 3161 5285 viscera
3193 5231 3350 5305 regni

2111 5319 2345 5374 Securos
2375 5321 2505 5380 alat.
2534 5320 2923 5391 immunesque
2955 5318 3143 5374 fovere
3174 5327 3402 5390 putetur

2112 5409 2243 5464 Fors
2272 5409 2509 5480 aliquos,
2540 5408 2688 5463 bella
2720 5409 2953 5464 interius
2983 5407 3169 5463 civilia
3197 5410 3326 5464 totis

2111 5503 2690 5559 Fervescuntlatebris
2720 5504 3042 5577 largumque
3075 5503 3286 5559 effusus
3312 5504 3519 5577 ubique

2111 5594 2386 5651 Plurimus
2413 5596 2720 5652 IEneadum
2749 5611 2929 5662 cruor,
2961 5595 3352 5652 insistentibus
3383 5596 3517 5668 ipsis

2111 5687 2498 5760 Barbarieque,
2533 5688 2589 5744 in
2619 5704 2682 5745 se
2709 5688 2933 5762 sanguis
2967 5703 3105 5759 quos
3142 5695 3420 5760 Sparserat
3445 5687 3617 5744 almus
