3970 6200
251 310 356 365 689
884 300 967 355 DE
1008 298 1263 356 CHRISTI
1302 296 1664 353 TRIUMPHIS
1703 297 1877 353 APUD
1919 293 2187 350 ITALIAM
2228 292 2405 348 LIBRI
2444 291 2574 348 XIV.
2616 319 2687 331 —
2725 289 2851 345 LIB.
2893 290 2954 344 V.
3483 288 3589 357 690

251 437 358 492 Sed
387 438 513 490 data
545 451 648 505 pax
672 432 837 501 justis
863 446 1053 502 pacem
1086 428 1407 485 confoderat
1435 429 1585 485 orbis
1891 432 1947 501 Α
1970 426 2258 498 Oppressis
2287 425 2488 496 passim
2516 423 2763 479 trucibus
2791 438 2892 494 per
2920 421 3119 493 probra
3147 420 3413 493 tyrannis,

251 530 637 599 Bellorumque
674 525 841 581 trucis
869 525 1063 595 SOpitis
1091 525 1313 597 ignibus
1333 530 1495 577 aestus
1970 516 2241 591 Lugubris
2268 522 2395 571 ante
2416 514 2662 586 quidem,
2694 512 2850 568 ﬂoret
2875 512 2965 583 pia
2993 511 3188 567 concio
3218 509 3441 565 tandem

253 620 389 675 Pace
417 598 595 673 nitent
627 615 838 688 populi,
872 615 1199 670 decorantur
1226 613 1415 669 munia
1436 612 1652 678 Christi,
1970 608 2248 664 Laudibus
2277 607 2445 679 inque
2475 606 2570 661 Dei
2594 602 2837 679 gaudent
2867 602 3018 659 nullo
3049 602 3256 673 impete
3286 598 3459 668 tunsi,

1699 763 1922 835 ,CAPUT
1972 762 2111 818 Vlll.

746 905 824 963 De
846 904 1256 982 persecutione
1288 900 1534 963 Claudii
1565 910 1617 962 et
1644 903 1869 962 sanctis
1898 899 2077 961 Lucio
2105 906 2159 959 et
2186 897 2406 969 Marco,
2439 895 2610 955 Petro
2648 901 2702 953 et
2737 892 3079 955 Theodosio.

252 1043 513 1099 Claudius
544 1040 824 1096 exstincta:
856 1035 1100 1091 rediviva
1140 1034 1397 1090 incendia
1428 1036 1661 1090 ﬂam‘maa
1976 1034 2244 1098 Quattuor
2266 1030 2529 1085 hosinter
2557 1027 2752 1083 validae
2779 1028 2993 1084 fervore
3032 1026 3162 1083 fidei

252 1136 439 1189 Donec
467 1139 521 1186 et
551 1131 801 1186 obtectos
832 1125 1396 1196 reﬂandojrcsuscitat
1428 1125 1586 1199 ignes
1620 1142 1632 1178 :
1977 1121 2174 1176 Lucius
2201 1126 2255 1174 et
2284 1120 2513 1184 Marcus,
2538 1118 2750 1181 Petrus,
2782 1116 3123 1171 Theodosius
3162 1117 3270 1171 alte

254 1226 356 1292 Qui
381 1222 530 1279 Decii
566 1223 797 1293 prolem,
834 1218 958 1274 divo
988 1219 1226 1273 Iordane
1257 1217 1483 1289 piatam,
1974 1212 2281 1287 Flagrando
2313 1227 2436 1267 mox
2469 1210 2741 1265 ensiferos
2769 1224 3065 1280 properare
3097 1216 3318 1264 tuentur
3346 1229 3360 1277 ;

250 1320 725 1385 Temnentemque
757 1313 956 1381 minas,
989 1312 1231 1368 monitus
1258 1318 1312 1366 et
1344 1310 1497 1379 jussa
1527 1308 1741 1382 profani
1977 1307 2212 1361 Poscunt
2244 1302 2579 1376 prteprOperi
2610 1301 2802 1373 primis
2831 1300 3031 1356 caelum
3064 1300 3262 1357 ictibus
3287 1301 3366 1357 ire
3402 1320 3415 1356 :

251 1405 487 1460 Felicem
521 1403 691 1457 crudo
724 1401 937 1475 peragit
960 1415 1221 1454 mucrone
1262 1398 1513 1470 Cyrillum
1976 1396 2123 1460 Quos
2152 1402 2205 1449 et
2230 1394 2477 1449 Justinus
2507 1391 2733 1446 tumulis
2753 1398 3108 1463 sanctamque
3133 1391 3384 1462 Cyrillam

252 1495 457 1550 Militiae
488 1494 695 1565 plures,
725 1508 863 1564 quos
885 1491 1033 1546 fonte
1074 1496 1367 1545 novaverat
1397 1490 1540 1545 almo
1975 1486 2243 1539 Pneterea
2281 1483 2480 1537 multos
2510 1482 2723 1537 cinctus
2756 1481 2963 1553 pietate
2990 1488 3257 1553 receptat,

251 1587 549 1641 Successor
586 1583 719 1637 Sixti
744 1581 1059 1651 Dionysius,
1088 1586 1257 1635 arctat
1286 1587 1339 1634 et
1375 1586 1491 1634 atra
1976 1576 2375 1649 Confessorque
2406 1591 2648 1647 sequens
2676 1589 2903 1631 consors
2941 1574 3239 1631 adhibetur
3265 1573 3513 1631 honoris.

254 1675 519 1729 Bidentes
550 1672 727 1728 rabidi
756 1670 974 1743 perimit
1002 1675 1280 1742 przecepta
1309 1668 1533 1724 furoris.

1757 1793 1965 1849 CAPUT
2011 1793 2100 1848 1X.

1181 1930 1259 1989 De
1287 1928 1558 1989 ducentis
1588 1936 1639 1986 et
1673 1928 1991 2003 sexaginta
2019 1926 2209 1986 simul
2245 1925 2636 2002 martyribus.

244 2067 443 2121 Fertur
473 2068 741 2123 ducentos
773 2068 1036 2123 eruendis
1065 2066 1264 2143 glareis
1891 2066 1943 2133 Β
1971 2062 2219 2118 Gaudere
2250 2061 2477 2133 pulchra
2504 2067 2725 2133 praestat
2752 2061 3029 2118 Asterium
3058 2062 3176 2119 face

241 2156 531 2228 Simulque
561 2158 845 2229 sexaginta
868 2158 1062 2213 ductos
1091 2162 1377 2227 martyres,
1968 2151 2115 2205 Sudo
2146 2150 2343 2220 puellae
2369 2150 2619 2207 restituto
2661 2150 2890 2218 lumine,

242 2247 343 2301 llic
372 2263 463 2301 rex
494 2247 642 2319 gravi
674 2247 862 2302 labore
888 2256 1019 2301 tunc
1052 2247 1323 2302 exercitos
1970 2242 2155 2296 Plures
2194 2239 2444 2294 tenebris
2476 2241 2596 2296 luce
2626 2256 2797 2311 agens
2829 2242 2930 2297 hac
2957 2241 3184 2309 liberos,

239 2337 462 2392 Turmis
493 2338 695 2409 petitos
728 2346 780 2392 et
810 2337 1024 2412 sagittis
1052 2338 1270 2392 saucios
1970 2334 2147 2403 lpsam
2175 2332 2827 2404 patremque,conjugem
2861 2348 2925 2387 ac
2952 2331 3308 2390 domesticos.

242 2428 330 2483 Ad
359 2444 529 2499 regna
562 2428 685 2482 coeli
727 2445 757 2482 a
785 2428 1051 2483 servitute
1092 2435 1277 2482 terrea
1969 2424 2103 2478 Tum
2124 2423 2443 2478 verberatus
2472 2438 2573 2477 nec
2601 2422 2867 2477 subactus
2897 2422 3136 2479 fustibus

244 2520 479 2574 Vinctus
509 2521 729 2575 coronis
768 2519 1029 2574 extulisse
1060 2525 1324 2589 tempora.
1970 2517 2129 2573 Truci
2154 2517 2392 2588 capessit
2423 2524 2608 2572 sectus
2637 2534 2773 2574 ense
2800 2518 3051 2574 coelicam

247 2611 454 2666 Horum
483 2609 655 2664 tulere
686 2608 932 2664 membra
963 2608 1104 2663 servi
1122 2608 1298 2663 ccelici
1972 2605 2223 2661 Mercede
2252 2606 2449 2676 capitis
2479 2623 2639 2679 quam
2660 2608 2868 2678 paravit
2895 2608 3123 2684 regiam.

244 2700 455 2755 Marius
492 2698 583 2770 pia
608 2698 795 2771 jugale
824 2698 1031 2752 Martha
1059 2697 1319 2767 praeditus
1975 2699 2111 2755 Hinc
2137 2698 2467 2753 exhibentur
2497 2698 3089 2757 advenaaillustrissimi

244 2791 571 2862 Junctisque
602 2791 742 2846 votis
772 2788 1001 2845 Audifax
1024 2797 1078 2844 et
1100 2789 1373 2854 Abbacuc,
1971 2794 2199 2867 Actique
2230 2793 2436 2869 ﬂagris,
2468 2800 2621 2868 terga
2649 2793 2775 2849 (ιωεί
2798 2793 3019 2861 robore,

246 2881 495 2945 Quorum
526 2886 782 2934 notantur
807 2885 934 2949 apta
954 2877 1105 2933 coelis
1127 2878 1376 2946 nomina,
1975 2883 2108 2957 Regi
2141 2899 2382 2955 superno
2412 2889 2536 2939 vota
2565 2882 2805 2937 reddunt
2842 2882 3053 2956 gloriae,

247 2968 527 3024 Orationis
555 2967 728 3043 gratia
756 2967 851 3038 qui
883 2983 947 3020 ex
980 2965 1193 3036 persida

1976 2977 2094 3032 Mox
2112 2977 2237 3051 igne
2267 2977 2393 3032 tosti
2424 2986 2477 3033 et
2507 2993 2692 3053 ungue
2723 2977 2853 3033 fossi
2884 2976 3064 3033 ferrea

246 3062 641 3132 Apostolorum
671 3066 940 3115 venerant
971 3058 1038 3111 ad
1080 3057 1272 3111 limina

1977 3070 2138 3125 Pensi
2166 3079 2391 3139 catasta,
2423 3070 2596 3146 gratia
2626 3071 2737 3127 Deo
2768 3070 2927 3128 litant

247 3154 470 3209 Joanne
500 3152 619 3207 fulti
648 3152 979 3207 nobilissimi
1011 3150 1259 3217 advenas,
1977 3161 2283 3233 Christique
2305 3161 2451 3215 clara
2479 3161 2533 3214 in
2566 3161 2729 3215 laude
2768 3160 2876 3215 laeti
2910 3170 3268 3233 concrepant.

249 3247 474 3300 Honore
503 3244 703 3319 dignus
740 3243 837 3315 qui
868 3242 1079 3297 nitebat
1112 3241 1421 3313 presbyter,

1976 3252 2229 3307 Manibus
2268 3251 2459 3306 recisis
2480 3250 2855 3323 inclytumque
2888 3253 2943 3306 in
2973 3253 3218 3309 dedecus

250 3336 529 3408 Cultuque
552 3337 785 3391 honesto
814 3334 1141 3408 colligentes
1172 3331 1362 3386 linteis
1906 3386 1951 3413 η
1977 3344 2055 3399 Ad
2086 3328 2427 3410 colla‘ncxis,
2452 3343 2657 3398 ten-itis
2678 3343 3051 3413 spectaculum

259 3386 525 3408 ____-_1_-
1094 3386 1133 3387 κγ
1977 3386 2055 3399 η..
2087 3386 2225 3399 υνυς,
2248 3386 2427 3410 "ww,
2455 3386 2657 3398 .-.μην
2678 3386 3051 3413 υγνυ...υν.......

250 3428 463 3498 Emptis
500 3444 655 3483 sacra
681 3443 804 3482 ossa
829 3426 1127 3482 condidere
1156 3423 1381 3478 Salaria.
1904 3386 1954 3455 θ’
1976 3432 2132 3488 Ducti
2162 3449 2259 3503 per
2288 3432 2487 3486 urbem
2518 3433 2672 3487 triste
2698 3432 2832 3487 dant
2871 3433 3194 3501 Quiritibus,

247 3524 409 3578 Tunc
438 3531 492 3577 et
521 3522 808 3588 Quirinum
840 3536 1024 3575 amore
1047 3518 1243 3573 Christi
1276 3517 1369 3589 qui
1400 3517 1593 3591 vigens
1975 3527 2066 3581 Sic
2086 3525 2225 3580 colla
2255 3525 2391 3579 secti
2430 3541 2599 3599 regna
2627 3524 2902 3599 scandunt
2938 3525 3132 3583 ccclica

250 3614 743 3685 Proscriptioncm,
778 3613 965 3689 ﬂagra,
997 3612 1197 3677 vincla,
1230 3610 1443 3676 funera,
1977 3619 2149 3688 caput
2178 3630 2373 3671 cruore
2402 3614 2607 3670 Martha
2631 3616 2836 3687 gaudet
2868 3616 3107 3692 tingere,

251 3708 456 3777 Spreto
492 3706 829 3775 triumphum
862 3720 1055 3774 passus
1086 3704 1240 3758 hoste
1270 3708 1581 3773 sumpserat
1608 3718 1623 3768 ;
1975 3710 2104 3775 Quae
2133 3723 2313 3762 mersa
2341 3708 2563 3779 lympha
2590 3707 2788 3763 coelum
2820 3707 2889 3763 ab
2909 3709 3075 3763 undis
3097 3712 3304 3784 expetit
3336 3731 3350 3769 :

250 3803 427 3866 Quem
456 3800 585 3854 dum
617 3806 834 3854 tenetur
855 3798 1395 3872 foverantergastulo
1976 3800 2086 3854 Nec
2116 3805 2265 3853 tanta
2295 3798 2519 3854 adactos
2551 3798 2700 3853 caede
2731 3798 2892 3853 mites
2928 3798 3133 3855 sufﬁcit

249 3892 441 3947 Tiberi
473 3886 748 3946 revéctum
780 3890 1032 3945 Pontiani
1062 3890 1398 3944 interserunt
1977 3894 2117 3960 Quin
2158 3909 2226 3948 ne
2254 3892 2524 3965 sepulcris
2551 3900 2866 3949 muneraret
2894 3893 3134 3950 charitas

260 3980 463 4045 Bustis,
499 3980 698 4035 decore
729 3994 838 4051 quo
869 3979 1100 4033 decebat
1128 3986 1441 4048 martyrem.
1974 3974 2145 4059 Regis
2165 3984 2317 4040 litata
2339 3985 2745 4059 conﬂagrarunt
2770 4002 3022 4058 corpora.

260 4074 393 4128 Post
423 4073 567 4127 hunc
595 4072 852 4143 prehensi
884 4088 1006 4126 cum
1038 4070 1327 4125 Valentino
1360 4070 1414 4123 in
1447 4069 1611 4125 domo
1979 4076 2251 4130 Semiusta
2279 4075 2449 4131 fertur
2478 4092 2603 4130 ossa
2630 4076 2726 4130 sed
2757 4077 3009 4133 Felicitas

263 4168 417 4223 Ultro
447 4177 757 4233 manentes,
786 4183 890 4238 qua
930 4166 1123 4220 beatus
1162 4165 1252 4219 hic
1272 4181 1428 4220 sacer
1982 4165 2247 4235 Rapuisse
2265 4164 2398 4219 diris
2426 4166 2731 4220 occulenda
2758 4166 2826 4220 ab
2858 4166 3082 4240 ignibus

263 4260 638 4317 Confessionis
652 4259 872 4316 clausus
901 4260 1057 4313 almae
1087 4258 1261 4332 gloria
1980 4258 2269 4329 Bustisque
2299 4257 2520 4329 pr0prio
2549 4258 2863 4315 condidisse
2891 4259 3099 4330 praedio

256 4350 485 4404 Animas
510 4350 777 4415 sacrabat,
808 4348 955 4404 clara
978 4346 1116 4402 dans
1144 4345 1432 4411 miracula,
1982 4346 2120 4401 Pure
2152 4347 2389 4402 levatant
2414 4347 2720 4422 conjugans
2746 4348 3074 4423 viraginem.

262 4439 430 4502 Queis
457 4438 717 4495 caecitatis
748 4446 964 4493 erutum
998 4435 1235 4508 caligine

1782 4565 1991 4621 CAPUT
2028 4567 2093 4623 X.

1458 4704 1539 4764 De
1578 4713 1785 4765 sancto
1830 4703 2085 4766 Caesarie
2124 4716 2414 4785 martyre.

263 4844 615 4912 Tempestate
643 4840 743 4895 sub
778 4841 894 4905 hac,
928 4839 1115 4895 divino
1137 4838 1363 4895 numine
1387 4839 1606 4907 ductus,
1714 4916 1719 4921 _
1906 4853 1965 4921 D
1985 4841 2223 4899 Latoidze
2246 4860 2355 4900 non
2380 4844 2532 4914 jussa
2559 4843 2763 4910 ferens,
2792 4842 2963 4899 fundo
2989 4843 3100 4899 ruit
3132 4843 3285 4899 aedes

270 4930 535 4986 Ctesal'ills
561 4929 905 4984 TerraCinam
938 4928 1235 4984 devenerat
1260 4928 1474 4991 urbem.
1986 4936 2308 4993 Pontiﬁcem
2336 4937 2541 5008 pariter
2568 4936 2863 4991 Firminum
2889 4937 3141 5007 amplexa
3167 4935 3364 4991 ruinis.

268 5023 656 5094 Saxicolasque
688 5022 880 5076 videns
906 5022 1035 5075 dum
1060 5028 1245 5075 mente
1273 5021 1556 5094 redarguit
1585 5021 1714 5089 alta,
1987 5029 2153 5084 sacra
2180 5030 2609 5099 triumphantem
2636 5028 2877 5101 populus
2899 5045 2969 5085 nc
2999 5029 3163 5084 laude
3195 5032 3424 5087 coronet

268 5115 527 5184 ΡΓίηϐίΡθ
556 5112 817 5180 Firmino:
850 5113 1004 5167 (“VOS
1027 5113 1602 5183 lutani8,PFeileDSUS,
1989 5123 2109 5177 Mox
2132 5122 2303 5197 nigris
2334 5124 2511 5178 victor
2540 5122 2729 5177 divum
2751 5122 3053 5177 retruditur
3082 5120 3276 5188 antris,

269 5212 608 5281 Carcereque
638 5208 904 5275 inclusus,
938 5209 1153 5280 probris
1180 5208 1445 5280 afﬂigitur
1475 5214 1648 5262 actus.
1991 5213 2105 5276 Qua
2135 5213 2365 5268 Domino
2388 5212 2613 5281 junctus
2641 5218 2756 5267 toto
2778 5210 3048 5265 mansisse
3073 5209 3175 5264 sub
3198 5223 3345 5264 anno

270 5301 513 5371 Suscipit
543 5300 843 5367 addictum,
876 5307 1000 5371 pOSl
1032 5300 1135 5355 ista
1165 5299 1421 5355 Leontius
1452 5307 1615 5369 atque
1991 5305 2202 5371 Fertur,
2237 5311 2291 5359 et
2318 5304 2449 5360 hinc
2470 5303 2696 5374 plenum
2721 5300 3081 5374 suppletdum
3095 5300 3326 5373 Cynthia
3351 5315 3578 5355 cursum

273 5395 537 5450 Invictum
571 5409 827 5448 sermone
850 5394 1091 5464 probans
1122 5392 1339 5448 feritate
1378 5391 1598 5447 lucescit
1627 5408 1639 5444 :
1995 5397 2259 5452 Redditus
2284 5397 2415 5452 inde
2445 5394 2563 5452 foro
2592 5394 2851 5468 precibus
2878 5395 3008 5450 dum
3042 5393 3281 5449 transilit
3308 5398 3455 5449 astra

272 5491 407 5545 Nam
440 5506 549 5560 prae
589 5488 861 5545 curriculo
892 5504 1128 5560 pergens
1148 5488 1258 5559 agit
1288 5486 1353 5539 ad
1385 5502 1537 5540 sacra
1569 5484 1759 5541 Phoebi
1993 5488 2237 5543 Luminis
2266 5488 2507 5543 ambitur
2531 5488 2716 5543 subito
2739 5486 2953 5560 fulgore
2974 5486 3200 5558 superni
3233 5504 3248 5553 ;

274 5579 535 5634 Vestibus
562 5578 827 5632 intectum
858 5586 981 5648 post
1021 5586 1171 5648 terga
1202 5592 1507 5646 manusque
1541 5576 1841 5630 revinctum
1874 5590 1890 5640 ;
1994 5585 2243 5641 Εχιει-ηίε
2270 5587 2359 5641 lux
2389 5585 2499 5640 lata
2523 5584 2699 5640 oculis
2728 5584 2945 5639 interna
2967 5582 3232 5654 pericu-at

276 5674 392 5736 Quo
418 5670 547 5725 dum
580 5668 911 5740 perveniens
937 5667 1166 5723 Domino
1198 5667 1286 5738 pia
1313 5671 1437 5720 vota
1465 5665 1727 5731 refundit,

1993 5679 2165 5737 Corda
2190 5680 2365 5736 virum
2399 5695 2413 5734 :
2442 5690 2641 5749 supero
2664 5675 2959 5752 splendore
2986 5674 3244 5732 Leontius
3262 5681 3457 5732 auctus
