3970 6200
395 294 493 348 691
1158 290 1525 345 FLODOARDI
1567 289 1870 345 CANONICI
1913 288 2237 344 REMENSIS
2278 288 2617 347 OPUSCULA
2657 290 2967 346 METRICA.

398 418 629 473 Credere
654 432 713 471 se
741 416 922 487 prodit
951 415 1353 488 chlamidisque
1381 415 1617 472 obnubit
1638 415 1840 471 amictu

396 510 735 564 Praebentem
764 506 911 560 nudo
939 504 1249 576 spectacula
1277 521 1510 575 corpore
1539 505 1721 580 vulgo.

397 599 505 651 Nec
526 610 697 659 mora,
725 593 955 648 diluitur
982 594 1218 664 divaque
1240 594 1544 649 renascitur
1574 594 1741 657 unda,

396 691 528 746 Vitae
556 696 610 745 et
638 705 792 745 sacra
823 688 950 759 piae,
976 689 1194 744 Juliano
1222 689 1410 753 dante,
1444 704 1741 759 capessens

398 782 550 837 Fusis
578 796 704 837 mox
735 782 992 853 precibus
1008 780 1175 835 celeri
1207 781 1345 851 petit
1374 781 1577 836 aethera
1606 782 1768 835 saltu.

396 876 778 948 Presbyterum
842 884 1091 931 sanctum
1145 875 1422 930 Iulianum
1471 874 1787 947 almumque
1848 875 2015 930 mini-

1780 966 1941 1038 [trum

397 1059 538 1112 Czesa
548 1058 688 1113 rium
720 1058 979 1131 princeps
995 1058 1114 1127 ejus
1129 1074 1289 1115 sacco
1316 1059 1487 1114 insuit
1504 1060 1658 1115 urbis

398 1146 686 1214 Luxurius,
720 1132 1103 1218 parricidalem
1135 1148 1293 1219 quasi
1324 1164 1543 1203 sumere
1576 1147 1832 1203 mulctam

400 1234 753 1301 Promeritos,
783 1236 997 1308 gremio
1023 1236 1226 1307 sumpti
1250 1238 1343 1309 qui
1371 1236 1427 1291 in
1459 1236 1658 1291 caerula
1681 1236 1833 1308 ponti

398 1330 473 1383 Ne
492 1330 659 1383 maris
689 1329 981 1385 ebiberent
1012 1330 1210 1385 ﬂuctus
1239 1331 1574 1403 lymphantis
1600 1346 1818 1386 amaros

398 1418 708 1473 Vorticibus
736 1419 1006 1474 scandunt
1034 1420 1278 1475 Thetidis
1307 1421 1552 1475 coelestia
1583 1421 1829 1475 summis.

400 1512 655 1567 Littoreis
678 1513 885 1580 thecas,
916 1513 1211 1568 reddentes
1239 1514 1389 1570 illico
1418 1514 1620 1583 arenis,

402 1602 671 1658 Eusebius
694 1620 830 1676 quas
860 1605 990 1659 inde
1024 1605 1150 1676 pius
1181 1605 1434 1661 monachi
1468 1605 1648 1660 bonus
1678 1611 1800 1660 actu

402 1697 546 1751 Dans
576 1703 734 1751 terra}
765 1704 962 1751 terram
985 1696 1188 1752 dictam
1216 1713 1389 1769 pr0pe
1420 1697 1670 1753 condidit
1692 1695 1883 1750 urbem

402 1790 637 1853 Quorum
666 1789 733 1843 ad
764 1789 923 1844 busta
939 1806 1132 1861 preces
1157 1789 1390 1846 Domino
1421 1805 1484 1844 ac
1506 1790 1715 1861 jejunia
1745 1789 1943 1856 libans,

2032 419 2082 486 Α
2110 415 2245 471 Dum
2276 414 2479 471 multos
2502 414 2710 471 cultum
2735 432 2767 470 a
2796 416 2956 473 vanis
2984 416 3256 473 convertit
3275 417 3346 472 ad
3383 408 3602 474 almum

2112 506 2405 578 Presbyter
2425 508 2665 563 aathereo
2695 507 2823 563 felix
2853 524 2993 580 quos
3014 508 3163 565 fonte
3184 510 3446 576 novabat,

2115 596 2323 652 Eﬂ‘erus
2351 598 2618 669 aequivoci
2654 599 2856 670 pietate
2882 599 3146 655 Leontius
3183 600 3378 657 ambos

2113 690 2269 762 Rapti
2310 690 2693 746 inconcussam
2724 690 2943 764 stringit
2969 692 3240 764 genitoris
3267 694 3338 748 ad
3358 710 3570 758 arcem,

2114 780 2246 835 Inde
2277 779 2395 835 foro
2425 780 2633 837 inducti
2659 781 2927 853 nulloque
2953 782 3135 857 rigore
3169 782 3384 839 subacti

2111 871 2243 925 Tum
2275 870 2520 926 tenebris
2548 871 2705 939 trusi,
2733 871 2863 926 dum
2898 871 3041 928 ferre
3072 873 3322 929 litamina
3348 881 3639 947 temnunt,

2116 963 2587 1039 Excipiunt'enscs
2611 964 2962 1039 migrantque
2982 965 3052 1020 ad
3077 965 3258 1020 sidera
3288 966 3397 1021 laeti
3430 985 3445 1033 ;

2113 1059 2351 1128 Corpora
2381 1056 2629 1113 ﬂuminei
2655 1057 2896 1129 lymphis
2924 1066 3150 1129 exposta
3178 1058 3377 1114 lavacri

2113 1148 2191 1201 Ad
2217 1164 2366 1203 mare
2390 1149 2723 1216 concedunt,
2751 1148 3036 1204 custodem
3068 1149 3275 1221 quippe
3308 1149 3534 1205 ﬁdelem

2115 1240 2209 1294 Cui
2230 1255 2354 1295 sese
2385 1240 2591 1295 dedant
2619 1240 2922 1313 quaerentia
2943 1258 3175 1296 munera
3204 1242 3433 1316 dignum
3465 1260 3480 1295 :

2114 1331 2348 1396 Quartus
2375 1332 2443 1386 ad
2476 1332 2532 1386 id
2564 1331 2747 1403 Capua
2770 1333 3069 1404 perductus
3094 1333 3163 1388 ab
3190 1334 3325 1389 urbe
3348 1336 3620 1391 sacerdos

2115 1422 2408 1478 Littoribus
2438 1424 2617 1498 legata
2644 1425 2786 1480 levat
2816 1427 3220 1497 commissaque
3249 1425 3458 1498 perfert

2114 1513 2392 1585 Curriculo
2413 1516 2627 1571 sublata
2656 1532 2858 1581 casam,
2900 1517 3083 1587 capita
3110 1525 3276 1588 atque
3302 1516 3598 1588 requirens

2116 1606 2351 1673 Invenit,
2382 1607 2615 1678 haecque
2637 1607 2745 1662 sibi
2769 1623 2828 1661 se
2850 1607 2993 1662 ultro
3027 1608 3323 1678 pandentia
3352 1608 3529 1662 sumit

2117 1699 2428 1770 Junctaque
2451 1699 2776 1769 corporibus
2806 1715 2913 1771 qua
2928 1699 3162 1774 pignora
3181 1708 3370 1755 sancta
3387 1700 3669 1767 locarunt,

2044 1767 2091 1832 η
2120 1767 2410 1843 Ductorum
2434 1767 2658 1842 tumulis
2688 1767 2910 1843 scollata
2929 1767 3183 1845 recondit
3213 1789 3483 1844 honestis.

1161 1923 1172 1936 .
1246 1993 1736 2082 INCIPIT
1822 1992 2211 2079 LIBER
2305 1990 2855 2079 SEXTUS.

1801 2168 2007 2225 CAPUT
2056 2168 2339 2224 PRIMUM.

1674 2305 1753 2364 De
1785 2314 1990 2365 sancto
2036 2306 2223 2366 Felice
2261 2320 2444 2383 papa.

402 2441 554 2498 Felix
584 2442 640 2496 in
668 2440 941 2497 cathedrae
967 2440 1244 2512 applicitis
1274 2440 1653 2496 moderamine
1683 2440 1828 2497 Petri

404 2533 739 2595 Succedens,
774 2532 916 2587 bene
934 2538 1112 2607 gestat
1137 2548 1301 2600 onus,
1321 2533 1463 2588 bene
1486 2539 1679 2588 tractat
1730 2534 2015 2599 honorem,

404 2624 627 2695 Mystica
653 2625 960 2679 decernens
984 2624 1251 2679 victorum
1282 2626 1350 2679 ad
1382 2625 1547 2680 busta
1572 2624 1715 2680 litari

403 2718 575 2787 Atque
606 2725 899 2771 coronatus
938 2715 1174 2787 fusoque
1203 2732 1398 2771 cruore
1429 2717 1796 2788 triumphans,

403 2805 1032 2876 Qucmjubetimpendi,
1062 2806 1373 2875 impensum
1407 2813 1572 2877 caput
1602 2807 2011 2878 ipsedecorem.

405 2897 720 2952 Euticianus
751 2914 875 2951 eum
915 2895 1212 2968 ofﬁcioque
1236 2896 1456 2970 ﬁdeque
1485 2906 1730 2965 secutus,

405 2992 756 3062 Nequaquam
788 2991 1045 3046 inferiore
1067 2993 1250 3049 studet
1280 2993 1498 3064 pietatis
1524 3009 1709 3048 amore

406 3080 644 3135 Gliscere
676 3080 730 3133 in
760 3079 1041 3147 emeritos,
1074 3097 1199 3136 nam
1233 3098 1332 3154 per
1349 3082 1565 3137 diversa
1591 3088 1872 3138 trecentos

2120 2442 2489 2516 Quadraginta
2514 2441 2767 2514 duosque
2789 2440 2975 2497 ferunt
3012 2443 3315 2515 polyandra
3348 2445 3563 2500 locasse

2120 2531 2275 2587 Cede
2305 2538 2620 2595 coronatos,
2652 2529 2910 2585 manibus
2938 2547 3079 2602 quos
3105 2532 3224 2603 ipse
3255 2534 3595 2599 recondens,

2119 2619 2442 2691 Martyribus
2470 2620 2636 2693 digno
2671 2619 2931 2691 cultuque
2964 2618 3145 2675 affecit
3175 2621 3431 2677 honesto.

2118 2717 2226 2773 Nec
2247 2732 2420 2782 mora,
2449 2717 2777 2786 conjunctus
2805 2715 3045 2771 victores
3074 2715 3286 2771 evibrat
3316 2716 3488 2783 inter,

2115 2808 2363 2863 Testibus
2382 2815 2436 2864 et
2459 2808 2613 2863 testis
2641 2809 2980 2864 convertitur
3009 2817 3203 2864 auctus
3236 2809 3469 2864 honore.

2118 2898 2241 2968 Ipse
2268 2896 2469 2970 quibus
2497 2897 2709 2953 loculos
2732 2898 2924 2953 habitu
2954 2897 3197 2953 contexit
3227 2914 3453 2953 amoeno

2117 2989 2419 3043 Occurrunt
2437 2988 2547 3043 lacti
2576 2987 2727 3044 socio
2758 3005 2924 3044 aurea
2947 3003 3115 3063 regna
3146 2989 3355 3059 petenti

2048 3060 2095 3127 (ἶ
2120 3083 2370 3153 Luceque
2389 3080 2743 3154 conspicuam
2773 3080 2982 3136 ducunt
3011 3087 3295 3156 gratanter
3326 3080 3382 3136 in
3404 3080 3613 3135 aulam.

1912 3217 2120 3273 CAPUT
2169 3219 2235 3272 II.

1428 3338 1506 3398 De
1531 3341 1758 3399 sanctis
1794 3337 2073 3411 Busilide,
2111 3338 2386 3401 Mandaii
2411 3348 2463 3399 et
2499 3341 2699 3400 sociis.

401 3476 550 3531 Tunc
571 3476 869 3546 imperator
892 3474 1150 3532 incitatus
1171 3477 1428 3533 manibus

411 3565 734 3621 Aurelianus
764 3574 938 3621 castra
966 3566 1110 3641 regis
1139 3567 1336 3635 coelici,

402 3656 590 3710 Edicta
620 3656 832 3713 cudens
852 3671 1031 3712 nonus
1057 3656 1462 3731 indignissima.

400 3746 656 3814 Vexabat,
686 3748 941 3805 evitanda
978 3757 1196 3805 certans
1225 3748 1431 3819 praelia.

2117 3478 2367 3533 Basilidis
2396 3478 2501 3534 isto
2530 3479 2908 3552 Mandalisque
2940 3480 3173 3536 traditur

2114 3569 2364 3640 Tripodis
2391 3569 2668 3643 simulque
2698 3571 2783 3625 his
2810 3572 3003 3627 decem
3032 3572 3304 3627 sodalium

2119 3662 2302 3717 Romae
2331 3661 2667 3734 triumphum
2701 3670 2858 3719 nacta
2878 3664 3051 3720 virtus
3080 3665 3291 3738 impetu
3322 3687 3339 3722 :

2119 3750 2212 3805 Via
2239 3759 2489 3823 receptos
2508 3767 2648 3824 quos
2676 3751 2860 3809 ferunt
2889 3753 3125 3810 Aurelia.

1898 3879 2109 3935 CAPUT
2155 3879 2249 3936 Ill.

1747 4004 1821 4062 De
1860 4011 2068 4064 sancto
2110 4004 2153 4062 Α
2160 4002 2385 4080 gapito.

401 4144 662 4221 Agapitus
677 4142 1072 4199 Praenestinum
1101 4142 1317 4200 fervore
1334 4144 1439 4199 sub
1467 4145 1587 4216 ipso

400 4236 639 4292 Illustrat
666 4236 864 4291 virtute
893 4236 1070 4292 solum
1108 4254 1121 4290 :
1152 4236 1247 4308 qui
1272 4237 1395 4292 luce
1425 4237 1571 4293 beati

400 4325 636 4380 Functus
669 4325 976 4396 Porphorii,
1000 4325 1233 4381 celebris
1258 4326 1465 4397 pietate
1488 4327 1737 4402 magistri

397 4418 463 4472 Ut
493 4417 659 4474 fontis
685 4417 948 4489 liquidam
966 4419 1161 4474 sitiens
1181 4418 1461 4474 desiderat
1489 4420 1693 4474 undam

396 4505 633 4578 Martyrii
665 4523 942 4561 summum
974 4506 1127 4562 ﬁbris
1147 4508 1375 4563 ardebat
1401 4509 1688 4563 honorem.

396 4598 493 4652 Vix
523 4607 683 4655 natus
709 4606 833 4671 post
859 4601 1107 4672 quinque
1135 4601 1325 4656 decem
1351 4601 1724 4672 compleverat
1761 4617 1938 4657 annos

394 4695 710 4765 Sceptriferi
726 4695 897 4763 jussis
922 4701 978 4750 et
1015 4702 1198 4750 tentus
1223 4695 1293 4750 ob
1326 4694 1530 4765 inclyta
1560 4694 1757 4749 Christi

395 4786 522 4849 Quae
553 4800 662 4840 non
686 4785 933 4841 cessabat
973 4784 1250 4856 prmconia
1274 4798 1535 4856 Spargere
1555 4784 1719 4840 dictis
1743 4802 1756 4840 :

395 4874 591 4929 Crudis
614 4874 918 4950 subrigitur
946 4873 1431 4947 nervisﬂagrisque
1449 4874 1657 4929 severis
1691 4891 1704 4940 ;

393 4962 636 5020 Invictus
664 4962 885 5019 tandem
917 4962 1064 5019 lasso
1096 4978 1299 5018 caesore
1325 4962 1591 5035 probatus

392 5053 622 5109 Censori
645 5053 915 5109 Antiocho
946 5053 1108 5109 datur
1137 5053 1503 5127 appellendus
1527 5055 1595 5110 ad
1618 5071 1760 5124 aras,

393 5147 616 5219 Spurcis
641 5146 737 5221 qui
767 5147 990 5203 latebris
1013 5154 1281 5222 antroque
1321 5147 1573 5223 nigrante
1602 5156 1886 5222 receptum

395 5237 694 5304 Quatriduo
723 5238 1185 5310 tenetimpastum
1226 5234 1559 5313 sump’tuque
1586 5248 1903 5310 carentem;

392 5328 681 5387 Exhibitus
710 5332 941 5403 posthac
969 5332 1227 5390 ardentes
1248 5332 1454 5389 vertice
1476 5348 1705 5406 prunas,

2032 4372 2090 4441 D

2116 4147 2212 4203 Ille
2244 4148 2419 4202 inter:
2446 4168 2473 4198 ι
2502 4147 2722 4203 Frustra
2749 4148 3022 4219 sapientia
3048 4164 3186 4204 vana
3214 4149 3430 4204 laborat

2119 4238 2174 4291 In
2206 4235 2378 4305 fumo,
2404 4252 2607 4309 praeses
2644 4243 2755 4292 tua.
2791 4257 2820 4285 ιι
2851 4236 3129 4292 Turbidus
3148 4237 3241 4293 ille
3270 4237 3505 4308 profatis

2113 4328 2280 4382 Vexat
2312 4327 2441 4382 item
2468 4327 2675 4394 crudis,
2709 4327 2857 4383 lanio
2887 4328 3216 4393 alternante,
3248 4328 3506 4403 ﬂagellis,

2119 4421 2289 4492 Inque
2318 4421 2494 4476 vicem
2524 4420 3056 4477 sibimetsuccedere
3087 4427 3345 4492 quattuor
3374 4420 3547 4476 addit.

2116 4510 2251 4566 Hinc
2281 4517 2529 4565 ventrem
2563 4509 2809 4581 profudit
2828 4510 2879 4565 ei
2910 4508 3212 4565 ferventior
3238 4510 3410 4575 unda”,

2110 4601 2390 4676 Frangunt
2419 4600 2690 4668 maxillas,
2730 4600 2954 4655 Iaudem
2977 4598 3321 4673 perfringere
3354 4597 3549 4653 Christi

2109 4689 2216 4744 Sed
2242 4690 2393 4745 nulla
2414 4696 2529 4746 arte
2548 4691 2734 4745 valent
2750 4688 2965 4743 Satana:
2984 4697 3285 4757 superante
3316 4686 3549 4742 ministri

2109 4780 2201 4834 Ast
2226 4795 2297 4834 ne
2319 4778 2603 4853 sacrilegis
2632 4779 2856 4854 longum
2878 4778 3142 4833 subsanet
3172 4777 3407 4832 inultum

2108 4867 2368 4943 Cognitor
2396 4868 2654 4923 athletam
2682 4867 2880 4922 Christi
2908 4866 3047 4920 dans
3075 4863 3245 4920 eﬂ'era
3276 4872 3442 4932 tutus,

2116 4962 2241 5016 Haec
2272 4960 2414 5016 inter
2442 4960 2626 5015 subito
2644 4959 2878 5033 caligine
2905 4957 3147 5033 cingitur
3162 4965 3304 5025 atra,

2116 5053 2301 5123 Deque
2332 5048 2592 5107 tribunali
2619 5048 2873 5105 recidens
2900 5049 3101 5105 virtute
3131 5048 3423 5103 subactum

2113 5149 2368 5220 Martyris
2393 5148 2629 5203 addiscit
2666 5146 2881 5202 delatus
2906 5143 3105 5201 robore
3137 5145 3339 5208 inanis,

2114 5242 2389 5314 Lectoque
2420 5240 2736 5312 applicitus,
2759 5237 2900 5293 tristi
2919 5237 3001 5293 sic
3016 5235 3212 5291 funere
3246 5236 3487 5304 functus,

2114 5335 2335 5390 Plenam
2367 5333 2495 5389 felle
2524 5333 2763 5388 animam
2790 5345 2992 5386 vacuas
3020 5329 3222 5384 emittit
3251 5329 3308 5384 in
3329 5344 3512 5384 auras.

388 5420 631 5492 Suscipit
660 5422 914 5478 exultans
940 5424 1095 5480 testis
1128 5433 1429 5500 gratesque
1462 5427 1777 5498 rependens

389 5513 585 5569 Omnia
610 5516 852 5571 servanti
878 5532 1048 5589 seque
1070 5518 1186 5575 haec
1217 5519 1270 5575 in
1296 5519 1445 5574 bella
1473 5520 1696 5576 levanti.

390 5602 635 5658 Caeditur
659 5605 792 5661 inde
823 5606 1009 5683 ﬂagris
1030 5610 1232 5677 nudus,
1265 5611 1627 5683 suspenditur
1652 5617 1774 5667 acto

391 5690 471 5742 Ad
501 5696 701 5745 terram
732 5695 936 5764 capite,
960 5712 1024 5750 ac
1044 5695 1195 5753 fumo
1222 5698 1574 5769 perfunditur
1599 5700 1707 5754 acri

2111 5427 2240 5483 Acta
2266 5427 2387 5482 haec
2419 5426 2693 5481 Caesareas
2717 5422 3000 5493 stupidant
3028 5422 3158 5477 dum
3178 5422 3431 5494 protinus
3460 5436 3619 5476 aures

2110 5521 2234 5591 Ipse
2261 5517 2503 5575 leoninis
2527 5518 2677 5572 dicat
2703 5515 2987 5571 haustibus
3010 5530 3133 5569 esse
3164 5513 3469 5570 vorandum

2107 5613 2381 5667 Victorem
2417 5610 2643 5666 humani
2666 5625 2766 5680 per
2790 5613 2937 5663 tanta
2960 5613 3168 5678 tropaea
3197 5605 3397 5661 furoris

2108 5700 2297 5756 Mitent
2320 5700 2489 5756 corda
2516 5699 2670 5766 ferae,
2705 5704 2954 5754 naturam
2984 5711 3196 5769 ponere
3224 5694 3490 5772 gaudent,
