3970 6200
234 301 343 356 693

222 427 637 496 Mansuetaeque
668 429 854 487 ruunt,
878 423 1045 478 vincti
1078 430 1132 477 et
1172 424 1397 496 \estigia
1422 424 1683 481 lambunt.

223 521 487 574 Securum
516 532 647 589 ergo
681 515 823 570 feras
845 515 987 570 inter
1016 515 1191 590 magis
1218 531 1337 570 esse
1365 516 1620 572 dolentes

225 612 440 685 Flagitii
473 610 833 664 fabricatores
868 608 1205 679 scelerisque
1234 608 1488 674 clientes,

223 708 474 763 Belluina
506 722 669 777 quam
703 706 846 759 inter
883 704 1137 760 homines
1158 703 1372 759 feritate
1404 703 1668 769 furentes,

223 798 297 851 De
331 796 515 850 medio
548 802 740 849 testem
775 795 945 849 multa
983 795 1181 849 virtute
1208 796 1496 865 probatum

223 885 534 956 Abripiunt,
566 884 1080 954 proculabducunt,
1105 885 1245 939 colla
1277 885 1420 939 ultro
1455 884 1700 939 litantem

222 976 567 1031 Celsithrono
596 975 799 1030 feriunt
825 974 1082 1047 ferroque
1104 975 1171 1029 ad
1198 974 1379 1029 sidera
1411 976 1627 1031 tollunt.

224 1069 601 1138 DeprOperant
635 1078 909 1139 noctuque
942 1068 1133 1141 legunt
1162 1076 1371 1121 sacrata
1401 1066 1595 1121 ﬁdeles

224 1156 467 1213 Membra
499 1156 718 1229 sibique
751 1171 976 1228 suaeque
1007 1156 1216 1212 vehunt
1246 1156 1513 1212 tutamina
1551 1155 1699 1227 plebi

852 298 935 353 DE
975 298 1237 353 CHRISTI
1278 298 1642 354 TRIUMPHIS
1683 301 1854 357 APUD
1897 300 2164 356 ITALIAM
2205 300 2379 355 LIBRI
2420 300 2550 355 XIV.
2591 329 2661 340 —
2700 299 2829 354 LIB.
2872 301 2957 354 VI.

3462 303 3569 357 δοι

1870 432 1921 497 Α
1949 427 2023 482 Ac
2051 442 2190 481 nova
2221 433 2335 481 tum
2372 424 2575 493 loculo,
2615 425 2802 480 divina
2833 430 3016 480 mente
3044 433 3253 496 parato,

1952 518 2104 573 Ilicet
2131 519 2351 573 invento
2380 517 2619 588 pretiosa
2651 517 2879 574 monilia
2910 517 3174 573 condunt.

1951 613 2061 666 Hoc
2084 612 2228 666 inter
2254 619 2524 667 tormenta
2550 612 2716 666 Deum
2748 611 2872 666 laeto
2902 626 2998 666 ore
3030 612 3235 666 fatente

1951 700 2066 764 Quo
2088 701 2294 776 regitur
2316 700 2612 767 Christum,
2645 699 2867 771 quidam
2895 716 2959 753 ex
2981 701 3285 757 astantibus
3315 701 3428 759 illic

1946 790 2153 846 Clamat
2181 791 2521 847 Anastasius:
2566 811 2596 842 ι
2636 790 2772 845 Vere
2803 807 3034 864 magnus
3068 793 3209 847 Deus
3239 794 3357 865 ipse

1946 884 2149 938 Praeter
2177 900 2301 937 eum
2335 883 2535 938 nullus.
2582 905 2611 933 ι
2652 884 2820 940 Dictis
2848 884 3191 955 stupefactus
3219 892 3274 940 et
3300 902 3493 940 amens

1946 975 2167 1029 Nuntiat
2188 977 2432 1047 Augusto
2465 975 2752 1030 seductum
2779 975 3033 1047 martyris
3060 981 3176 1029 arte

1946 1062 2156 1117 Prmses
2195 1061 2562 1129 Anastasium,
2587 1078 2753 1133 quem
2785 1077 2911 1117 mox
2934 1062 3095 1131 jubet
3123 1063 3217 1117 ille
3245 1062 3423 1133 perire

1950 1153 2151 1226 Sicque
2186 1153 2336 1225 pium
2366 1154 2537 1210 caelos
2566 1153 2656 1225 pia
2686 1152 2792 1208 fert
2820 1153 3095 1210 confessio
3135 1160 3348 1210 testem.

1735 1304 1943 1361 CAPUT
1985 1305 2066 1360 IV.

1336 1412 1411 1470 De
1439 1427 1705 1489 repressa
1728 1410 2142 1487 persecutione
2173 1409 2439 1470 Claudii.

222 1556 333 1609 Nec
374 1555 595 1625 longum
631 1552 851 1608 turbare
877 1553 1037 1607 datur
1067 1553 1261 1609 Christi
1286 1555 1508 1629 agmina
1534 1572 1701 1627 saevo,

224 1646 325 1710 Qui
354 1661 476 1700 mox
514 1644 656 1699 inter
684 1644 991 1700 acerbisoni
1024 1645 1324 1716 primordia
1354 1647 1484 1702 belli

226 1739 361 1791 Dum
396 1737 561 1791 dictat
590 1736 760 1808 leges,
793 1736 905 1791 fera
932 1737 1061 1791 (lum
1091 1738 1311 1792 decreta
1350 1748 1624 1806 recenset,

223 1827 563 1882 Turbinibus
591 1828 762 1901 nigris
791 1835 969 1882 actum
996 1844 1093 1898 per
1124 1829 1309 1883 nubila
1342 1829 1547 1885 fulmen

225 1916 445 1971 Proruit
484 1924 611 1969 ante
646 1916 817 1985 pedes
848 1916 1038 1970 feralia
1068 1918 1205 1971 scita
1231 1918 1489 1985 serentis,

219 2009 488 2063 Omnibus
516 2007 755 2063 horriﬁci
788 2010 1017 2080 trepidis
1044 2009 1339 2066 formidine
1367 2014 1549 2077 visus;

223 2102 377 2155 Haud
409 2117 570 2155 secus
599 2101 830 2174 [Egypto
862 2086 1069 2157 dudum
1103 2103 1339 2177 caligine
1372 2122 1563 2175 pressa

219 2194 516 2249 Horrendae
542 2194 719 2248 noctis
750 2195 1027 2265 stupuisse
1057 2193 1309 2250 feruntur
1338 2197 1543 2251 alumni

214 2284 512 2342 Servantes
542 2285 723 2340 Pharii
756 2286 1000 2341 crudelia
1024 2287 1177 2355 jussa
1209 2288 1424 2359 tyranni

1871 1563 1921 1631 Β
1946 1558 2056 1612 Nec
2091 1572 2243 1611 mora
2276 1556 2452 1611 Caesar
2474 1556 2577 1612 iter
2603 1571 2835 1626 carpens
2865 1556 3008 1627 perit
3038 1556 3245 1628 impete
3274 1557 3465 1611 turbae.

1950 1649 2066 1704 Non
2090 1648 2334 1703 hominis
2366 1664 2464 1718 pro
2495 1647 2634 1702 velle
2658 1648 2898 1717 probans
2930 1648 3122 1701 saevire
3146 1648 3358 1722 ﬂagella

1950 1739 2009 1792 In
2044 1738 2277 1792 famulos
2299 1736 2495 1791 Christi
2526 1753 2729 1807 supero
2749 1752 2907 1810 mage
2946 1737 3172 1791 numine
3204 1737 3354 1791 ferri.

1948 1829 2103 1884 Pacis
2132 1830 2260 1884 item
2295 1830 2433 1884 suda
2462 1828 2659 1883 Christi
2688 1844 2889 1900 sponsa
2921 1830 3083 1884 unica
3104 1830 3309 1903 gaudet

1949 1918 2084 1972 Hinc
2117 1917 2265 1972 nullo
2294 1924 2503 1972 terrore
2534 1918 2711 1988 palam
2739 1917 3036 1972 conterrita
3065 1917 3220 1983 lethi,

1947 2013 2182 2087 Legibus
2224 2029 2358 2068 ense
2387 2013 2534 2077 dato,
2564 2013 2742 2067 donec
2772 2012 3143 2067 Diocletianus

1944 2106 2219 2161 Accensus
2245 2104 2423 2172 furiis,
2465 2104 2691 2159 Bellona
2717 2110 2958 2159 armatus
2986 2104 3208 2167 Averni,

1943 2195 2201 2252 Producit
2229 2196 2478 2251 ﬂammas
2503 2196 2920 2267 Aclierontaque
2950 2196 3125 2269 vergit
3156 2196 3209 2250 in
3240 2195 3454 2251 orbem.

1736 2388 1945 2443 CAPUT
1986 2389 2044 2442 V.

1353 2495 1427 2553 De
1454 2499 1679 2555 sanctis
1712 2497 2087 2573 Clu-ysantho
2118 2505 2169 2555 et
2203 2496 2409 2556 Daria.

218 2653 277 2706 In
311 2649 579 2721 quosdam
612 2647 850 2703 furuisse
873 2648 1001 2703 licet
1032 2665 1124 2704 rex
1150 2650 1518 2707 Numerianus

211 2742 498 2804 Tradatur,
542 2740 711 2795 multo
746 2740 1044 2810 palmarum
1077 2741 1319 2797 culmine
1358 2752 1594 2799 mactum
1622 2746 1767 2815 (I84)

218 2833 351 2887 Cum
378 2833 547 2888 sociis
575 2839 823 2887 sanctum
864 2832 958 2902 qui
1000 2832 1164 2887 mittit
1193 2834 1249 2889 in
1287 2843 1430 2890 astra
1460 2835 1839 2908 Chrysautnm.

218 2924 492 2978 Terrenus
511 2922 731 2993 generis
751 2936 1079 2992 proavorum
1107 2930 1393 2979 stemmate
1425 2927 1555 2982 clari

214 3012 416 3066 Auctor
443 3010 840 3065 Alexandrinus
860 3020 975 3065 erat
1005 3010 1279 3067 Polemius
1310 3012 1397 3067 isti

215 3104 317 3168 Qui
343 3103 586 3175 genitum
618 3103 816 3158 studiis
846 3103 984 3158 dans
1015 3103 1369 3159 liberioribus
1400 3104 1478 3159 uti

221 3198 425 3253 Imbuit
456 3206 511 3253 et
531 3198 788 3269 sophicos
816 3198 1018 3253 callere
1039 3214 1138 3270 per
1175 3199 1361 3254 abdita
1400 3200 1575 3257 fucos.

218 3289 271 3344 Is
300 3290 427 3344 dum
457 3290 723 3346 sollicitus
744 3290 1037 3345 multorum
1072 3291 1295 3346 inventa
1327 3292 1557 3347 revolvit

213 3383 456 3439 Tandem
490 3381 793 3455 evangelici
815 3383 1032 3439 scandit
1058 3383 1389 3439 solidamina
1415 3391 1621 3455 portus,

210 3475 616 3544 Doctoremque
647 3479 828 3527 catum
860 3473 1000 3548 legis
1029 3480 1318 3545 sectaaquae
1357 3475 1671 3546 requirens,

215 3565 629 3635 Carpophorum
660 3564 890 3635 reperit,
920 3572 1071 3620 casto
1095 3565 1187 3636 qui
1224 3565 1348 3633 jure
1381 3566 1661 3633 sacerdos,

214 3654 397 3709 (.ivica
419 3654 543 3723 jura
562 3670 781 3718 cavens,
816 3670 1100 3709 nemorum
1133 3656 1339 3726 spelaea
1368 3654 1608 3712 fovebat.

210 3745 327 3809 Quo
355 3744 495 3799 duce
517 3743 719 3799 siderei
752 3744 971 3800 modico
1000 3745 1103 3800 sub
1123 3752 1369 3817 tempore
1397 3747 1551 3803 callis

211 3833 412 3888 Nactus
439 3833 563 3901 iter,
587 3832 832 3907 graditur
861 3834 1067 3888 clivosa
1092 3851 1193 3905 per
1220 3836 1389 3890 ardua
1418 3835 1580 3903 liber,

212 3922 603 3993 Intrepidoque
635 3922 813 3993 palam
845 3922 1115 3977 Christum
1152 3940 1407 3980 sermone
1434 3924 1653 3980 fatetur.

213 4012 409 4066 Fertur
441 4012 495 4065 id
526 4012 594 4066 ad
628 4019 858 4082 patrem,
893 4029 1179 4083 procerum
1210 4015 1304 4086 qui
1330 4015 1453 4083 jura
1484 4015 1831 4082 tremiscens,

217 4100 433 4156 Claudit
463 4101 516 4156 in
539 4102 776 4158 obscuro
799 4102 928 4159 foedi
960 4106 1326 4175 spurcaminis
1351 4116 1508 4163 antro

218 4196 592 4269 Afticiensque
622 4208 770 4253 arcto
796 4208 1045 4273 gnatum,
1083 4201 1294 4269 jejunia
1322 4202 1484 4257 solvit

217 4290 379 4343 Grata
408 4288 566 4353 cibo;
594 4290 794 4361 gaudet
817 4292 1039 4360 juvenis
1064 4294 1294 4364 quaesita
1323 4294 1559 4361 subisse,

218 4380 488 4443 Gratatur,
522 4378 683 4438 favet,
715 4380 962 4449 assultat,
995 4382 1400 4451 complectitur,
1427 4384 1619 4453 ambit,

215 4469 419 4539 Sicque
447 4468 539 4523 diu
571 4484 628 4523 se
652 4470 895 4525 exerceri
929 4472 1371 4542 promptissimus
1400 4480 1582 4544 Optat;

217 4560 543 4633 Suggeritur
572 4559 807 4629 genitori
839 4560 1003 4614 ardor
1031 4560 1312 4633 genitique
1346 4562 1620 4633 voluptas,

214 4649 293 4703 De
321 4664 481 4702 cruce
513 4649 757 4719 pendere
792 4658 846 4703 et
869 4648 1084 4717 jejunia
1108 4648 1263 4704 laetus
1295 4650 1460 4705 inire.

214 4742 657 4799 Christicolarum
691 4745 905 4798 animos
935 4743 1027 4797 tali
1068 4744 1169 4797 sub
1197 4760 1347 4799 more
1378 4751 1583 4810 suetos,

215 4830 400 4885 Gloria
426 4831 586 4902 queis
615 4840 668 4885 et
699 4832 879 4887 honor
911 4833 1011 4887 hoc
1033 4848 1277 4888 crescere
1303 4834 1429 4906 jure
1463 4842 1706 4906 putatur,

218 4921 361 4986 Quin
391 4921 632 4975 studium
664 4928 857 4989 vertat,
891 4921 1027 4976 tales
1060 4937 1169 4977 non
1203 4922 1367 4979 haece
1400 4925 1733 4993 premendus

219 5013 362 5085 Lege
385 5012 557 5078 viros,
599 5012 913 5084 contempla
944 5012 1099 5079 ferat,
1132 5014 1298 5068 vitata
1321 5026 1577 5087 reponat,

220 5104 443 5159 Deliciis
480 5104 720 5179 subigat,
754 5105 1030 5162 connubia
1056 5106 1200 5161 clara
1231 5117 1507 5177 procuret,

221 5197 459 5252 Nexibus
488 5197 577 5252 his
599 5198 787 5264 nodet,
807 5199 983 5253 trahat
1011 5200 1113 5254 hac
1142 5199 1197 5253 in
1224 5208 1349 5254 vota
1374 5208 1586 5255 catena.

217 5290 381 5344 Audit
402 5297 455 5344 at
477 5290 594 5361 ipse
634 5290 818 5345 libens
848 5292 1089 5346 monitus
1118 5297 1171 5345 et
1196 5291 1349 5359 jussa
1381 5291 1621 5360 facessit,

219 5378 442 5433 Instruit
472 5387 525 5433 et
547 5379 839 5445 thalamos,
872 5380 1063 5436 amicit
1100 5380 1337 5435 triclinia
1363 5381 1543 5447 cunis,

220 5466 472 5523 Protinus
498 5476 553 5522 et
581 5468 829 5541 genitum
854 5469 1147 5541 squallenti
1180 5484 1398 5524 carcere
1426 5478 1641 5540 raptum

1852 3967 1909 4036 D

1860 2642 1909 2708 (ζ
1938 2632 2165 2686 Munere
2196 2630 2477 2701 prmcultis
2518 2631 2761 2701 pretioso
2786 2633 3032 2687 vestibus
3057 2641 3249 2689 ornat:

1948 2722 2222 2777 Iuvehitur
2245 2722 2397 2777 cella:
2418 2722 2593 2777 nitido
2613 2723 2910 2793 splendore
2936 2734 3201 2779 venustae.

1943 2814 2229 2885 Appllcitaa
2259 2813 2463 2883 lepidis
2487 2815 2730 2869 animum
2765 2814 2979 2869 mollire
3008 2816 3206 2885 puella:

1943 2903 2178 2958 Lusibus
2201 2902 2388 2957 electa:
2417 2903 2679 2975 vultuque
2712 2904 3015 2976 habituque
3045 2904 3263 2960 decoraa
3298 2924 3310 2960 :

1920 2996 2201 3052 ‘Infarcire
2234 2997 2426 3068 dapes,
2458 2998 2749 3068 opulentas
2780 3014 2990 3069 ponere
3019 3015 3275 3065 mensas;

1944 3090 2169 3146 Careere
2199 3107 2321 3161 qua:
2342 3090 2595 3165 graviora
2627 3090 2812 3146 ferens
2842 3092 3142 3147 immobilis
3167 3094 3349 3149 obstat

1942 3181 2033 3235 Vir
2060 3179 2241 3234 valido
2273 3178 2413 3233 tixus
2441 3178 2609 3249 lapidi
2642 3179 2963 3251 Christoque
2990 3182 3278 3237 cohaerens

1944 3272 2167 3327 Coenum
2200 3270 2451 3335 delicias,
2475 3287 2685 3343 angues
2713 3280 3084 3342 reputansque
3116 3274 3347 3342 puellas,

1942 3365 2139 3420 Oscula
2168 3372 2221 3419 et
2250 3364 2560 3434 amplexus,
2593 3363 2770 3433 clypei
2791 3366 2941 3419 velut
2979 3380 3085 3418 tere
3113 3367 3364 3439 sagittas,

1942 3453 2253 3508 Discutiens
2292 3451 2459 3505 armis
2485 3450 2679 3505 valida:
2719 3450 3053 3522 objectuque
3087 3452 3237 3522 fidei,

1940 3545 2143 3600 Sternit
2181 3544 2391 3615 sepitas
2426 3549 2588 3597 cantu
2620 3542 2871 3612 sapiente
2898 3542 3188 3599 colubras:

1941 3636 2110 3691 Victis
2141 3634 2378 3689 nobilior
2408 3633 2601 3703 primis
2628 3632 2856 3689 rationis
2882 3640 3053 3689 acutae

1940 3727 2184 3795 Fatibus,
2218 3725 2489 3798 exquisita
2518 3726 2690 3792 venit,
2715 3725 3025 3796 speciosior
3052 3742 3170 3794 ore,

1937 3820 2201 3894 Conjugio
2234 3820 2392 3874 Daria
2419 3820 2571 3875 velut
2607 3818 2871 3875 socianda
2896 3818 3105 3884 sodali;
3406 3873 3422 3895 ο

1937 3915 2101 3987 Capto
2134 3916 2261 3970 dum
2292 3916 2483 3971 reddet
2512 3914 2765 3987 patrique
2796 3913 3023 3986 deisque
3054 3912 3437 3985 Chrysantum.

1939 4007 2161 4074 Crescit,
2194 4024 2258 4063 ea
2278 4008 2577 4067 subeunte.
2605 4008 2789 4062 datum
2821 4006 2970 4061 varia
2995 4015 3108 4062 arte
3141 4007 3385 4062 duellum
3411 4025 3425 4063 :

1938 4096 2230 4162 Nobilitas,
2259 4097 2500 4167 species,
2526 4095 2727 4166 lepida:
2762 4094 3021 4150 facundia
3053 4094 3277 4170 linguae,

1940 4190 2271 4261 lmpugnant
2297 4187 2479 4242 valido
2510 4194 2851 4242 temnentem
2880 4193 3076 4242 cuncta
3092 4186 3301 4242 renisu.

1939 4278 2119 4333 Gratia
2140 4292 2328 4348 quem,
2360 4274 2603 4346 ﬁdeique
2631 4291 2822 4346 pecus,
2854 4274 3125 4345 sapientia
3156 4290 3284 4330 vera

1936 4371 2207 4436 Cinxerat,
2241 4369 2583 4432 alterutrum,
2617 4366 2864 4423 adversis
2891 4366 3209 4440 confligitur
3230 4366 3395 4423 armis

1937 4464 2032 4517 Illa
2062 4462 2197 4516 deos
2227 4459 2445 4531 praefert
2474 4458 2662 4515 divino
2680 4458 2800 4529 jure
2828 4458 3114 4523 colendos,

1939 4553 2042 4607 Iste
2064 4552 2225 4607 docet
2254 4551 2487 4606 miseros
2513 4549 2751 4621 divoque
2783 4548 2959 4604 nitore
2992 4558 3273 4616 vacantes,

1940 4645 2107 4716 quue
2137 4642 2333 4714 probat
2362 4643 2506 4698 veris
2536 4642 2847 4713 patulisque
2876 4641 3135 4697 edisserit
3164 4644 3322 4698 actis.

1937 4732 2097 4805 Virgo
2130 4731 2299 4803 probe
2331 4730 2537 4785 cedens
2556 4730 2781 4786 rationis
2810 4730 3064 4785 acumine
3087 4731 3307 4786 tandem

1938 4825 2132 4880 Christi
2171 4825 2312 4881 victa
2334 4826 2467 4901 jugo
2498 4826 2714 4881 accedit
2742 4825 3073 4881 submittere
3102 4826 3241 4881 colla
3274 4844 3285 4880 :

1939 4919 2234 4994 Virginitas
2254 4920 2524 4975 servanda
2555 4919 2754 4991 placet,
2790 4917 3086 4990 fictumque
3114 4918 3303 4973 subire

1942 5010 2193 5085 Conjugii
2233 5010 2404 5066 multo
2435 5011 2733 5066 decorandi
2774 5011 3004 5083 pignore
3028 5026 3256 5065 nomen.

1942 5106 2194 5160 Abluitur
2217 5121 2373 5161 sacro
2400 5106 2601 5173 conjux
2633 5104 2962 5176 baptismate
2986 5105 3163 5179 virgo,

1944 5200 2143 5271 Sicque
2176 5215 2336 5269 pares
2366 5208 2517 5253 casto
2551 5198 2751 5253 Christi
2784 5198 3084 5254 vincimine
3110 5198 3287 5271 juncti

1940 5292 2175 5366 Gignere
2205 5290 2417 5346 caelesti
2447 5306 2557 5345 non
2580 5297 2794 5345 cessant
2825 5291 3014 5345 fenore
3041 5298 3237 5362 gnatos

1939 5382 2288 5452 Multiplices,
2320 5382 2577 5454 cogitque
2619 5382 2795 5437 virum
2826 5383 2913 5454 pia
2944 5391 3123 5438 castra
3160 5382 3559 5454 Chrysanthus,

1940 5469 2229 5524 Femineas
2265 5468 2423 5523 Daria
2438 5470 2633 5525 densat
2654 5471 2757 5525 sub
2786 5471 2945 5545 signa
2975 5479 3241 5527 catervas.

292 5640 421 5707 (184
448 5640 1045 5720 tln_margine_codieis
1074 5642 1097 5695 1
1133 5641 1325 5695 eadem
1354 5658 1515 5696 manu
1548 5642 1841 5712 scriptum:
1889 5668 1915 5690 α
1958 5644 2195 5698 Mactum
2218 5648 2431 5697 veteres
2462 5642 2689 5720 Romani
2724 5651 2923 5703 vocunt
2948 5649 3189 5709 auctum,
3244 5670 3266 5690 ιι
3311 5653 3415 5700 etc.

226 5712 508 5778 SCALIGER,
540 5711 635 5765 lib.
674 5711 712 5777 ιζ
745 5712 908 5782 epist.
941 5711 1031 5768 20.
