3972 6208
421 298 531 356 695

497 432 728 511 Agmina
757 429 914 500 plura
941 423 1137 479 videns
1166 419 1341 474 hostis
1369 424 1479 473 tota
1506 415 1647 471 Urbe
1676 415 1824 471 coire

428 529 486 582 In
517 503 714 579 Christi
729 531 882 572 sacra
893 513 1019 585 jura
1047 509 1223 578 ducis,
1254 509 1570 577 claramque
1601 503 1874 576 repulsam

428 619 598 676 Indici
629 614 848 689 penitus
876 607 1072 681 priscis
1109 605 1326 676 arisque
1351 601 1612 677 jugisque

426 711 615 769 Livida
643 707 753 763 tela
770 703 997 760 vibrans
1022 698 1143 754 diro
1177 695 1602 765 excitatimpete
1633 691 1839 756 turbas,

427 807 599 877 Inque
631 801 750 873 pios
779 801 964 852 movet
988 799 1201 848 atroces
1241 790 1435 844 ardore
1467 785 1735 842 tumultus

428 896 585 954 Urbis
602 902 733 949 tunc
758 886 1138 961 priefecturam
1171 881 1452 937 Celerinus
1475 879 1691 954 agebat,

428 988 530 1054 Qui
570 987 671 1041 hos
696 981 914 1038 cuidam
945 978 1090 1050 legat
1118 981 1300 1030 tentos
1331 972 1396 1027 ad
1430 971 1599 1045 flagra
1629 969 1847 1023 tribuno
1878 984 1892 1031 ;

431 1075 830 1139 Claudiushuic
867 1087 1071 1128 nomen
1095 1069 1188 1141 qui
1219 1065 1569 1138 septuaginta
1600 1063 1937 1134 Chrysantho

428 1178 680 1232 Tortores
708 1169 980 1226 adhibens
1009 1163 1193 1219 crudis
1223 1160 1526 1233 astringere
1557 1157 1744 1212 nervis

435 1265 586 1319 Hunc
609 1259 825 1332 satagit,
866 1255 964 1310 sed
995 1259 1102 1308 stat
1133 1249 1317 1325 subito
1345 1248 1543 1302 virtute
1570 1245 1782 1300 solutus

434 1356 659 1411 Siderea
679 1350 944 1420 nulloque
970 1345 1104 1417 jugo
1136 1342 1243 1397 sibi
1273 1340 1456 1396 vinela
1485 1338 1806 1401 colizercnt;

435 1445 734 1519 Stringitur
759 1443 890 1496 hinc
911 1437 1078 1493 validi
1119 1434 1330 1490 nodoso
1361 1431 1562 1487 robore
1591 1429 1764 1500 cippi,

433 1541 649 1599 Tertius
678 1539 767 1593 hic
795 1549 1011 1590 morsus
1036 1546 1162 1586 crus
1190 1537 1249 1584 ut
1271 1526 1534 1582 divaricet
1559 1534 1760 1594 actum,

436 1635 608 1708 Ligna
632 1631 728 1686 sed
752 1630 808 1686 in
829 1637 1049 1682 tenuem
1067 1621 1216 1694 cippi
1248 1621 1489 1677 resoluta
1518 1619 1756 1674 favillam

437 1725 547 1779 Nec
584 1721 718 1786 vim,
750 1733 854 1773 nec
885 1714 1102 1786 pondus
1124 1712 1347 1767 valuere
1382 1709 1626 1766 indicere
1646 1717 1868 1765 sancto:

439 1817 669 1870 Putente
700 1810 828 1866 inde
861 1810 1039 1863 lavant
1064 1812 1233 1860 artem
1265 1801 1550 1872 depellere
1576 1802 1744 1856 mictu

438 1907 735 1968 Sudantes,
768 1903 823 1956 in
847 1909 1160 1956 nectareum
1193 1896 1289 1951 sed
1321 1911 1514 1950 versus
1543 1894 1769 1949 odorem

442 1994 773 2069 Belligerum
803 1989 927 2044 laeto
950 1987 1196 2060 fragrans
1214 1982 1512 2054 spiramine
1533 1981 1770 2047 mulcet;

445 2087 576 2142 Inde
609 2097 802 2140 recens
832 2086 986 2151 rapto
1018 2077 1173 2133 vituli
1197 2077 1302 2132 sub
1334 2083 1547 2149 tergore
1571 2081 1726 2128 sutus

443 2177 738 2252 Stringitur
776 2171 1168 2245 urgendusque
1197 2167 1298 2223 faci
1329 2167 1489 2221 datur
1516 2164 1862 2236 Hyperionis,

442 2272 574 2328 Jura
601 2267 700 2324 sed
732 2266 946 2341 ignorat
987 2261 1226 2317 Phoebus
1247 2259 1515 2332 ponitque
1545 2259 1812 2332 vigorem,

445 2363 506 2419 In
536 2361 692 2418 testis
712 2367 922 2415 tantum
953 2353 1119 2410 validi
1148 2353 1451 2424 tepefactus
1479 2351 1733 2416 amictus,

445 2458 556 2513 Nec
585 2453 752 2510 sentit
783 2450 994 2507 fervere
1025 2447 1187 2504 cultis
1215 2445 1506 2500 mitissima
1535 2445 1746 2499 solem:

447 2545 687 2604 Artubus
707 2551 766 2599 ut
794 2542 1036 2597 detracta
1069 2552 1300 2592 manens
1331 2553 1396 2591 ex
1428 2550 1657 2605 corpore
1689 2533 1858 2589 robur

450 2639 610 2694 Forte
639 2635 865 2692 trahens
894 2636 1084 2685 sancto
1104 2626 1270 2683 cessit
1300 2626 1387 2681 cui
1419 2623 1891 2695 Cynthiusardor;

450 2730 585 2786 Inde
615 2739 924 2795 manusque
955 2719 1240 2792 pedesque
1269 2718 1556 2772 subactum
1607 2724 1660 2769 et
1682 2714 1821 2769 colla
1863 2714 2074 2770 catenis

452 2819 696 2879 Carceris
718 2816 976 2887 injiciunt
1009 2812 1269 2867 barathro
1295 2809 1565 2880 caecisque
1595 2805 1856 2862 latebris:

451 2913 564 2969 Nec
591 2923 763 2975 mora,
791 2905 1079 2960 solvuntur
1106 2899 1291 2956 cuncti
1317 2898 1612 2954 nodamina
1633 2895 1786 2962 ferri,

452 3001 566 3056 Lux
587 2996 759 3052 micat
778 2990 1086 3048 innumeris
1114 2987 1336 3043 radians
1363 2994 1422 3042 ut
1451 2985 1661 3041 consita
1686 2985 1920 3056 lychnis.

454 3084 722 3159 Supplicii
743 3074 983 3137 artifices
997 3078 1242 3133 referunt
1269 3075 1387 3130 haec
1417 3081 1614 3129 cuncta
1636 3073 1858 3128 tribuno

456 3181 553 3236 Ille
577 3178 683 3234 sibi
712 3174 1012 3232 exhibitum
1047 3185 1338 3227 nemoroso
1369 3167 1597 3224 verbere
1620 3165 1756 3221 caedi

456 3268 696 3333 Mandat,
729 3273 784 3321 at
810 3262 1084 3336 applicitze
1107 3258 1441 3334 rigidissima
1463 3256 1686 3311 brachia
1715 3254 1866 3310 silva;

459 3362 682 3418 Laedere
707 3357 954 3414 membra
981 3361 1201 3426 pavent,
1226 3353 1376 3407 lento
1402 3367 1466 3406 ac
1496 3351 1819 3404 flaccescere
1849 3347 2005 3418 lapsu

459 3451 778 3524 Incipiunt;
809 3462 1030 3504 omnem
1054 3445 1221 3516 inque
1262 3454 1457 3496 manus
1483 3455 1718 3512 posuere
1747 3438 2002 3510 rigorem.

461 3543 718 3599 Claudius
749 3541 850 3595 ista
870 3547 1029 3594 tuens
1043 3542 1292 3592 sanctum
1325 3533 1520 3589 tellure
1551 3531 1718 3586 levari

459 3632 712 3704 Praecipit
739 3637 903 3702 atque
934 3627 1066 3697 tegi,
1089 3625 1437 3701 genibusque
1465 3622 1776 3677 advolvitur
1805 3637 1970 3677 orans

460 3726 643 3796 Seque
667 3734 906 3792 suosque
938 3717 1029 3789 pia
1059 3721 1375 3770 sanctorum
1407 3713 1529 3784 lege
1561 3711 1788 3765 sacrari.

462 3816 583 3872 Mox
615 3811 983 3869 catechizatus
1009 3807 1223 3863 divinas
1250 3804 1451 3874 excipit
1475 3803 1672 3866 undas,

465 3906 716 3964 Pluribus
745 3900 1022 3976 applicitis
1040 3898 1262 3970 paribus
1287 3896 1548 3966 sociaque
1571 3893 1766 3968 jugali,

467 4001 664 4058 Hilaris
688 3996 898 4069 junctis
927 3992 1152 4068 genitis,
1182 3991 1275 4064 qui
1310 3990 1550 4054 Maurus,
1576 3990 1756 4056 Iason,

465 4091 731 4148 Militibus
759 4087 963 4159 pariter
980 4097 1202 4156 quoque
1232 4079 1580 4154 septuaginta
1605 4079 1829 4153 jugatis.
1897 4138 1903 4142 _

467 4186 560 4240 His
584 4182 692 4238 sibi
722 4177 988 4250 subjectis
1014 4174 1313 4245 multisque
1340 4171 1674 4227 haerentibus
1701 4171 1874 4226 auctis

466 4274 835 4334 Numerianus
863 4277 922 4326 ut
943 4274 1064 4325 acta
1092 4266 1259 4338 capit,
1290 4265 1465 4321 vitreo
1494 4279 1715 4336 aequore
1743 4262 1907 4328 subdi

471 4364 684 4441 Ingenti
708 4359 1040 4433 implicitum
1068 4371 1198 4412 saxo
1224 4355 1440 4409 fervore
1469 4353 1752 4409 tribunum

470 4451 932 4527 Deputatinsano,
966 4456 1080 4503 tum
1110 4443 1460 4518 septuaginta
1479 4443 1698 4518 jugatos

471 4549 688 4607 Iasonis
715 4554 771 4602 et
799 4544 970 4600 Mauri
996 4541 1203 4615 pariter
1231 4539 1412 4610 capita
1441 4555 1575 4594 ense
1607 4539 1800 4595 recidi.

472 4639 711 4711 Antiqua
738 4635 958 4691 latitans
985 4638 1102 4688 erat
1130 4636 1245 4685 arte
1275 4627 1563 4684 cuniculus
1592 4627 1705 4683 illic

475 4737 592 4803 Qua
627 4731 756 4791 caesi
777 4738 966 4800 testes,
1001 4743 1162 4801 quem
1195 4723 1536 4780 noctusorde
1561 4722 1804 4779 levantes

478 4823 815 4884 Christicolae
843 4820 1034 4877 multis
1071 4816 1386 4874 decorando
1413 4814 1712 4870 monilibus
1733 4824 1948 4871 ornant.

479 4915 695 4990 Colligit
725 4911 919 4968 Hilaris
949 4908 1260 4986 genitorum
1293 4904 1543 4960 membra
1571 4904 1776 4959 tribuni

479 5004 767 5079 Exsequiis
783 5001 1073 5075 perfuncta
1093 4998 1225 5072 piis,
1255 4996 1350 5052 ubi
1379 5002 1508 5053 vota
1538 4994 1882 5067 profundens

484 5095 932 5164 Continuansque
953 5104 1148 5162 preces
1176 5093 1416 5143 arctatur
1442 5085 1512 5141 ad
1542 5093 1662 5140 acta
1684 5083 1949 5156 profanis.

485 5189 622 5245 Dum
647 5185 882 5242 trahitur
907 5181 1084 5256 poscit
1100 5197 1162 5237 se
1187 5178 1418 5251 implere
1440 5175 1754 5248 precamina
1776 5174 2030 5240 mittant;

483 5278 685 5352 Sicque
711 5274 943 5351 gradum
972 5270 1145 5345 signis
1173 5267 1371 5325 Christi
1411 5266 1542 5322 dum
1574 5263 1804 5337 mystica
1832 5263 1999 5320 sumit

481 5373 660 5444 Atque
685 5366 1070 5444 genuflectens
1099 5363 1310 5434 palmas
1335 5359 1404 5416 ad
1433 5358 1616 5415 sidera
1631 5355 1847 5429 pandit,

483 5461 709 5515 Ethera
739 5471 862 5511 cum
895 5453 1155 5528 precibus
1191 5450 1410 5508 scandit
1455 5450 1654 5507 coelum
1685 5445 1889 5518 accipit
1917 5461 2101 5502 orans.

483 5549 612 5605 Tam
645 5545 830 5601 subito
860 5541 1069 5615 stupidi
1101 5548 1350 5614 raptores
1376 5539 1486 5594 ne
1505 5538 1715 5609 rapinae

490 5643 620 5706 Quae
649 5638 1055 5694 comitabantur
1081 5636 1310 5690 famulas
1339 5633 1408 5704 ad
1447 5632 1645 5688 funera
1669 5631 1961 5701 linquunt;

494 5731 586 5784 Hae
615 5727 896 5785 dominam
925 5735 1170 5783 extremo
1208 5725 1538 5781 famulantur
1565 5737 1816 5790 munere,
1864 5719 2112 5777 condunt

1192 287 1560 346 FLODOARDI
1605 283 1910 344 CANONICI
1952 281 2282 338 REMENSIS
2319 279 2660 338 OPUSCULA
2700 279 3012 336 METRICA.

3687 282 3797 336 696

2141 413 2543 484 Basilicamque
2571 427 2758 483 super,
2792 426 2890 483 pro
2925 426 3084 482 posse
3113 413 3170 466 in
3202 410 3444 466 culmina
3476 410 3717 466 tollunt.

2213 520 2427 574 Interea
2455 517 2730 591 Augustus
2757 515 2992 571 truciore
3015 513 3230 570 furebat
3252 514 3306 568 in
3340 513 3487 569 altos

2142 622 2447 697 Signiferos
2477 623 2585 687 ira;
2615 621 2784 676 trudit
2803 620 3058 691 squalore
3077 615 3483 688 Chrysanthum

2142 715 2387 771 Carceris
2405 711 2721 778 honorifici,
2745 727 2855 784 qua
2879 717 3125 765 stercora
3153 706 3298 761 uxa
3323 705 3546 760 cloacas

2143 816 2479 871 Extenuant:
2511 815 2728 870 Dariam
2757 814 3067 870 meretricia
3088 818 3242 884 septa
3265 821 3578 884 receptant.

2144 909 2468 984 Suggeritur
2504 909 2692 964 clauso
2722 908 2818 964 sed
2849 909 2937 961 lux
2972 908 3162 962 divina
3189 907 3557 978 Chrysantho,

2145 999 2391 1054 Balsama
2415 998 2695 1069 respirans
2726 998 2932 1069 pariter
2961 997 3262 1070 fragrantia
3290 995 3484 1050 fertur.

2147 1088 2394 1143 Evadens
2416 1104 2634 1142 caveam
2663 1087 2830 1142 Dariaz
2857 1087 2944 1142 leo
2975 1085 3209 1140 mittitur
3237 1085 3414 1140 audax

2145 1179 2400 1233 Servator
2429 1177 2644 1232 decoris
2675 1177 2985 1247 cellamque
3018 1175 3301 1249 ingressus
3325 1175 3568 1230 honorat

2149 1266 2424 1332 Orantem,
2458 1271 2691 1319 astratus
2715 1264 3045 1335 placidoque
3067 1263 3249 1338 rigore
3281 1269 3489 1328 tuetur,

2150 1355 2398 1426 Dumque
2422 1354 2604 1408 ferunt
2635 1353 2845 1407 Christo
2876 1353 3062 1423 plures
3089 1359 3407 1406 reverenter
3433 1351 3721 1406 honorem

2150 1452 2392 1508 Mirificis
2424 1451 2623 1522 trepidi
2658 1450 2812 1516 visis,
2844 1449 3134 1520 praefectus
3164 1449 3220 1502 in
3249 1449 3369 1519 ipso

2151 1541 2396 1597 Fornicis
2427 1541 2610 1613 ignem
2641 1539 2793 1593 aditu
2822 1538 2996 1592 multa
3029 1537 3188 1592 trabe
3216 1536 3469 1608 prmcipit
3499 1536 3593 1590 edi
3629 1554 3644 1590 :

2151 1631 2338 1686 Bellua
2368 1629 2662 1684 raucisono
2693 1627 2930 1681 flammis
2961 1627 3241 1699 pavefacta
3276 1626 3458 1698 rugitu

2157 1727 2482 1784 Perturbare
2509 1726 2714 1795 locum,
2743 1725 2832 1780 cui
2863 1725 3015 1797 virgo
3047 1725 3386 1779 animosior:
3502 1723 3601 1778 Exi

2156 1818 2381 1883 Secure,
2410 1815 2690 1886 emigrans
2720 1813 2872 1868 nullo
2902 1814 3104 1868 laedere
3134 1820 3349 1879 tenore,

2157 1905 2379 1960 Liberat
2410 1903 2502 1958 ille
2531 1902 2752 1973 quidem
2785 1911 2837 1956 te
2866 1902 2921 1956 in
2955 1917 3043 1955 me
3073 1915 3236 1973 quem
3264 1899 3417 1955 mitis
3446 1899 3721 1954 honores.
3767 1923 3792 1945 -

2157 1995 2441 2052 Exhibitus
2464 1995 2694 2066 posthac
2724 1993 2983 2064 praefecto
3016 1998 3234 2064 aptatur
3263 1991 3472 2062 equino

2160 2089 2274 2144 Sub
2304 2087 2458 2143 trabe
2491 2093 2763 2142 tormento
2796 2092 3052 2156 porrecta
3094 2084 3336 2139 immane
3391 2082 3789 2154 Chrysanthus.

2164 2189 2410 2244 Machina
2425 2187 2523 2242 sed
2547 2185 2765 2260 refugit,
2791 2185 3111 2256 rapiturque
3142 2184 3198 2238 in
3222 2183 3398 2238 flabra
3420 2183 3653 2237 minutis

2163 2279 2449 2336 Dissiliens
2481 2277 2687 2343 frustis,
2712 2283 3048 2351 sparguntur
3077 2276 3298 2331 vincula
3322 2275 3554 2346 passim,

2165 2375 2470 2447 Lampades
2489 2372 2787 2444 applicitae,
2821 2371 3055 2442 depulso
3087 2370 3303 2437 ardore,
3333 2369 3616 2445 gelantur.

2167 2474 2232 2529 At
2271 2470 2575 2536 Celerinus,
2615 2483 2683 2523 eo
2709 2482 3016 2524 concussus
3047 2465 3214 2521 corda
3243 2472 3492 2535 stupore,

2173 2575 2332 2630 Gesta
2363 2573 2529 2629 refert
2555 2571 2803 2627 domino.
2834 2569 3065 2645 magicis
3095 2568 3186 2640 qui
3219 2566 3510 2622 fraudibus
3537 2573 3658 2621 acta

2173 2663 2529 2734 Dependens,
2562 2667 2744 2717 castos
2775 2658 3016 2732 pretioso
3049 2656 3160 2712 fine
3185 2656 3406 2729 jugales

2174 2753 2449 2808 Grandine
2481 2749 2732 2824 saxigcro
2763 2746 3042 2822 submergi
3075 2745 3298 2800 mandat
3315 2744 3538 2808 arenis;

2171 2840 2409 2895 'I'ramite
2441 2854 2550 2910 quo
2582 2837 2704 2894 coeli
2736 2837 3075 2908 Stephanum
3107 2850 3274 2904 super
3303 2833 3413 2887 alta
3452 2832 3623 2888 secuti

2175 2933 2429 2991 Lacteolo
2457 2947 2729 3006 roseoque
2763 2932 2994 2986 innean
3022 2930 3154 2985 flore
3176 2927 3442 3003 gemellas

2175 3030 2470 3086 Stemmata
2501 3036 2768 3102 perpetuo
2809 3026 2957 3082 rutili
2997 3041 3255 3080 meruere
3283 3039 3544 3088 coronas;

2099 3119 2150 3189 (
2175 3119 2458 3192 Largoque
2499 3135 2597 3189 per
2620 3115 2856 3188 p0pulos
2886 3115 3019 3169 dum
3055 3121 3322 3189 spargunt
3361 3114 3507 3168 dona
3536 3112 3738 3167 salutis

2179 3208 2378 3280 Crypta
2398 3223 2564 3278 supra
2589 3206 2831 3261 tumulos
2863 3203 3010 3259 claro
3044 3202 3337 3258 fabricatur
3366 3203 3610 3268 honore;

2179 3296 2295 3361 Quo
2326 3297 2456 3350 dum
2487 3310 2636 3364 saepe
2664 3294 2774 3349 coit
2807 3293 2988 3348 votiva
3020 3291 3331 3364 frequentia
3360 3291 3565 3363 plebis,

2178 3385 2478 3440 [Eneadum
2507 3383 2616 3438 dux
2651 3399 2794 3438 saeva
2812 3382 3073 3448 fremens,
3100 3381 3416 3437 celebrante
3445 3388 3665 3435 caterva

2179 3477 2420 3549 Mystica,
2456 3476 2569 3530 voti
2597 3474 2778 3530 aditus
2808 3473 2991 3529 claudi
3018 3472 3177 3545 jubet
3201 3488 3296 3526 ora
3326 3473 3504 3527 levato

2178 3566 2414 3633 Pariete,
2435 3563 2869 3635 conclusumque
2901 3563 3078 3633 premi
3099 3568 3253 3618 vasto
3285 3578 3486 3636 aggere
3512 3561 3817 3632 templum,

2175 3661 2374 3732 Sicque
2405 3667 2590 3714 manet
2609 3658 2738 3712 dum
2766 3658 2934 3713 cruda
2962 3658 3084 3728 pios
3110 3655 3390 3712 tribulatio
3411 3653 3594 3708 tundit

2177 3752 2519 3824 Sculptilium
2551 3751 2708 3821 pulsa
2730 3751 2909 3804 donec
2937 3749 3078 3803 Urbs
3108 3748 3269 3803 sorde
3301 3747 3481 3818 piatur

2181 3846 2244 3901 Et
2274 3844 2485 3900 Christo
2510 3859 2662 3897 sacra
2686 3841 2864 3906 busta,
2889 3843 3000 3896 Deo
3035 3848 3341 3914 retegente,
3372 3844 3651 3893 notantur.

2181 3935 2398 3993 Restitit
2426 3940 2480 3990 at
2507 3933 2756 4005 quaedam
2799 3931 2968 3986 sacris
2996 3932 3197 3986 intecta
3230 3929 3472 3985 fenestra

2185 4030 2299 4095 Qua
2323 4035 2635 4082 sanctorum
2663 4024 2961 4096 inspectari
2992 4028 3356 4078 monumenta
3383 4020 3607 4076 licebat:

2185 4120 2392 4174 Visitur
2416 4124 2701 4192 argentum
2734 4116 2838 4169 hac
2864 4115 3011 4170 intus
3041 4113 3189 4186 quod
3212 4114 3338 4167 vina
3365 4112 3521 4166 litare

2186 4220 2348 4277 Plebs
2369 4219 2500 4276 olim
2524 4217 2802 4284 intulerat,
2827 4216 3126 4286 clausaque
3151 4213 3430 4268 resederat
3451 4210 3596 4264 aula.

2188 4312 2297 4367 Hac
2319 4309 2563 4383 quidam,
2579 4310 2768 4378 jussus
2800 4307 3009 4378 specie,
3043 4303 3367 4376 penetralia,
3397 4301 3598 4374 praedae

2188 4402 2320 4474 Spe,
2353 4398 2565 4470 irrepit,
2590 4396 2911 4468 rapiturque
2938 4411 3101 4466 rapax
3134 4394 3385 4466 rapiente
3413 4391 3634 4463 rapina;

2105 4493 2165 4564 D
2191 4495 2282 4550 Sic
2305 4499 2492 4564 raptus
2522 4489 2743 4562 rapiens
2767 4497 2918 4543 extra
2950 4500 3247 4559 prorepere
3279 4485 3450 4551 nisus,

2191 4590 2343 4645 Haud
2367 4589 2512 4644 valet
2532 4601 2818 4662 egressum
2841 4583 3099 4639 introitus
3119 4581 3360 4652 reperire
3391 4579 3618 4650 reperti,

2188 4681 2528 4738 Circumiens
2555 4685 2668 4734 tota
2697 4693 2943 4751 gyroque
2973 4681 3205 4750 vagante
3239 4673 3496 4729 laborans

2197 4772 2368 4829 Nocte
2406 4787 2509 4827 nec
2538 4769 2828 4825 inveniens
2857 4767 3063 4822 aditum
3098 4780 3206 4837 quo
3238 4765 3475 4820 claustra
3506 4760 3817 4832 relinquat;

2196 4863 2331 4918 Dum
2364 4861 2504 4916 lucis
2532 4858 2708 4930 spatio
2740 4858 2940 4914 coelum
2968 4856 3312 4929 nigresceret
3339 4861 3460 4908 acto

2196 4958 2381 5014 Exitus
2410 4957 2539 5011 hinc
2571 4969 2786 5009 rursum
2817 4959 3023 5024 petztur
3061 4963 3391 5020 rursumque
3420 4953 3672 5022 negatur,

2205 5059 2373 5115 Nocte
2403 5063 2589 5113 notata
2614 5055 2705 5110 die
2736 5061 2848 5110 tota
2886 5059 3158 5108 cataracta
3185 5048 3422 5112 recedit;

2205 5151 2295 5207 Sic
2321 5149 2500 5206 tribus
2528 5147 2741 5203 elusum
2758 5147 2870 5216 jam
2904 5143 3160 5199 noctibus
3178 5157 3325 5216 aegra
3353 5138 3543 5214 fatigat

2206 5240 2346 5296 Cura
2367 5239 2632 5309 laborque
2658 5251 2889 5302 vacans;
2920 5233 3102 5287 reddit
3124 5231 3215 5286 lux
3237 5229 3397 5286 tertia
3411 5233 3608 5284 cuncto

2203 5329 2333 5385 Jura
2352 5327 2494 5398 foro,
2525 5341 2726 5398 pueros
2748 5323 2937 5380 ferulis
2952 5322 3262 5394 vulgusque
3289 5316 3507 5389 plateis,

2203 5421 2536 5490 Diversoque
2566 5431 2718 5472 reum
2748 5411 3048 5468 certamine
3070 5424 3255 5465 carcer
3288 5405 3504 5462 adurit:

2207 5513 2344 5569 Hinc
2382 5510 2578 5582 pudor,
2612 5507 2738 5562 inde
2778 5505 2952 5559 fames
2993 5500 3213 5574 rapiunt
3246 5500 3455 5553 incerta
3482 5495 3808 5552 trahentem;

2208 5604 2348 5671 Quid
2377 5601 2465 5658 cui
2495 5605 2776 5671 praeponat
2804 5595 3035 5650 libratur
3063 5592 3174 5646 vita
3205 5589 3442 5660 pudore:

2210 5697 2273 5752 At
2303 5693 2580 5752 cruciante
2613 5689 2755 5746 fame
2777 5701 2949 5760 panso
2981 5685 3154 5740 decus
3185 5679 3374 5737 interit
3403 5693 3522 5743 ore,
