  <div class='ocr_page' id='page_1' title='image "/cluster/home/n/w/nwhite01/storage/ocr_20150623/134-135/uva.x000829784/934.png"; bbox 0 0 3972 6208; ppageno 0'>
   <div class='ocr_carea' id='block_1_1' title="bbox 227 315 3549 378">
    <p class='ocr_par' dir='ltr' id='par_1_1' title="bbox 227 315 3549 378">
     <span class='ocr_line' id='line_1_1' title="bbox 227 315 3549 378; baseline -0.002 -4"><span class='ocrx_word' id='word_1_1' title='bbox 227 320 329 374; x_wconf 80' lang='grc'><strong>697</strong></span> <span class='ocrx_word' id='word_1_2' title='bbox 853 317 937 372; x_wconf 88' lang='lat' dir='ltr'><strong>DE</strong></span> <span class='ocrx_word' id='word_1_3' title='bbox 977 317 1236 373; x_wconf 80' lang='lat' dir='ltr'><strong>CHRISTI</strong></span> <span class='ocrx_word' id='word_1_4' title='bbox 1277 318 1636 375; x_wconf 82' lang='lat' dir='ltr'><strong>TRIUMPHIS</strong></span> <span class='ocrx_word' id='word_1_5' title='bbox 1676 321 1846 378; x_wconf 82' lang='lat' dir='ltr'><strong>APUD</strong></span> <span class='ocrx_word' id='word_1_6' title='bbox 1889 321 2154 377; x_wconf 83' lang='lat' dir='ltr'><strong>ITALIAM</strong></span> <span class='ocrx_word' id='word_1_7' title='bbox 2196 321 2370 376; x_wconf 84' lang='lat' dir='ltr'><strong>LIBRI</strong></span> <span class='ocrx_word' id='word_1_8' title='bbox 2413 320 2542 375; x_wconf 80' lang='lat' dir='ltr'><strong>XIV.</strong></span> <span class='ocrx_word' id='word_1_9' title='bbox 2585 351 2653 360; x_wconf 89' lang='lat'><strong>--</strong></span> <span class='ocrx_word' id='word_1_10' title='bbox 2694 320 2816 374; x_wconf 87' lang='lat' dir='ltr'><strong>LIB.</strong></span> <span class='ocrx_word' id='word_1_11' title='bbox 2863 320 2948 372; x_wconf 87' lang='lat' dir='ltr'><strong>VI.</strong></span> <span class='ocrx_word' id='word_1_12' title='bbox 3444 315 3549 370; x_wconf 87' lang='lat'><strong>698</strong></span> 
     </span>
    </p>
   </div>
   <div class='ocr_carea' id='block_1_2' title="bbox 228 447 3359 528">
    <p class='ocr_par' dir='ltr' id='par_1_2' title="bbox 228 447 3359 528">
     <span class='ocr_line' id='line_1_2' title="bbox 228 447 3359 528; baseline -0.002 -21"><span class='ocrx_word' id='word_1_13' title='bbox 228 453 528 528; x_wconf 77' lang='lat' dir='ltr'><strong>Egrediens</strong></span> <span class='ocrx_word' id='word_1_14' title='bbox 555 451 798 516; x_wconf 88' lang='lat' dir='ltr'><strong>tandem,</strong></span> <span class='ocrx_word' id='word_1_15' title='bbox 835 451 1038 522; x_wconf 87' lang='lat' dir='ltr'><strong>populo</strong></span> <span class='ocrx_word' id='word_1_16' title='bbox 1071 459 1353 522; x_wconf 93' lang='lat' dir='ltr'><strong>spectante</strong></span> <span class='ocrx_word' id='word_1_17' title='bbox 1395 450 1595 507; x_wconf 94' lang='lat' dir='ltr'><strong>fatetur</strong></span> <span class='ocrx_word' id='word_1_18' title='bbox 1868 461 1918 526; x_wconf 85' lang='grc' dir='ltr'>Α</span> <span class='ocrx_word' id='word_1_19' title='bbox 1945 455 2207 510; x_wconf 87' lang='lat' dir='ltr'><strong>Damasus</strong></span> <span class='ocrx_word' id='word_1_20' title='bbox 2234 460 2293 507; x_wconf 92' lang='lat' dir='ltr'><strong>ut</strong></span> <span class='ocrx_word' id='word_1_21' title='bbox 2323 452 2524 508; x_wconf 83' lang='lat' dir='ltr'><strong>factum</strong></span> <span class='ocrx_word' id='word_1_22' title='bbox 2553 452 2717 526; x_wconf 83' lang='lat' dir='ltr'><strong>longo</strong></span> <span class='ocrx_word' id='word_1_23' title='bbox 2749 457 2872 522; x_wconf 89' lang='lat' dir='ltr'><strong>post</strong></span> <span class='ocrx_word' id='word_1_24' title='bbox 2895 457 3140 520; x_wconf 90' lang='lat' dir='ltr'><strong>tempore</strong></span> <span class='ocrx_word' id='word_1_25' title='bbox 3171 447 3359 514; x_wconf 82' lang='lat' dir='ltr'><strong>sumit,</strong></span> 
     </span>
    </p>
   </div>
   <div class='ocr_carea' id='block_1_3' title="bbox 227 539 3320 619">
    <p class='ocr_par' dir='ltr' id='par_1_3' title="bbox 227 539 3320 619">
     <span class='ocr_line' id='line_1_3' title="bbox 227 539 3320 619; baseline -0.003 -19"><span class='ocrx_word' id='word_1_26' title='bbox 227 545 541 619; x_wconf 81' lang='lat' dir='ltr'><strong>Flagitium,</strong></span> <span class='ocrx_word' id='word_1_27' title='bbox 575 549 860 616; x_wconf 88' lang='lat' dir='ltr'><strong>pressaute</strong></span> <span class='ocrx_word' id='word_1_28' title='bbox 883 542 1106 617; x_wconf 87' lang='lat' dir='ltr'><strong>probro,</strong></span> <span class='ocrx_word' id='word_1_29' title='bbox 1141 558 1251 599; x_wconf 90' lang='lat' dir='ltr'><strong>non</strong></span> <span class='ocrx_word' id='word_1_30' title='bbox 1284 559 1393 600; x_wconf 76' lang='lat' dir='ltr'><strong>aere</strong></span> <span class='ocrx_word' id='word_1_31' title='bbox 1421 551 1696 618; x_wconf 82' lang='lat' dir='ltr'><strong>gravatus.</strong></span> <span class='ocrx_word' id='word_1_32' title='bbox 1945 542 2162 617; x_wconf 84' lang='lat' dir='ltr'><strong>Obtegit</strong></span> <span class='ocrx_word' id='word_1_33' title='bbox 2190 558 2252 600; x_wconf 91' lang='lat' dir='ltr'><strong>os</strong></span> <span class='ocrx_word' id='word_1_34' title='bbox 2282 543 2438 612; x_wconf 69' lang='lat' dir='ltr'><strong>aedis,</strong></span> <span class='ocrx_word' id='word_1_35' title='bbox 2471 558 2620 598; x_wconf 88' lang='lat' dir='ltr'><strong>sacra</strong></span> <span class='ocrx_word' id='word_1_36' title='bbox 2649 541 2838 596; x_wconf 85' lang='lat' dir='ltr'><strong>limina</strong></span> <span class='ocrx_word' id='word_1_37' title='bbox 2868 539 3122 596; x_wconf 82' lang='lat' dir='ltr'><strong>versibus</strong></span> <span class='ocrx_word' id='word_1_38' title='bbox 3139 544 3320 594; x_wconf 91' lang='lat' dir='ltr'><strong>ornat.</strong></span> 
     </span>
    </p>
   </div>
   <div class='ocr_carea' id='block_1_4' title="bbox 1743 700 2081 756">
    <p class='ocr_par' dir='ltr' id='par_1_4' title="bbox 1743 700 2081 756">
     <span class='ocr_line' id='line_1_4' title="bbox 1743 700 2081 756; baseline -0.003 -2"><span class='ocrx_word' id='word_1_39' title='bbox 1743 700 1952 756; x_wconf 77' lang='lat' dir='ltr'><strong>CAPUT</strong></span> <span class='ocrx_word' id='word_1_40' title='bbox 1995 701 2081 756; x_wconf 89' lang='lat' dir='ltr'><strong>VI.</strong></span> 
     </span>
    </p>
   </div>
   <div class='ocr_carea' id='block_1_5' title="bbox 1520 802 2245 880">
    <p class='ocr_par' dir='ltr' id='par_1_5' title="bbox 1520 802 2245 880">
     <span class='ocr_line' id='line_1_5' title="bbox 1520 802 2245 880; baseline 0.001 -18"><span class='ocrx_word' id='word_1_41' title='bbox 1520 804 1597 863; x_wconf 87' lang='lat' dir='ltr'><strong>De</strong></span> <span class='ocrx_word' id='word_1_42' title='bbox 1637 811 1840 863; x_wconf 83' lang='lat' dir='ltr'><strong>sancto</strong></span> <span class='ocrx_word' id='word_1_43' title='bbox 1885 802 2029 864; x_wconf 75' lang='lat' dir='ltr'><strong>Gaio</strong></span> <span class='ocrx_word' id='word_1_44' title='bbox 2066 819 2245 880; x_wconf 81' lang='lat' dir='ltr'><strong>papa.</strong></span> 
     </span>
    </p>
   </div>
   <div class='ocr_carea' id='block_1_6' title="bbox 221 935 3476 1014">
    <p class='ocr_par' dir='ltr' id='par_1_6' title="bbox 221 935 3476 1014">
     <span class='ocr_line' id='line_1_6' title="bbox 221 935 3476 1014; baseline 0 -22"><span class='ocrx_word' id='word_1_45' title='bbox 221 935 384 993; x_wconf 89' lang='lat' dir='ltr'><strong>Sedis</strong></span> <span class='ocrx_word' id='word_1_46' title='bbox 404 936 721 1008; x_wconf 62' lang='lat' dir='ltr'><strong>apostolica}</strong></span> <span class='ocrx_word' id='word_1_47' title='bbox 752 936 916 992; x_wconf 83' lang='lat' dir='ltr'><strong>Gaius</strong></span> <span class='ocrx_word' id='word_1_48' title='bbox 955 945 1077 1008; x_wconf 92' lang='lat' dir='ltr'><strong>post</strong></span> <span class='ocrx_word' id='word_1_49' title='bbox 1107 938 1502 1010; x_wconf 82' lang='lat' dir='ltr'><strong>Eutychianum</strong></span> <span class='ocrx_word' id='word_1_50' title='bbox 1937 943 2162 998; x_wconf 85' lang='lat' dir='ltr'><strong>Sumere</strong></span> <span class='ocrx_word' id='word_1_51' title='bbox 2193 950 2514 1014; x_wconf 90' lang='lat' dir='ltr'><strong>proventum</strong></span> <span class='ocrx_word' id='word_1_52' title='bbox 2537 950 2822 1014; x_wconf 83' lang='lat' dir='ltr'><strong>postquam</strong></span> <span class='ocrx_word' id='word_1_53' title='bbox 2841 940 3031 996; x_wconf 89' lang='lat' dir='ltr'><strong>intima</strong></span> <span class='ocrx_word' id='word_1_54' title='bbox 3054 940 3263 994; x_wconf 89' lang='lat' dir='ltr'><strong>viscera</strong></span> <span class='ocrx_word' id='word_1_55' title='bbox 3277 939 3476 1005; x_wconf 89' lang='lat' dir='ltr'><strong>turbat,</strong></span> 
     </span>
    </p>
   </div>
   <div class='ocr_carea' id='block_1_7' title="bbox 219 1029 3439 1109">
    <p class='ocr_par' dir='ltr' id='par_1_7' title="bbox 219 1029 3439 1109">
     <span class='ocr_line' id='line_1_7' title="bbox 219 1029 3439 1109; baseline -0.001 -23"><span class='ocrx_word' id='word_1_56' title='bbox 219 1029 476 1086; x_wconf 86' lang='lat' dir='ltr'><strong>Culmina</strong></span> <span class='ocrx_word' id='word_1_57' title='bbox 496 1030 741 1097; x_wconf 88' lang='lat' dir='ltr'><strong>sortitus,</strong></span> <span class='ocrx_word' id='word_1_58' title='bbox 774 1030 1151 1086; x_wconf 84' lang='lat' dir='ltr'><strong>moderamine</strong></span> <span class='ocrx_word' id='word_1_59' title='bbox 1173 1039 1360 1086; x_wconf 83' lang='lat' dir='ltr'><strong>tractat</strong></span> <span class='ocrx_word' id='word_1_60' title='bbox 1384 1033 1617 1088; x_wconf 89' lang='lat' dir='ltr'><strong>honesto</strong></span> <span class='ocrx_word' id='word_1_61' title='bbox 1652 1051 1666 1099; x_wconf 86' lang='lat'><strong>;</strong></span> <span class='ocrx_word' id='word_1_62' title='bbox 1938 1035 2337 1109; x_wconf 87' lang='lat' dir='ltr'><strong>Languidulum</strong></span> <span class='ocrx_word' id='word_1_63' title='bbox 2363 1036 2416 1090; x_wconf 90' lang='lat' dir='ltr'><strong>in</strong></span> <span class='ocrx_word' id='word_1_64' title='bbox 2437 1037 2632 1106; x_wconf 82' lang='lat' dir='ltr'><strong>vulgus</strong></span> <span class='ocrx_word' id='word_1_65' title='bbox 2663 1035 2942 1090; x_wconf 89' lang='lat' dir='ltr'><strong>robustum</strong></span> <span class='ocrx_word' id='word_1_66' title='bbox 2975 1032 3199 1088; x_wconf 86' lang='lat' dir='ltr'><strong>suscitat</strong></span> <span class='ocrx_word' id='word_1_67' title='bbox 3228 1033 3439 1086; x_wconf 87' lang='lat' dir='ltr'><strong>hostem</strong></span> 
     </span>
    </p>
   </div>
   <div class='ocr_carea' id='block_1_8' title="bbox 219 1121 3164 1194">
    <p class='ocr_par' dir='ltr' id='par_1_8' title="bbox 219 1121 3164 1194">
     <span class='ocr_line' id='line_1_8' title="bbox 219 1121 3164 1194; baseline -0 -19"><span class='ocrx_word' id='word_1_68' title='bbox 219 1122 357 1176; x_wconf 84' lang='lat' dir='ltr'><strong>Nam</strong></span> <span class='ocrx_word' id='word_1_69' title='bbox 390 1121 860 1194; x_wconf 85' lang='lat' dir='ltr'><strong>statuitgradibus</strong></span> <span class='ocrx_word' id='word_1_70' title='bbox 881 1138 1173 1177; x_wconf 88' lang='lat' dir='ltr'><strong>scansuros</strong></span> <span class='ocrx_word' id='word_1_71' title='bbox 1213 1123 1358 1177; x_wconf 88' lang='lat' dir='ltr'><strong>celsa</strong></span> <span class='ocrx_word' id='word_1_72' title='bbox 1379 1124 1585 1190; x_wconf 89' lang='lat' dir='ltr'><strong>subire,</strong></span> <span class='ocrx_word' id='word_1_73' title='bbox 1935 1123 2202 1179; x_wconf 86' lang='lat' dir='ltr'><strong>Tartareis</strong></span> <span class='ocrx_word' id='word_1_74' title='bbox 2232 1141 2450 1179; x_wconf 87' lang='lat' dir='ltr'><strong>armans</strong></span> <span class='ocrx_word' id='word_1_75' title='bbox 2477 1124 2714 1178; x_wconf 88' lang='lat' dir='ltr'><strong>ﬂammis</strong></span> <span class='ocrx_word' id='word_1_76' title='bbox 2744 1122 3164 1177; x_wconf 86' lang='lat' dir='ltr'><strong>Diocletianum.</strong></span> 
     </span>
    </p>
   </div>
   <div class='ocr_carea' id='block_1_9' title="bbox 217 1210 3339 1283">
    <p class='ocr_par' dir='ltr' id='par_1_9' title="bbox 217 1210 3339 1283">
     <span class='ocr_line' id='line_1_9' title="bbox 217 1210 3339 1283; baseline 0 -20"><span class='ocrx_word' id='word_1_77' title='bbox 217 1210 466 1264; x_wconf 86' lang='lat' dir='ltr'><strong>Saltibus</strong></span> <span class='ocrx_word' id='word_1_78' title='bbox 494 1227 523 1264; x_wconf 88' lang='lat' dir='ltr'><strong>a</strong></span> <span class='ocrx_word' id='word_1_79' title='bbox 554 1211 704 1266; x_wconf 91' lang='lat' dir='ltr'><strong>nullo</strong></span> <span class='ocrx_word' id='word_1_80' title='bbox 734 1211 988 1265; x_wconf 71' lang='lat' dir='ltr'><strong>Ecclesiae</strong></span> <span class='ocrx_word' id='word_1_81' title='bbox 1011 1212 1321 1282; x_wconf 89' lang='lat' dir='ltr'><strong>superaricr</strong></span> <span class='ocrx_word' id='word_1_82' title='bbox 1347 1228 1550 1278; x_wconf 90' lang='lat' dir='ltr'><strong>arcem,</strong></span> <span class='ocrx_word' id='word_1_83' title='bbox 1938 1216 1995 1270; x_wconf 91' lang='lat' dir='ltr'><strong>In</strong></span> <span class='ocrx_word' id='word_1_84' title='bbox 2029 1215 2222 1270; x_wconf 84' lang='lat' dir='ltr'><strong>Christi</strong></span> <span class='ocrx_word' id='word_1_85' title='bbox 2251 1215 2482 1269; x_wconf 90' lang='lat' dir='ltr'><strong>famulos</strong></span> <span class='ocrx_word' id='word_1_86' title='bbox 2505 1221 2673 1268; x_wconf 87' lang='lat' dir='ltr'><strong>totum</strong></span> <span class='ocrx_word' id='word_1_87' title='bbox 2703 1213 2797 1283; x_wconf 87' lang='lat' dir='ltr'><strong>qui</strong></span> <span class='ocrx_word' id='word_1_88' title='bbox 2837 1213 3075 1266; x_wconf 87' lang='lat' dir='ltr'><strong>concitat</strong></span> <span class='ocrx_word' id='word_1_89' title='bbox 3104 1211 3292 1265; x_wconf 89' lang='lat' dir='ltr'><strong>orbem</strong></span> <span class='ocrx_word' id='word_1_90' title='bbox 3325 1227 3339 1263; x_wconf 86' lang='lat'><strong>:</strong></span> 
     </span>
    </p>
   </div>
   <div class='ocr_carea' id='block_1_10' title="bbox 217 1301 3232 1381">
    <p class='ocr_par' dir='ltr' id='par_1_10' title="bbox 217 1301 3232 1381">
     <span class='ocr_line' id='line_1_10' title="bbox 217 1301 3232 1381; baseline 0.001 -25"><span class='ocrx_word' id='word_1_91' title='bbox 217 1301 432 1356; x_wconf 70' lang='lat' dir='ltr'><strong>Militia:</strong></span> <span class='ocrx_word' id='word_1_92' title='bbox 467 1302 659 1356; x_wconf 84' lang='lat' dir='ltr'><strong>Christi</strong></span> <span class='ocrx_word' id='word_1_93' title='bbox 695 1304 989 1373; x_wconf 87' lang='lat' dir='ltr'><strong>primatum</strong></span> <span class='ocrx_word' id='word_1_94' title='bbox 1024 1311 1081 1357; x_wconf 90' lang='lat' dir='ltr'><strong>ut</strong></span> <span class='ocrx_word' id='word_1_95' title='bbox 1113 1319 1272 1357; x_wconf 91' lang='lat' dir='ltr'><strong>nemo</strong></span> <span class='ocrx_word' id='word_1_96' title='bbox 1305 1311 1556 1374; x_wconf 86' lang='lat' dir='ltr'><strong>capessat</strong></span> <span class='ocrx_word' id='word_1_97' title='bbox 1939 1311 2001 1365; x_wconf 88' lang='lat' dir='ltr'><strong>Et</strong></span> <span class='ocrx_word' id='word_1_98' title='bbox 2031 1309 2159 1381; x_wconf 87' lang='lat' dir='ltr'><strong>quia</strong></span> <span class='ocrx_word' id='word_1_99' title='bbox 2192 1310 2485 1364; x_wconf 90' lang='lat' dir='ltr'><strong>nonnullos</strong></span> <span class='ocrx_word' id='word_1_100' title='bbox 2516 1307 2802 1363; x_wconf 81' lang='lat' dir='ltr'><strong>constabat</strong></span> <span class='ocrx_word' id='word_1_101' title='bbox 2831 1305 3068 1360; x_wconf 85' lang='lat' dir='ltr'><strong>fascibus</strong></span> <span class='ocrx_word' id='word_1_102' title='bbox 3095 1305 3232 1360; x_wconf 89' lang='lat' dir='ltr'><strong>altos</strong></span> 
     </span>
    </p>
   </div>
   <div class='ocr_carea' id='block_1_11' title="bbox 215 1393 3232 1472">
    <p class='ocr_par' dir='ltr' id='par_1_11' title="bbox 215 1393 3232 1472">
     <span class='ocr_line' id='line_1_11' title="bbox 215 1393 3232 1472; baseline 0.001 -25"><span class='ocrx_word' id='word_1_103' title='bbox 215 1393 288 1447; x_wconf 79' lang='lat' dir='ltr'><strong>Ni</strong></span> <span class='ocrx_word' id='word_1_104' title='bbox 315 1393 567 1448; x_wconf 90' lang='lat' dir='ltr'><strong>tirocinio</strong></span> <span class='ocrx_word' id='word_1_105' title='bbox 591 1410 687 1464; x_wconf 89' lang='lat' dir='ltr'><strong>per</strong></span> <span class='ocrx_word' id='word_1_106' title='bbox 715 1394 932 1466; x_wconf 87' lang='lat' dir='ltr'><strong>singula</strong></span> <span class='ocrx_word' id='word_1_107' title='bbox 957 1395 1140 1448; x_wconf 90' lang='lat' dir='ltr'><strong>munia</strong></span> <span class='ocrx_word' id='word_1_108' title='bbox 1168 1403 1372 1470; x_wconf 84' lang='lat' dir='ltr'><strong>surgat.</strong></span> <span class='ocrx_word' id='word_1_109' title='bbox 1943 1402 2132 1457; x_wconf 90' lang='lat' dir='ltr'><strong>Militia</strong></span> <span class='ocrx_word' id='word_1_110' title='bbox 2148 1402 2343 1464; x_wconf 89' lang='lat' dir='ltr'><strong>claros,</strong></span> <span class='ocrx_word' id='word_1_111' title='bbox 2378 1401 2552 1472; x_wconf 90' lang='lat' dir='ltr'><strong>primo</strong></span> <span class='ocrx_word' id='word_1_112' title='bbox 2586 1401 2685 1454; x_wconf 91' lang='lat' dir='ltr'><strong>hos</strong></span> <span class='ocrx_word' id='word_1_113' title='bbox 2715 1398 3014 1469; x_wconf 89' lang='lat' dir='ltr'><strong>depellere,</strong></span> <span class='ocrx_word' id='word_1_114' title='bbox 3049 1396 3232 1470; x_wconf 85' lang='lat' dir='ltr'><strong>ﬂagris</strong></span> 
     </span>
    </p>
   </div>
   <div class='ocr_carea' id='block_1_12' title="bbox 216 1485 3381 1567">
    <p class='ocr_par' dir='ltr' id='par_1_12' title="bbox 216 1485 3381 1567">
     <span class='ocr_line' id='line_1_12' title="bbox 216 1485 3381 1567; baseline 0.003 -29"><span class='ocrx_word' id='word_1_115' title='bbox 216 1485 318 1539; x_wconf 87' lang='lat' dir='ltr'><strong>His</strong></span> <span class='ocrx_word' id='word_1_116' title='bbox 339 1485 572 1556; x_wconf 89' lang='lat' dir='ltr'><strong>aliisque</strong></span> <span class='ocrx_word' id='word_1_117' title='bbox 599 1486 780 1540; x_wconf 89' lang='lat' dir='ltr'><strong>nitens</strong></span> <span class='ocrx_word' id='word_1_118' title='bbox 800 1495 1112 1541; x_wconf 89' lang='lat' dir='ltr'><strong>sanctorum</strong></span> <span class='ocrx_word' id='word_1_119' title='bbox 1137 1487 1393 1542; x_wconf 86' lang='lat' dir='ltr'><strong>ductibus</strong></span> <span class='ocrx_word' id='word_1_120' title='bbox 1418 1489 1584 1543; x_wconf 90' lang='lat' dir='ltr'><strong>altum</strong></span> <span class='ocrx_word' id='word_1_121' title='bbox 1936 1495 2030 1551; x_wconf 89' lang='lat' dir='ltr'><strong>vel</strong></span> <span class='ocrx_word' id='word_1_122' title='bbox 2057 1505 2245 1551; x_wconf 80' lang='lat' dir='ltr'><strong>censet</strong></span> <span class='ocrx_word' id='word_1_123' title='bbox 2273 1494 2474 1567; x_wconf 76' lang='lat' dir='ltr'><strong>subigi,</strong></span> <span class='ocrx_word' id='word_1_124' title='bbox 2509 1501 2679 1548; x_wconf 92' lang='lat' dir='ltr'><strong>totum</strong></span> <span class='ocrx_word' id='word_1_125' title='bbox 2710 1509 2834 1547; x_wconf 86' lang='lat' dir='ltr'><strong>mox</strong></span> <span class='ocrx_word' id='word_1_126' title='bbox 2857 1492 3011 1546; x_wconf 49' lang='lat' dir='ltr'><strong>saevit</strong></span> <span class='ocrx_word' id='word_1_127' title='bbox 3042 1492 3094 1544; x_wconf 92' lang='lat' dir='ltr'><strong>in</strong></span> <span class='ocrx_word' id='word_1_128' title='bbox 3134 1505 3332 1563; x_wconf 82' lang='lat' dir='ltr'><strong>agmen</strong></span> <span class='ocrx_word' id='word_1_129' title='bbox 3369 1507 3381 1544; x_wconf 92' lang='lat'>:</span> 
     </span>
    </p>
   </div>
   <div class='ocr_carea' id='block_1_13' title="bbox 216 1574 3308 1655">
    <p class='ocr_par' dir='ltr' id='par_1_13' title="bbox 216 1574 3308 1655">
     <span class='ocr_line' id='line_1_13' title="bbox 216 1574 3308 1655; baseline 0.002 -29"><span class='ocrx_word' id='word_1_130' title='bbox 216 1574 388 1628; x_wconf 91' lang='lat' dir='ltr'><strong>Sacra</strong></span> <span class='ocrx_word' id='word_1_131' title='bbox 416 1574 674 1628; x_wconf 90' lang='lat' dir='ltr'><strong>columba</strong></span> <span class='ocrx_word' id='word_1_132' title='bbox 707 1575 864 1644; x_wconf 89' lang='lat' dir='ltr'><strong>petit,</strong></span> <span class='ocrx_word' id='word_1_133' title='bbox 883 1592 1084 1646; x_wconf 90' lang='lat' dir='ltr'><strong>supera</strong></span> <span class='ocrx_word' id='word_1_134' title='bbox 1112 1576 1166 1629; x_wconf 90' lang='lat' dir='ltr'><strong>in</strong></span> <span class='ocrx_word' id='word_1_135' title='bbox 1192 1575 1407 1651; x_wconf 86' lang='lat' dir='ltr'><strong>fastigia</strong></span> <span class='ocrx_word' id='word_1_136' title='bbox 1439 1577 1629 1645; x_wconf 83' lang='lat' dir='ltr'><strong>fertur,</strong></span> <span class='ocrx_word' id='word_1_137' title='bbox 1935 1585 2080 1639; x_wconf 77' lang='lat' dir='ltr'><strong>scita</strong></span> <span class='ocrx_word' id='word_1_138' title='bbox 2105 1584 2268 1650; x_wconf 77' lang='lat' dir='ltr'><strong>dicat,</strong></span> <span class='ocrx_word' id='word_1_139' title='bbox 2301 1583 2519 1638; x_wconf 82' lang='lat' dir='ltr'><strong>decreta</strong></span> <span class='ocrx_word' id='word_1_140' title='bbox 2550 1589 2720 1649; x_wconf 86' lang='lat' dir='ltr'><strong>notat,</strong></span> <span class='ocrx_word' id='word_1_141' title='bbox 2744 1588 3016 1652; x_wconf 66' lang='lat' dir='ltr'><strong>praecepta</strong></span> <span class='ocrx_word' id='word_1_142' title='bbox 3044 1580 3308 1655; x_wconf 81' lang='lat' dir='ltr'><strong>resignat,</strong></span> 
     </span>
    </p>
   </div>
   <div class='ocr_carea' id='block_1_14' title="bbox 214 1661 3405 1745">
    <p class='ocr_par' dir='ltr' id='par_1_14' title="bbox 214 1661 3405 1745">
     <span class='ocr_line' id='line_1_14' title="bbox 214 1661 3405 1745; baseline -0 -19"><span class='ocrx_word' id='word_1_143' title='bbox 214 1662 484 1734; x_wconf 64' lang='lat' dir='ltr'><strong>Augetur,</strong></span> <span class='ocrx_word' id='word_1_144' title='bbox 516 1661 730 1728; x_wconf 62' lang='lat' dir='ltr'><strong>00mm,</strong></span> <span class='ocrx_word' id='word_1_145' title='bbox 762 1669 972 1728; x_wconf 69' lang='grc' dir='ltr'><strong>νθτηῖιῑ,</strong></span> <span class='ocrx_word' id='word_1_146' title='bbox 997 1663 1262 1730; x_wconf 58' lang='lat' dir='ltr'><strong>munitur,</strong></span> <span class='ocrx_word' id='word_1_147' title='bbox 1285 1673 1515 1732; x_wconf 59' lang='lat' dir='ltr'><strong>amatur,</strong></span> <span class='ocrx_word' id='word_1_148' title='bbox 1936 1676 2297 1732; x_wconf 88' lang='lat' dir='ltr'><strong>Ecclesiarum</strong></span> <span class='ocrx_word' id='word_1_149' title='bbox 2329 1676 2464 1730; x_wconf 66' lang='lat' dir='ltr'><strong>aula)</strong></span> <span class='ocrx_word' id='word_1_150' title='bbox 2493 1675 2735 1745; x_wconf 91' lang='lat' dir='ltr'><strong>lapidem</strong></span> <span class='ocrx_word' id='word_1_151' title='bbox 2767 1681 3085 1728; x_wconf 84' lang='lat' dir='ltr'><strong>evertantur</strong></span> <span class='ocrx_word' id='word_1_152' title='bbox 3114 1672 3182 1726; x_wconf 90' lang='lat' dir='ltr'><strong>ad</strong></span> <span class='ocrx_word' id='word_1_153' title='bbox 3213 1672 3405 1738; x_wconf 90' lang='lat' dir='ltr'><strong>imum,</strong></span> 
     </span>
    </p>
   </div>
   <div class='ocr_carea' id='block_1_15' title="bbox 214 1752 3224 1836">
    <p class='ocr_par' dir='ltr' id='par_1_15' title="bbox 214 1752 3224 1836">
     <span class='ocr_line' id='line_1_15' title="bbox 214 1752 3224 1836; baseline -0.001 -18"><span class='ocrx_word' id='word_1_154' title='bbox 214 1752 490 1827; x_wconf 77' lang='lat' dir='ltr'><strong>Bcgmina</strong></span> <span class='ocrx_word' id='word_1_155' title='bbox 514 1753 723 1820; x_wconf 61' lang='lat' dir='ltr'><strong>(malai.</strong></span> <span class='ocrx_word' id='word_1_156' title='bbox 750 1754 1059 1822; x_wconf 59' lang='lat' dir='ltr'><strong>decoratur,</strong></span> <span class='ocrx_word' id='word_1_157' title='bbox 1092 1756 1498 1828; x_wconf 68' lang='lat' dir='ltr'><strong>magnificatur-</strong></span> <span class='ocrx_word' id='word_1_158' title='bbox 1860 1807 1906 1836; x_wconf 69' lang='grc' dir='ltr'><strong>η</strong></span> <span class='ocrx_word' id='word_1_159' title='bbox 1935 1766 2223 1836; x_wconf 62' lang='grc' dir='ltr'><strong>δοτὶριυτερ</strong></span> <span class='ocrx_word' id='word_1_160' title='bbox 2248 1781 2462 1834; x_wconf 54' lang='lat' dir='ltr'><strong>superae</strong></span> <span class='ocrx_word' id='word_1_161' title='bbox 2494 1764 2614 1818; x_wconf 91' lang='lat' dir='ltr'><strong>diro</strong></span> <span class='ocrx_word' id='word_1_162' title='bbox 2647 1771 2942 1818; x_wconf 85' lang='lat' dir='ltr'><strong>exurautur</strong></span> <span class='ocrx_word' id='word_1_163' title='bbox 2969 1764 3022 1817; x_wconf 91' lang='lat' dir='ltr'><strong>in</strong></span> <span class='ocrx_word' id='word_1_164' title='bbox 3052 1763 3179 1836; x_wconf 89' lang='lat' dir='ltr'><strong>igne</strong></span> <span class='ocrx_word' id='word_1_165' title='bbox 3211 1780 3224 1815; x_wconf 90' lang='lat'><strong>:</strong></span> 
     </span>
    </p>
   </div>
   <div class='ocr_carea' id='block_1_16' title="bbox 214 1807 3216 1929">
    <p class='ocr_par' dir='ltr' id='par_1_16' title="bbox 214 1807 3216 1929">
     <span class='ocr_line' id='line_1_16' title="bbox 305 1807 3216 1836; baseline 0.003 -23"><span class='ocrx_word' id='word_1_166' title='bbox 305 1807 337 1827; x_wconf 65' lang='grc' dir='ltr'><strong>ε,</strong></span> <span class='ocrx_word' id='word_1_167' title='bbox 709 1807 723 1820; x_wconf 96' lang='grc'><strong><em>,</em></strong></span> <span class='ocrx_word' id='word_1_168' title='bbox 1935 1807 2222 1836; x_wconf 45' lang='lat' dir='ltr'><strong>umquam</strong></span> <span class='ocrx_word' id='word_1_169' title='bbox 2248 1807 2461 1834; x_wconf 61' lang='grc' dir='ltr'><strong>υμιιυηυ</strong></span> <span class='ocrx_word' id='word_1_170' title='bbox 2496 1807 2613 1818; x_wconf 65' lang='grc' dir='ltr'><strong>μην</strong></span> <span class='ocrx_word' id='word_1_171' title='bbox 2649 1807 2931 1818; x_wconf 58' lang='grc' dir='ltr'><strong>ηιμ-...η-</strong></span> <span class='ocrx_word' id='word_1_172' title='bbox 3052 1807 3216 1836; x_wconf 58' lang='grc' dir='ltr'><strong>Ὄκν-</strong></span> 
     </span>
     <span class='ocr_line' id='line_1_17' title="bbox 214 1807 3216 1929; baseline 0.003 -30"><span class='ocrx_word' id='word_1_173' title='bbox 214 1845 443 1900; x_wconf 87' lang='lat' dir='ltr'><strong>Lividus</strong></span> <span class='ocrx_word' id='word_1_174' title='bbox 460 1846 746 1917; x_wconf 89' lang='lat' dir='ltr'><strong>antiquum</strong></span> <span class='ocrx_word' id='word_1_175' title='bbox 779 1847 1017 1918; x_wconf 78' lang='lat' dir='ltr'><strong>nigranti</strong></span> <span class='ocrx_word' id='word_1_176' title='bbox 1049 1847 1175 1903; x_wconf 88' lang='lat' dir='ltr'><strong>felle</strong></span> <span class='ocrx_word' id='word_1_177' title='bbox 1202 1865 1472 1904; x_wconf 89' lang='lat' dir='ltr'><strong>venenum</strong></span> <span class='ocrx_word' id='word_1_178' title='bbox 1859 1807 1909 1874; x_wconf 83' lang='lat' dir='ltr'>B</span> <span class='ocrx_word' id='word_1_179' title='bbox 1936 1856 2176 1922; x_wconf 89' lang='lat' dir='ltr'><strong>Quilibet</strong></span> <span class='ocrx_word' id='word_1_180' title='bbox 2205 1856 2405 1929; x_wconf 83' lang='lat' dir='ltr'><strong>insigni</strong></span> <span class='ocrx_word' id='word_1_181' title='bbox 2439 1863 2686 1910; x_wconf 89' lang='lat' dir='ltr'><strong>nostrum</strong></span> <span class='ocrx_word' id='word_1_182' title='bbox 2718 1853 2971 1909; x_wconf 76' lang='lat' dir='ltr'><strong>suffultus</strong></span> <span class='ocrx_word' id='word_1_183' title='bbox 3001 1854 3216 1909; x_wconf 80' lang='lat' dir='ltr'><strong>honore</strong></span> 
     </span>
    </p>
   </div>
   <div class='ocr_carea' id='block_1_17' title="bbox 207 1937 3267 2018">
    <p class='ocr_par' dir='ltr' id='par_1_17' title="bbox 207 1937 3267 2018">
     <span class='ocr_line' id='line_1_18' title="bbox 207 1937 3267 2018; baseline 0.004 -29"><span class='ocrx_word' id='word_1_184' title='bbox 207 1937 425 2009; x_wconf 81' lang='lat' dir='ltr'><strong>Anguis</strong></span> <span class='ocrx_word' id='word_1_185' title='bbox 457 1937 793 1993; x_wconf 72' lang='lat' dir='ltr'><strong>inexhausta:</strong></span> <span class='ocrx_word' id='word_1_186' title='bbox 816 1939 1017 1994; x_wconf 91' lang='lat' dir='ltr'><strong>mentis</strong></span> <span class='ocrx_word' id='word_1_187' title='bbox 1049 1947 1200 1995; x_wconf 90' lang='lat' dir='ltr'><strong>torvo</strong></span> <span class='ocrx_word' id='word_1_188' title='bbox 1229 1943 1445 2014; x_wconf 82' lang='lat' dir='ltr'><strong>agmine</strong></span> <span class='ocrx_word' id='word_1_189' title='bbox 1477 1941 1720 2009; x_wconf 89' lang='lat' dir='ltr'><strong>volvens,</strong></span> <span class='ocrx_word' id='word_1_190' title='bbox 1935 1947 2183 2002; x_wconf 90' lang='lat' dir='ltr'><strong>Culmine</strong></span> <span class='ocrx_word' id='word_1_191' title='bbox 2222 1947 2437 2002; x_wconf 90' lang='lat' dir='ltr'><strong>sublato</strong></span> <span class='ocrx_word' id='word_1_192' title='bbox 2468 1963 2668 2002; x_wconf 89' lang='lat' dir='ltr'><strong>nomen</strong></span> <span class='ocrx_word' id='word_1_193' title='bbox 2710 1947 3016 2018; x_wconf 68' lang='lat' dir='ltr'><strong>praetendat</strong></span> <span class='ocrx_word' id='word_1_194' title='bbox 3047 1946 3211 2000; x_wconf 89' lang='lat' dir='ltr'><strong>inane</strong></span> <span class='ocrx_word' id='word_1_195' title='bbox 3251 1964 3267 2000; x_wconf 91' lang='lat'><strong><em>:</em></strong></span> 
     </span>
    </p>
   </div>
   <div class='ocr_carea' id='block_1_18' title="bbox 209 2028 3242 2111">
    <p class='ocr_par' dir='ltr' id='par_1_18' title="bbox 209 2028 3242 2111">
     <span class='ocr_line' id='line_1_19' title="bbox 209 2028 3242 2111; baseline 0.004 -30"><span class='ocrx_word' id='word_1_196' title='bbox 209 2028 474 2102; x_wconf 85' lang='lat' dir='ltr'><strong>Suggerit</strong></span> <span class='ocrx_word' id='word_1_197' title='bbox 504 2045 652 2084; x_wconf 91' lang='lat' dir='ltr'><strong>arma</strong></span> <span class='ocrx_word' id='word_1_198' title='bbox 679 2030 819 2085; x_wconf 89' lang='lat' dir='ltr'><strong>dolis</strong></span> <span class='ocrx_word' id='word_1_199' title='bbox 842 2030 1165 2103; x_wconf 89' lang='lat' dir='ltr'><strong>animosque</strong></span> <span class='ocrx_word' id='word_1_200' title='bbox 1192 2033 1443 2087; x_wconf 88' lang='lat' dir='ltr'><strong>accendit</strong></span> <span class='ocrx_word' id='word_1_201' title='bbox 1471 2035 1539 2087; x_wconf 88' lang='lat' dir='ltr'><strong>ab</strong></span> <span class='ocrx_word' id='word_1_202' title='bbox 1565 2034 1699 2088; x_wconf 89' lang='lat' dir='ltr'><strong>atris</strong></span> <span class='ocrx_word' id='word_1_203' title='bbox 1935 2039 2224 2094; x_wconf 86' lang='lat' dir='ltr'><strong>Servorum</strong></span> <span class='ocrx_word' id='word_1_204' title='bbox 2257 2041 2302 2093; x_wconf 92' lang='lat' dir='ltr'><strong>si</strong></span> <span class='ocrx_word' id='word_1_205' title='bbox 2341 2040 2464 2111; x_wconf 87' lang='lat' dir='ltr'><strong>quis</strong></span> <span class='ocrx_word' id='word_1_206' title='bbox 2507 2039 2715 2094; x_wconf 89' lang='lat' dir='ltr'><strong>Christo</strong></span> <span class='ocrx_word' id='word_1_207' title='bbox 2746 2039 3063 2093; x_wconf 88' lang='lat' dir='ltr'><strong>famularier</strong></span> <span class='ocrx_word' id='word_1_208' title='bbox 3091 2044 3242 2109; x_wconf 88' lang='lat' dir='ltr'><strong>eptet</strong></span> 
     </span>
    </p>
   </div>
   <div class='ocr_carea' id='block_1_19' title="bbox 213 2119 3244 2203">
    <p class='ocr_par' dir='ltr' id='par_1_19' title="bbox 213 2119 3244 2203">
     <span class='ocr_line' id='line_1_20' title="bbox 213 2119 3244 2203; baseline 0.003 -29"><span class='ocrx_word' id='word_1_209' title='bbox 213 2119 390 2175; x_wconf 90' lang='lat' dir='ltr'><strong>Cociti</strong></span> <span class='ocrx_word' id='word_1_210' title='bbox 422 2120 654 2187; x_wconf 87' lang='lat' dir='ltr'><strong>facibus,</strong></span> <span class='ocrx_word' id='word_1_211' title='bbox 687 2122 993 2194; x_wconf 88' lang='lat' dir='ltr'><strong>suadetque</strong></span> <span class='ocrx_word' id='word_1_212' title='bbox 1024 2123 1327 2180; x_wconf 90' lang='lat' dir='ltr'><strong>domestica</strong></span> <span class='ocrx_word' id='word_1_213' title='bbox 1351 2125 1518 2194; x_wconf 88' lang='lat' dir='ltr'><strong>bella,</strong></span> <span class='ocrx_word' id='word_1_214' title='bbox 1937 2129 2026 2186; x_wconf 91' lang='lat' dir='ltr'><strong>Sic</strong></span> <span class='ocrx_word' id='word_1_215' title='bbox 2055 2137 2269 2186; x_wconf 89' lang='lat' dir='ltr'><strong>maneat</strong></span> <span class='ocrx_word' id='word_1_216' title='bbox 2295 2132 2515 2201; x_wconf 86' lang='lat' dir='ltr'><strong>penitus</strong></span> <span class='ocrx_word' id='word_1_217' title='bbox 2544 2148 2641 2203; x_wconf 90' lang='lat' dir='ltr'><strong>spe</strong></span> <span class='ocrx_word' id='word_1_218' title='bbox 2672 2130 2942 2186; x_wconf 88' lang='lat' dir='ltr'><strong>libertatis</strong></span> <span class='ocrx_word' id='word_1_219' title='bbox 2968 2131 3244 2200; x_wconf 90' lang='lat' dir='ltr'><strong>adempta,</strong></span> 
     </span>
    </p>
   </div>
   <div class='ocr_carea' id='block_1_20' title="bbox 211 2213 3477 2296">
    <p class='ocr_par' dir='ltr' id='par_1_20' title="bbox 211 2213 3477 2296">
     <span class='ocr_line' id='line_1_21' title="bbox 211 2213 3477 2296; baseline 0.001 -29"><span class='ocrx_word' id='word_1_220' title='bbox 211 2213 390 2268; x_wconf 78' lang='lat' dir='ltr'><strong>Fratri</strong></span> <span class='ocrx_word' id='word_1_221' title='bbox 417 2214 583 2270; x_wconf 88' lang='lat' dir='ltr'><strong>frater</strong></span> <span class='ocrx_word' id='word_1_222' title='bbox 611 2222 668 2270; x_wconf 90' lang='lat' dir='ltr'><strong>ut</strong></span> <span class='ocrx_word' id='word_1_223' title='bbox 698 2216 940 2272; x_wconf 83' lang='lat' dir='ltr'><strong>invideat</strong></span> <span class='ocrx_word' id='word_1_224' title='bbox 969 2232 1311 2290; x_wconf 87' lang='lat' dir='ltr'><strong>carpensque</strong></span> <span class='ocrx_word' id='word_1_225' title='bbox 1335 2219 1587 2287; x_wconf 89' lang='lat' dir='ltr'><strong>lacessat,</strong></span> <span class='ocrx_word' id='word_1_226' title='bbox 1938 2219 2120 2274; x_wconf 91' lang='lat' dir='ltr'><strong>Primo</strong></span> <span class='ocrx_word' id='word_1_227' title='bbox 2152 2221 2269 2275; x_wconf 66' lang='lat' dir='ltr'><strong>haec</strong></span> <span class='ocrx_word' id='word_1_228' title='bbox 2298 2221 2570 2296; x_wconf 86' lang='lat' dir='ltr'><strong>legantur,</strong></span> <span class='ocrx_word' id='word_1_229' title='bbox 2602 2230 2727 2291; x_wconf 90' lang='lat' dir='ltr'><strong>post</strong></span> <span class='ocrx_word' id='word_1_230' title='bbox 2755 2220 2883 2275; x_wconf 91' lang='lat' dir='ltr'><strong>hinc</strong></span> <span class='ocrx_word' id='word_1_231' title='bbox 2911 2220 3147 2275; x_wconf 87' lang='lat' dir='ltr'><strong>truciora</strong></span> <span class='ocrx_word' id='word_1_232' title='bbox 3176 2225 3439 2274; x_wconf 89' lang='lat' dir='ltr'><strong>seruntur</strong></span> <span class='ocrx_word' id='word_1_233' title='bbox 3463 2235 3477 2271; x_wconf 88' lang='lat'><strong>:</strong></span> 
     </span>
    </p>
   </div>
   <div class='ocr_carea' id='block_1_21' title="bbox 207 2305 3352 2384">
    <p class='ocr_par' dir='ltr' id='par_1_21' title="bbox 207 2305 3352 2384">
     <span class='ocr_line' id='line_1_22' title="bbox 207 2305 3352 2384; baseline 0.001 -25"><span class='ocrx_word' id='word_1_234' title='bbox 207 2305 486 2373; x_wconf 87' lang='lat' dir='ltr'><strong>Mordeat,</strong></span> <span class='ocrx_word' id='word_1_235' title='bbox 515 2307 750 2376; x_wconf 88' lang='lat' dir='ltr'><strong>incuset,</strong></span> <span class='ocrx_word' id='word_1_236' title='bbox 781 2308 959 2364; x_wconf 86' lang='lat' dir='ltr'><strong>civilis</strong></span> <span class='ocrx_word' id='word_1_237' title='bbox 981 2308 1184 2364; x_wconf 84' lang='lat' dir='ltr'><strong>ferveat</strong></span> <span class='ocrx_word' id='word_1_238' title='bbox 1206 2310 1389 2366; x_wconf 92' lang='lat' dir='ltr'><strong>ardor.</strong></span> <span class='ocrx_word' id='word_1_239' title='bbox 1937 2310 2194 2366; x_wconf 84' lang='lat' dir='ltr'><strong>Ecclesiae</strong></span> <span class='ocrx_word' id='word_1_240' title='bbox 2226 2326 2482 2381; x_wconf 81' lang='lat' dir='ltr'><strong>proceres</strong></span> <span class='ocrx_word' id='word_1_241' title='bbox 2521 2309 2696 2384; x_wconf 81' lang='lat' dir='ltr'><strong>redigi</strong></span> <span class='ocrx_word' id='word_1_242' title='bbox 2727 2310 2827 2365; x_wconf 91' lang='lat' dir='ltr'><strong>sub</strong></span> <span class='ocrx_word' id='word_1_243' title='bbox 2859 2311 3038 2365; x_wconf 87' lang='lat' dir='ltr'><strong>vincla</strong></span> <span class='ocrx_word' id='word_1_244' title='bbox 3059 2319 3352 2366; x_wconf 90' lang='lat' dir='ltr'><strong>monentur</strong></span> 
     </span>
    </p>
   </div>
   <div class='ocr_carea' id='block_1_22' title="bbox 210 2394 3372 2476">
    <p class='ocr_par' dir='ltr' id='par_1_22' title="bbox 210 2394 3372 2476">
     <span class='ocr_line' id='line_1_23' title="bbox 210 2394 3372 2476; baseline 0.002 -29"><span class='ocrx_word' id='word_1_245' title='bbox 210 2394 312 2452; x_wconf 91' lang='lat' dir='ltr'><strong>Sic</strong></span> <span class='ocrx_word' id='word_1_246' title='bbox 341 2398 518 2471; x_wconf 89' lang='lat' dir='ltr'><strong>magis</strong></span> <span class='ocrx_word' id='word_1_247' title='bbox 558 2397 858 2471; x_wconf 89' lang='lat' dir='ltr'><strong>inspiciens</strong></span> <span class='ocrx_word' id='word_1_248' title='bbox 894 2409 1120 2456; x_wconf 85' lang='lat' dir='ltr'><strong>externa</strong></span> <span class='ocrx_word' id='word_1_249' title='bbox 1149 2402 1396 2474; x_wconf 89' lang='lat' dir='ltr'><strong>pericula</strong></span> <span class='ocrx_word' id='word_1_250' title='bbox 1424 2418 1588 2475; x_wconf 89' lang='lat' dir='ltr'><strong>posse</strong></span> <span class='ocrx_word' id='word_1_251' title='bbox 1937 2401 2388 2473; x_wconf 88' lang='lat' dir='ltr'><strong>Omnimodisque</strong></span> <span class='ocrx_word' id='word_1_252' title='bbox 2419 2400 2566 2476; x_wconf 87' lang='lat' dir='ltr'><strong>adigi</strong></span> <span class='ocrx_word' id='word_1_253' title='bbox 2595 2400 2774 2471; x_wconf 60' lang='lat' dir='ltr'><strong>poenis</strong></span> <span class='ocrx_word' id='word_1_254' title='bbox 2802 2400 2871 2455; x_wconf 91' lang='lat' dir='ltr'><strong>ad</strong></span> <span class='ocrx_word' id='word_1_255' title='bbox 2910 2415 3063 2455; x_wconf 89' lang='lat' dir='ltr'><strong>sacra</strong></span> <span class='ocrx_word' id='word_1_256' title='bbox 3085 2399 3372 2469; x_wconf 88' lang='lat' dir='ltr'><strong>jubentur.</strong></span> 
     </span>
    </p>
   </div>
   <div class='ocr_carea' id='block_1_23' title="bbox 1714 2555 2151 2610">
    <p class='ocr_par' dir='ltr' id='par_1_23' title="bbox 1714 2555 2151 2610">
     <span class='ocr_line' id='line_1_24' title="bbox 1714 2555 2151 2610; baseline 0.002 -1"><span class='ocrx_word' id='word_1_257' title='bbox 1714 2555 1918 2610; x_wconf 83' lang='lat' dir='ltr'><strong>CAPUT</strong></span> <span class='ocrx_word' id='word_1_258' title='bbox 1956 2555 2066 2610; x_wconf 85' lang='lat' dir='ltr'><strong>VII.</strong></span> <span class='ocrx_word' id='word_1_259' title='bbox 2143 2585 2151 2593; x_wconf 94' lang='lat'><strong><em>-</em></strong></span> 
     </span>
    </p>
   </div>
   <div class='ocr_carea' id='block_1_24' title="bbox 1030 2659 2746 2737">
    <p class='ocr_par' dir='ltr' id='par_1_24' title="bbox 1030 2659 2746 2737">
     <span class='ocr_line' id='line_1_25' title="bbox 1030 2659 2746 2737; baseline 0 -19"><span class='ocrx_word' id='word_1_260' title='bbox 1030 2660 1108 2719; x_wconf 88' lang='lat' dir='ltr'><strong>De</strong></span> <span class='ocrx_word' id='word_1_261' title='bbox 1133 2663 1357 2722; x_wconf 73' lang='lat' dir='ltr'><strong>sanctis</strong></span> <span class='ocrx_word' id='word_1_262' title='bbox 1386 2660 1800 2734; x_wconf 78' lang='lat' dir='ltr'><strong>Marcelliano,</strong></span> <span class='ocrx_word' id='word_1_263' title='bbox 1839 2668 1890 2720; x_wconf 85' lang='lat' dir='ltr'><strong>et</strong></span> <span class='ocrx_word' id='word_1_264' title='bbox 1921 2661 2138 2733; x_wconf 76' lang='lat' dir='ltr'><strong>Marco,</strong></span> <span class='ocrx_word' id='word_1_265' title='bbox 2177 2669 2354 2737; x_wconf 80' lang='lat' dir='ltr'><strong>atque</strong></span> <span class='ocrx_word' id='word_1_266' title='bbox 2380 2659 2746 2720; x_wconf 80' lang='lat' dir='ltr'><strong>Sebastiano.</strong></span> 
     </span>
    </p>
   </div>
   <div class='ocr_carea' id='block_1_25' title="bbox 218 2790 3201 2868">
    <p class='ocr_par' dir='ltr' id='par_1_25' title="bbox 218 2790 3201 2868">
     <span class='ocr_line' id='line_1_26' title="bbox 218 2790 3201 2868; baseline 0.001 -23"><span class='ocrx_word' id='word_1_267' title='bbox 218 2791 320 2845; x_wconf 80' lang='lat' dir='ltr'><strong>His</strong></span> <span class='ocrx_word' id='word_1_268' title='bbox 351 2790 602 2846; x_wconf 90' lang='lat' dir='ltr'><strong>incitatos</strong></span> <span class='ocrx_word' id='word_1_269' title='bbox 637 2791 774 2847; x_wconf 92' lang='lat' dir='ltr'><strong>orbe</strong></span> <span class='ocrx_word' id='word_1_270' title='bbox 793 2798 906 2849; x_wconf 86' lang='lat' dir='ltr'><strong>toto</strong></span> <span class='ocrx_word' id='word_1_271' title='bbox 937 2793 1156 2851; x_wconf 87' lang='lat' dir='ltr'><strong>fomites</strong></span> <span class='ocrx_word' id='word_1_272' title='bbox 1935 2796 2251 2852; x_wconf 71' lang='lat' dir='ltr'><strong>Meminisse</strong></span> <span class='ocrx_word' id='word_1_273' title='bbox 2274 2796 2541 2868; x_wconf 84' lang='lat' dir='ltr'><strong>pandant,</strong></span> <span class='ocrx_word' id='word_1_274' title='bbox 2570 2796 2660 2851; x_wconf 89' lang='lat' dir='ltr'><strong>vel</strong></span> <span class='ocrx_word' id='word_1_275' title='bbox 2692 2795 2841 2850; x_wconf 90' lang='lat' dir='ltr'><strong>citati</strong></span> <span class='ocrx_word' id='word_1_276' title='bbox 2868 2795 3201 2866; x_wconf 79' lang='lat' dir='ltr'><strong>pulsibus(?)</strong></span> 
     </span>
    </p>
   </div>
   <div class='ocr_carea' id='block_1_26' title="bbox 218 2878 3147 2957">
    <p class='ocr_par' dir='ltr' id='par_1_26' title="bbox 218 2878 3147 2957">
     <span class='ocr_line' id='line_1_27' title="bbox 218 2878 3147 2957; baseline 0.005 -26"><span class='ocrx_word' id='word_1_277' title='bbox 218 2878 528 2933; x_wconf 86' lang='lat' dir='ltr'><strong>Comitatur</strong></span> <span class='ocrx_word' id='word_1_278' title='bbox 553 2887 704 2935; x_wconf 81' lang='lat' dir='ltr'><strong>atrox</strong></span> <span class='ocrx_word' id='word_1_279' title='bbox 735 2880 954 2936; x_wconf 89' lang='lat' dir='ltr'><strong>ﬂamma</strong></span> <span class='ocrx_word' id='word_1_280' title='bbox 985 2884 1181 2939; x_wconf 91' lang='lat' dir='ltr'><strong>Christi</strong></span> <span class='ocrx_word' id='word_1_281' title='bbox 1212 2902 1310 2956; x_wconf 89' lang='lat' dir='ltr'><strong>per</strong></span> <span class='ocrx_word' id='word_1_282' title='bbox 1338 2895 1477 2957; x_wconf 84' lang='lat' dir='ltr'><strong>sata,</strong></span> <span class='ocrx_word' id='word_1_283' title='bbox 1938 2892 2054 2948; x_wconf 82' lang='lat' dir='ltr'><strong>Mox</strong></span> <span class='ocrx_word' id='word_1_284' title='bbox 2072 2899 2248 2947; x_wconf 89' lang='lat' dir='ltr'><strong>mater</strong></span> <span class='ocrx_word' id='word_1_285' title='bbox 2286 2893 2451 2947; x_wconf 88' lang='lat' dir='ltr'><strong>intrat</strong></span> <span class='ocrx_word' id='word_1_286' title='bbox 2479 2908 2538 2947; x_wconf 90' lang='lat' dir='ltr'><strong>se</strong></span> <span class='ocrx_word' id='word_1_287' title='bbox 2568 2891 2836 2947; x_wconf 91' lang='lat' dir='ltr'><strong>misellam</strong></span> <span class='ocrx_word' id='word_1_288' title='bbox 2859 2891 3147 2946; x_wconf 86' lang='lat' dir='ltr'><strong>clamitans</strong></span> 
     </span>
    </p>
   </div>
   <div class='ocr_carea' id='block_1_27' title="bbox 220 2970 2922 3048">
    <p class='ocr_par' dir='ltr' id='par_1_27' title="bbox 220 2970 2922 3048">
     <span class='ocr_line' id='line_1_28' title="bbox 220 2970 2922 3048; baseline 0.004 -24"><span class='ocrx_word' id='word_1_289' title='bbox 220 2970 414 3026; x_wconf 90' lang='lat' dir='ltr'><strong>Solum</strong></span> <span class='ocrx_word' id='word_1_290' title='bbox 446 2986 668 3027; x_wconf 89' lang='lat' dir='ltr'><strong>vacasse</strong></span> <span class='ocrx_word' id='word_1_291' title='bbox 696 2973 847 3028; x_wconf 57' lang='lat' dir='ltr'><strong>cede</strong></span> <span class='ocrx_word' id='word_1_292' title='bbox 874 2974 1082 3030; x_wconf 92' lang='lat' dir='ltr'><strong>nullum</strong></span> <span class='ocrx_word' id='word_1_293' title='bbox 1115 2978 1373 3045; x_wconf 88' lang='lat' dir='ltr'><strong>creditur,</strong></span> <span class='ocrx_word' id='word_1_294' title='bbox 1937 2983 2122 3040; x_wconf 90' lang='lat' dir='ltr'><strong>Soluta</strong></span> <span class='ocrx_word' id='word_1_295' title='bbox 2153 3001 2320 3040; x_wconf 90' lang='lat' dir='ltr'><strong>canos</strong></span> <span class='ocrx_word' id='word_1_296' title='bbox 2349 2981 2664 3037; x_wconf 86' lang='lat' dir='ltr'><strong>exhibendo</strong></span> <span class='ocrx_word' id='word_1_297' title='bbox 2696 2982 2922 3048; x_wconf 83' lang='lat' dir='ltr'><strong>lacteos,</strong></span> 
     </span>
    </p>
   </div>
   <div class='ocr_carea' id='block_1_28' title="bbox 219 3061 3087 3144">
    <p class='ocr_par' dir='ltr' id='par_1_28' title="bbox 219 3061 3087 3144">
     <span class='ocr_line' id='line_1_29' title="bbox 219 3061 3087 3144; baseline 0.004 -30"><span class='ocrx_word' id='word_1_298' title='bbox 219 3061 438 3126; x_wconf 83' lang='lat' dir='ltr'><strong>Quanto</strong></span> <span class='ocrx_word' id='word_1_299' title='bbox 462 3061 649 3117; x_wconf 91' lang='lat' dir='ltr'><strong>minus</strong></span> <span class='ocrx_word' id='word_1_300' title='bbox 679 3063 924 3119; x_wconf 88' lang='lat' dir='ltr'><strong>Romana</strong></span> <span class='ocrx_word' id='word_1_301' title='bbox 946 3063 1076 3120; x_wconf 89' lang='lat' dir='ltr'><strong>belli</strong></span> <span class='ocrx_word' id='word_1_302' title='bbox 1119 3067 1372 3123; x_wconf 88' lang='lat' dir='ltr'><strong>incendia</strong></span> <span class='ocrx_word' id='word_1_303' title='bbox 1935 3075 2386 3140; x_wconf 53' lang='lat' dir='ltr'><strong>Pectusfretecta,</strong></span> <span class='ocrx_word' id='word_1_304' title='bbox 2418 3074 2520 3129; x_wconf 90' lang='lat' dir='ltr'><strong>fert</strong></span> <span class='ocrx_word' id='word_1_305' title='bbox 2551 3074 2785 3144; x_wconf 89' lang='lat' dir='ltr'><strong>papillas</strong></span> <span class='ocrx_word' id='word_1_306' title='bbox 2816 3073 3087 3143; x_wconf 87' lang='lat' dir='ltr'><strong>pendulas</strong></span> 
     </span>
    </p>
   </div>
   <div class='ocr_carea' id='block_1_29' title="bbox 223 3151 3127 3259">
    <p class='ocr_par' dir='ltr' id='par_1_29' title="bbox 223 3151 3127 3259">
     <span class='ocr_line' id='line_1_30' title="bbox 223 3151 3127 3259; baseline 0.004 -54"><span class='ocrx_word' id='word_1_307' title='bbox 223 3151 488 3206; x_wconf 81' lang='lat' dir='ltr'><strong>Haustum</strong></span> <span class='ocrx_word' id='word_1_308' title='bbox 515 3151 727 3207; x_wconf 89' lang='lat' dir='ltr'><strong>cruoris</strong></span> <span class='ocrx_word' id='word_1_309' title='bbox 758 3153 1011 3209; x_wconf 89' lang='lat' dir='ltr'><strong>nesciere</strong></span> <span class='ocrx_word' id='word_1_310' title='bbox 1038 3157 1260 3211; x_wconf 69' lang='lat' dir='ltr'><strong>moenia.</strong></span> <span class='ocrx_word' id='word_1_311' title='bbox 1863 3193 1912 3259; x_wconf 78' lang='lat' dir='ltr'>C</span> <span class='ocrx_word' id='word_1_312' title='bbox 1938 3164 2213 3234; x_wconf 86' lang='lat' dir='ltr'><strong>Lacrymis</strong></span> <span class='ocrx_word' id='word_1_313' title='bbox 2238 3171 2491 3218; x_wconf 86' lang='lat' dir='ltr'><strong>retexens</strong></span> <span class='ocrx_word' id='word_1_314' title='bbox 2516 3164 2774 3230; x_wconf 86' lang='lat' dir='ltr'><strong>ejulando</strong></span> <span class='ocrx_word' id='word_1_315' title='bbox 2806 3163 3127 3232; x_wconf 86' lang='lat' dir='ltr'><strong>crepundia,</strong></span> 
     </span>
    </p>
   </div>
   <div class='ocr_carea' id='block_1_30' title="bbox 224 3241 3112 3311">
    <p class='ocr_par' dir='ltr' id='par_1_30' title="bbox 224 3241 3112 3311">
     <span class='ocr_line' id='line_1_31' title="bbox 224 3241 3112 3311; baseline 0.005 -17"><span class='ocrx_word' id='word_1_316' title='bbox 224 3241 325 3294; x_wconf 85' lang='lat' dir='ltr'><strong>Hic</strong></span> <span class='ocrx_word' id='word_1_317' title='bbox 354 3241 743 3311; x_wconf 88' lang='lat' dir='ltr'><strong>comprehensi</strong></span> <span class='ocrx_word' id='word_1_318' title='bbox 767 3243 1110 3299; x_wconf 90' lang='lat' dir='ltr'><strong>destinantur</strong></span> <span class='ocrx_word' id='word_1_319' title='bbox 1141 3246 1376 3303; x_wconf 87' lang='lat' dir='ltr'><strong>vinculis</strong></span> <span class='ocrx_word' id='word_1_320' title='bbox 1865 3241 1912 3259; x_wconf 67' lang='grc' dir='ltr'>υ</span> <span class='ocrx_word' id='word_1_321' title='bbox 1945 3256 2190 3310; x_wconf 86' lang='lat' dir='ltr'><strong>Pressam</strong></span> <span class='ocrx_word' id='word_1_322' title='bbox 2223 3271 2325 3310; x_wconf 91' lang='lat' dir='ltr'><strong>nec</strong></span> <span class='ocrx_word' id='word_1_323' title='bbox 2350 3256 2477 3309; x_wconf 87' lang='lat' dir='ltr'><strong>ullis</strong></span> <span class='ocrx_word' id='word_1_324' title='bbox 2507 3254 2843 3310; x_wconf 84' lang='lat' dir='ltr'><strong>conferenda</strong></span> <span class='ocrx_word' id='word_1_325' title='bbox 2870 3271 2928 3308; x_wconf 91' lang='lat' dir='ltr'><strong>se</strong></span> <span class='ocrx_word' id='word_1_326' title='bbox 2954 3257 3112 3309; x_wconf 92' lang='lat' dir='ltr'><strong>malis</strong></span> 
     </span>
    </p>
   </div>
   <div class='ocr_carea' id='block_1_31' title="bbox 224 3333 3061 3416">
    <p class='ocr_par' dir='ltr' id='par_1_31' title="bbox 224 3333 3061 3416">
     <span class='ocr_line' id='line_1_32' title="bbox 224 3333 3061 3416; baseline 0.004 -28"><span class='ocrx_word' id='word_1_327' title='bbox 224 3333 443 3389; x_wconf 87' lang='lat' dir='ltr'><strong>Gemini</strong></span> <span class='ocrx_word' id='word_1_328' title='bbox 475 3343 766 3404; x_wconf 89' lang='lat' dir='ltr'><strong>parentum</strong></span> <span class='ocrx_word' id='word_1_329' title='bbox 797 3337 943 3392; x_wconf 90' lang='lat' dir='ltr'><strong>clara</strong></span> <span class='ocrx_word' id='word_1_330' title='bbox 973 3337 1168 3393; x_wconf 87' lang='lat' dir='ltr'><strong>fratres</strong></span> <span class='ocrx_word' id='word_1_331' title='bbox 1197 3339 1425 3408; x_wconf 91' lang='lat' dir='ltr'><strong>lumina,</strong></span> <span class='ocrx_word' id='word_1_332' title='bbox 1942 3346 2341 3413; x_wconf 86' lang='lat' dir='ltr'><strong>Tribulatione,</strong></span> <span class='ocrx_word' id='word_1_333' title='bbox 2373 3354 2569 3416; x_wconf 88' lang='lat' dir='ltr'><strong>sponte</strong></span> <span class='ocrx_word' id='word_1_334' title='bbox 2610 3346 2814 3400; x_wconf 90' lang='lat' dir='ltr'><strong>lethum</strong></span> <span class='ocrx_word' id='word_1_335' title='bbox 2856 3346 3061 3400; x_wconf 89' lang='lat' dir='ltr'><strong>liberos</strong></span> 
     </span>
    </p>
   </div>
   <div class='ocr_carea' id='block_1_32' title="bbox 218 3425 3130 3505">
    <p class='ocr_par' dir='ltr' id='par_1_32' title="bbox 218 3425 3130 3505">
     <span class='ocr_line' id='line_1_33' title="bbox 218 3425 3130 3505; baseline 0.003 -26"><span class='ocrx_word' id='word_1_336' title='bbox 218 3425 604 3482; x_wconf 83' lang='lat' dir='ltr'><strong>Marcellianus</strong></span> <span class='ocrx_word' id='word_1_337' title='bbox 632 3435 798 3500; x_wconf 88' lang='lat' dir='ltr'><strong>atque</strong></span> <span class='ocrx_word' id='word_1_338' title='bbox 827 3429 1059 3498; x_wconf 89' lang='lat' dir='ltr'><strong>Marcus,</strong></span> <span class='ocrx_word' id='word_1_339' title='bbox 1101 3431 1273 3487; x_wconf 88' lang='lat' dir='ltr'><strong>nobili</strong></span> <span class='ocrx_word' id='word_1_340' title='bbox 1944 3435 2110 3505; x_wconf 89' lang='lat' dir='ltr'><strong>Sequi</strong></span> <span class='ocrx_word' id='word_1_341' title='bbox 2153 3442 2423 3504; x_wconf 88' lang='lat' dir='ltr'><strong>petentes,</strong></span> <span class='ocrx_word' id='word_1_342' title='bbox 2450 3450 2590 3505; x_wconf 89' lang='lat' dir='ltr'><strong>quos</strong></span> <span class='ocrx_word' id='word_1_343' title='bbox 2616 3435 2871 3488; x_wconf 90' lang='lat' dir='ltr'><strong>tulissent</strong></span> <span class='ocrx_word' id='word_1_344' title='bbox 2910 3434 3130 3488; x_wconf 89' lang='lat' dir='ltr'><strong>barbari</strong></span> 
     </span>
    </p>
   </div>
   <div class='ocr_carea' id='block_1_33' title="bbox 221 3515 3164 3596">
    <p class='ocr_par' dir='ltr' id='par_1_33' title="bbox 221 3515 3164 3596">
     <span class='ocr_line' id='line_1_34' title="bbox 221 3515 3164 3596; baseline 0.002 -26"><span class='ocrx_word' id='word_1_345' title='bbox 221 3516 319 3570; x_wconf 86' lang='lat' dir='ltr'><strong>Sat</strong></span> <span class='ocrx_word' id='word_1_346' title='bbox 346 3515 516 3586; x_wconf 90' lang='lat' dir='ltr'><strong>stirpe</strong></span> <span class='ocrx_word' id='word_1_347' title='bbox 544 3516 692 3572; x_wconf 88' lang='lat' dir='ltr'><strong>celsa</strong></span> <span class='ocrx_word' id='word_1_348' title='bbox 721 3519 1088 3588; x_wconf 90' lang='lat' dir='ltr'><strong>provehentes</strong></span> <span class='ocrx_word' id='word_1_349' title='bbox 1113 3527 1420 3578; x_wconf 88' lang='lat' dir='ltr'><strong>stemmata.</strong></span> <span class='ocrx_word' id='word_1_350' title='bbox 1945 3525 2279 3596; x_wconf 87' lang='lat' dir='ltr'><strong>Sequeretur</strong></span> <span class='ocrx_word' id='word_1_351' title='bbox 2305 3525 2480 3577; x_wconf 86' lang='lat' dir='ltr'><strong>audax</strong></span> <span class='ocrx_word' id='word_1_352' title='bbox 2511 3540 2611 3594; x_wconf 91' lang='lat' dir='ltr'><strong>per</strong></span> <span class='ocrx_word' id='word_1_353' title='bbox 2634 3529 2878 3577; x_wconf 88' lang='lat' dir='ltr'><strong>catervas</strong></span> <span class='ocrx_word' id='word_1_354' title='bbox 2906 3523 3164 3586; x_wconf 89' lang='lat' dir='ltr'><strong>hosticas,</strong></span> 
     </span>
    </p>
   </div>
   <div class='ocr_carea' id='block_1_34' title="bbox 222 3604 2954 3686">
    <p class='ocr_par' dir='ltr' id='par_1_34' title="bbox 222 3604 2954 3686">
     <span class='ocr_line' id='line_1_35' title="bbox 222 3604 2954 3686; baseline 0.002 -28"><span class='ocrx_word' id='word_1_355' title='bbox 222 3605 320 3659; x_wconf 88' lang='lat' dir='ltr'><strong>Eis</strong></span> <span class='ocrx_word' id='word_1_356' title='bbox 334 3604 608 3677; x_wconf 90' lang='lat' dir='ltr'><strong>simulque</strong></span> <span class='ocrx_word' id='word_1_357' title='bbox 628 3607 844 3662; x_wconf 91' lang='lat' dir='ltr'><strong>traditis</strong></span> <span class='ocrx_word' id='word_1_358' title='bbox 880 3608 1176 3665; x_wconf 91' lang='lat' dir='ltr'><strong>clientibus</strong></span> <span class='ocrx_word' id='word_1_359' title='bbox 1942 3614 2091 3669; x_wconf 81' lang='lat' dir='ltr'><strong>Novo</strong></span> <span class='ocrx_word' id='word_1_360' title='bbox 2119 3613 2383 3684; x_wconf 88' lang='lat' dir='ltr'><strong>applicari</strong></span> <span class='ocrx_word' id='word_1_361' title='bbox 2407 3613 2704 3686; x_wconf 82' lang='lat' dir='ltr'><strong>pugionem</strong></span> <span class='ocrx_word' id='word_1_362' title='bbox 2736 3611 2954 3675; x_wconf 91' lang='lat' dir='ltr'><strong>funere,</strong></span> 
     </span>
    </p>
   </div>
   <div class='ocr_carea' id='block_1_35' title="bbox 219 3695 3094 3778">
    <p class='ocr_par' dir='ltr' id='par_1_35' title="bbox 219 3695 3094 3778">
     <span class='ocr_line' id='line_1_36' title="bbox 219 3695 3094 3778; baseline 0.001 -24"><span class='ocrx_word' id='word_1_363' title='bbox 219 3695 605 3764; x_wconf 81' lang='lat' dir='ltr'><strong>Sebastianus,</strong></span> <span class='ocrx_word' id='word_1_364' title='bbox 634 3698 717 3753; x_wconf 85' lang='lat' dir='ltr'><strong>vir</strong></span> <span class='ocrx_word' id='word_1_365' title='bbox 741 3700 852 3755; x_wconf 87' lang='lat' dir='ltr'><strong>Deo</strong></span> <span class='ocrx_word' id='word_1_366' title='bbox 871 3699 1244 3771; x_wconf 84' lang='lat' dir='ltr'><strong>plenissimus,</strong></span> <span class='ocrx_word' id='word_1_367' title='bbox 1943 3707 2193 3762; x_wconf 89' lang='lat' dir='ltr'><strong>Gladium</strong></span> <span class='ocrx_word' id='word_1_368' title='bbox 2213 3705 2433 3778; x_wconf 81' lang='lat' dir='ltr'><strong>neganti</strong></span> <span class='ocrx_word' id='word_1_369' title='bbox 2467 3705 2575 3760; x_wconf 87' lang='lat' dir='ltr'><strong>vim</strong></span> <span class='ocrx_word' id='word_1_370' title='bbox 2607 3703 2729 3758; x_wconf 89' lang='lat' dir='ltr'><strong>neci</strong></span> <span class='ocrx_word' id='word_1_371' title='bbox 2753 3702 2929 3756; x_wconf 89' lang='lat' dir='ltr'><strong>diram</strong></span> <span class='ocrx_word' id='word_1_372' title='bbox 2961 3703 3094 3757; x_wconf 91' lang='lat' dir='ltr'><strong>inici</strong></span> 
     </span>
    </p>
   </div>
   <div class='ocr_carea' id='block_1_36' title="bbox 217 3789 3058 3872">
    <p class='ocr_par' dir='ltr' id='par_1_36' title="bbox 217 3789 3058 3872">
     <span class='ocr_line' id='line_1_37' title="bbox 217 3789 3058 3872; baseline 0.003 -28"><span class='ocrx_word' id='word_1_373' title='bbox 217 3789 341 3846; x_wconf 91' lang='lat' dir='ltr'><strong>Sub</strong></span> <span class='ocrx_word' id='word_1_374' title='bbox 371 3790 594 3845; x_wconf 89' lang='lat' dir='ltr'><strong>militari</strong></span> <span class='ocrx_word' id='word_1_375' title='bbox 615 3799 767 3847; x_wconf 90' lang='lat' dir='ltr'><strong>veste</strong></span> <span class='ocrx_word' id='word_1_376' title='bbox 783 3794 1034 3864; x_wconf 87' lang='lat' dir='ltr'><strong>quamvis</strong></span> <span class='ocrx_word' id='word_1_377' title='bbox 1065 3795 1308 3864; x_wconf 88' lang='lat' dir='ltr'><strong>abditus,</strong></span> <span class='ocrx_word' id='word_1_378' title='bbox 1943 3802 2115 3856; x_wconf 88' lang='lat' dir='ltr'><strong>Senes</strong></span> <span class='ocrx_word' id='word_1_379' title='bbox 2146 3808 2400 3872; x_wconf 90' lang='lat' dir='ltr'><strong>parentes</strong></span> <span class='ocrx_word' id='word_1_380' title='bbox 2422 3800 2720 3855; x_wconf 89' lang='lat' dir='ltr'><strong>liberorum</strong></span> <span class='ocrx_word' id='word_1_381' title='bbox 2749 3799 3058 3853; x_wconf 90' lang='lat' dir='ltr'><strong>ultroneam</strong></span> 
     </span>
    </p>
   </div>
   <div class='ocr_carea' id='block_1_37' title="bbox 220 3886 3022 3963">
    <p class='ocr_par' dir='ltr' id='par_1_37' title="bbox 220 3886 3022 3963">
     <span class='ocr_line' id='line_1_38' title="bbox 220 3886 3022 3963; baseline 0.002 -22"><span class='ocrx_word' id='word_1_382' title='bbox 220 3886 445 3941; x_wconf 81' lang='lat' dir='ltr'><strong>Honore</strong></span> <span class='ocrx_word' id='word_1_383' title='bbox 484 3886 684 3955; x_wconf 89' lang='lat' dir='ltr'><strong>clarus,</strong></span> <span class='ocrx_word' id='word_1_384' title='bbox 716 3889 942 3961; x_wconf 78' lang='lat' dir='ltr'><strong>regibus</strong></span> <span class='ocrx_word' id='word_1_385' title='bbox 968 3891 1340 3963; x_wconf 89' lang='lat' dir='ltr'><strong>gratissimus,</strong></span> <span class='ocrx_word' id='word_1_386' title='bbox 1941 3894 2200 3963; x_wconf 89' lang='lat' dir='ltr'><strong>Spectare</strong></span> <span class='ocrx_word' id='word_1_387' title='bbox 2232 3899 2486 3959; x_wconf 92' lang='lat' dir='ltr'><strong>mortem,</strong></span> <span class='ocrx_word' id='word_1_388' title='bbox 2521 3891 2650 3946; x_wconf 78' lang='lat' dir='ltr'><strong>filiis</strong></span> <span class='ocrx_word' id='word_1_389' title='bbox 2679 3889 3022 3962; x_wconf 89' lang='lat' dir='ltr'><strong>superstites.</strong></span> 
     </span>
    </p>
   </div>
   <div class='ocr_carea' id='block_1_38' title="bbox 216 3979 3202 4052">
    <p class='ocr_par' dir='ltr' id='par_1_38' title="bbox 216 3979 3202 4052">
     <span class='ocr_line' id='line_1_39' title="bbox 216 3979 3202 4052; baseline 0.002 -18"><span class='ocrx_word' id='word_1_390' title='bbox 216 3979 365 4052; x_wconf 86' lang='lat' dir='ltr'><strong>Juge</strong></span> <span class='ocrx_word' id='word_1_391' title='bbox 394 3979 690 4033; x_wconf 87' lang='lat' dir='ltr'><strong>exhibebat</strong></span> <span class='ocrx_word' id='word_1_392' title='bbox 719 3981 777 4034; x_wconf 89' lang='lat' dir='ltr'><strong>in</strong></span> <span class='ocrx_word' id='word_1_393' title='bbox 802 3980 923 4036; x_wconf 90' lang='lat' dir='ltr'><strong>dies</strong></span> <span class='ocrx_word' id='word_1_394' title='bbox 951 3982 1208 4037; x_wconf 89' lang='lat' dir='ltr'><strong>solatium</strong></span> <span class='ocrx_word' id='word_1_395' title='bbox 1944 3989 2067 4042; x_wconf 59' lang='lat' dir='ltr'><strong>llaic</strong></span> <span class='ocrx_word' id='word_1_396' title='bbox 2097 3987 2226 4042; x_wconf 91' lang='lat' dir='ltr'><strong>dum</strong></span> <span class='ocrx_word' id='word_1_397' title='bbox 2258 3993 2534 4052; x_wconf 90' lang='lat' dir='ltr'><strong>seruntur,</strong></span> <span class='ocrx_word' id='word_1_398' title='bbox 2576 3993 2687 4040; x_wconf 90' lang='lat' dir='ltr'><strong>tum</strong></span> <span class='ocrx_word' id='word_1_399' title='bbox 2719 4000 2886 4039; x_wconf 90' lang='lat' dir='ltr'><strong>senex</strong></span> <span class='ocrx_word' id='word_1_400' title='bbox 2908 3991 2964 4039; x_wconf 91' lang='lat' dir='ltr'><strong>et</strong></span> <span class='ocrx_word' id='word_1_401' title='bbox 3001 3985 3202 4039; x_wconf 88' lang='lat' dir='ltr'><strong>debilis</strong></span> 
     </span>
    </p>
   </div>
   <div class='ocr_carea' id='block_1_39' title="bbox 221 4067 3150 4150">
    <p class='ocr_par' dir='ltr' id='par_1_39' title="bbox 221 4067 3150 4150">
     <span class='ocr_line' id='line_1_40' title="bbox 221 4067 3150 4150; baseline 0.002 -27"><span class='ocrx_word' id='word_1_402' title='bbox 221 4067 489 4123; x_wconf 90' lang='lat' dir='ltr'><strong>Consulta</strong></span> <span class='ocrx_word' id='word_1_403' title='bbox 507 4067 732 4125; x_wconf 82' lang='lat' dir='ltr'><strong>ﬁrmans</strong></span> <span class='ocrx_word' id='word_1_404' title='bbox 763 4070 1068 4126; x_wconf 86' lang='lat' dir='ltr'><strong>vividorum</strong></span> <span class='ocrx_word' id='word_1_405' title='bbox 1103 4079 1411 4143; x_wconf 89' lang='lat' dir='ltr'><strong>pectorum,</strong></span> <span class='ocrx_word' id='word_1_406' title='bbox 1941 4081 2100 4135; x_wconf 89' lang='lat' dir='ltr'><strong>Pater</strong></span> <span class='ocrx_word' id='word_1_407' title='bbox 2128 4081 2196 4134; x_wconf 88' lang='lat' dir='ltr'><strong>ab</strong></span> <span class='ocrx_word' id='word_1_408' title='bbox 2229 4079 2456 4150; x_wconf 88' lang='lat' dir='ltr'><strong>sequela</strong></span> <span class='ocrx_word' id='word_1_409' title='bbox 2485 4078 2825 4133; x_wconf 89' lang='lat' dir='ltr'><strong>servulorum</strong></span> <span class='ocrx_word' id='word_1_410' title='bbox 2857 4077 3150 4132; x_wconf 80' lang='lat' dir='ltr'><strong>adducitur</strong></span> 
     </span>
    </p>
   </div>
   <div class='ocr_carea' id='block_1_40' title="bbox 221 4157 3180 4245">
    <p class='ocr_par' dir='ltr' id='par_1_40' title="bbox 221 4157 3180 4245">
     <span class='ocr_line' id='line_1_41' title="bbox 221 4157 3180 4245; baseline 0.004 -33"><span class='ocrx_word' id='word_1_411' title='bbox 221 4158 346 4222; x_wconf 85' lang='lat' dir='ltr'><strong>Quo</strong></span> <span class='ocrx_word' id='word_1_412' title='bbox 375 4157 576 4213; x_wconf 87' lang='lat' dir='ltr'><strong>blanda</strong></span> <span class='ocrx_word' id='word_1_413' title='bbox 601 4157 831 4223; x_wconf 89' lang='lat' dir='ltr'><strong>calcent,</strong></span> <span class='ocrx_word' id='word_1_414' title='bbox 862 4159 999 4214; x_wconf 90' lang='lat' dir='ltr'><strong>dura</strong></span> <span class='ocrx_word' id='word_1_415' title='bbox 1027 4166 1274 4217; x_wconf 90' lang='lat' dir='ltr'><strong>temnant</strong></span> <span class='ocrx_word' id='word_1_416' title='bbox 1293 4165 1501 4234; x_wconf 59' lang='lat' dir='ltr'><strong>saeculi,</strong></span> <span class='ocrx_word' id='word_1_417' title='bbox 1941 4173 2039 4238; x_wconf 80' lang='lat' dir='ltr'><strong>Qui</strong></span> <span class='ocrx_word' id='word_1_418' title='bbox 2075 4174 2296 4244; x_wconf 84' lang='lat' dir='ltr'><strong>pulvere</strong></span> <span class='ocrx_word' id='word_1_419' title='bbox 2324 4181 2487 4244; x_wconf 81' lang='lat' dir='ltr'><strong>caput</strong></span> <span class='ocrx_word' id='word_1_420' title='bbox 2517 4171 2854 4227; x_wconf 89' lang='lat' dir='ltr'><strong>sordidando</strong></span> <span class='ocrx_word' id='word_1_421' title='bbox 2885 4187 3180 4245; x_wconf 75' lang='lat' dir='ltr'><strong>cygneum,</strong></span> 
     </span>
    </p>
   </div>
   <div class='ocr_carea' id='block_1_41' title="bbox 223 4247 3166 4337">
    <p class='ocr_par' dir='ltr' id='par_1_41' title="bbox 223 4247 3166 4337">
     <span class='ocr_line' id='line_1_42' title="bbox 223 4247 3166 4337; baseline 0.005 -34"><span class='ocrx_word' id='word_1_422' title='bbox 223 4248 264 4303; x_wconf 85' lang='lat' dir='ltr'><strong>F</strong></span> <span class='ocrx_word' id='word_1_423' title='bbox 271 4247 405 4302; x_wconf 90' lang='lat' dir='ltr'><strong>luxu</strong></span> <span class='ocrx_word' id='word_1_424' title='bbox 437 4247 673 4304; x_wconf 88' lang='lat' dir='ltr'><strong>labantis</strong></span> <span class='ocrx_word' id='word_1_425' title='bbox 703 4265 825 4320; x_wconf 73' lang='lat' dir='ltr'><strong>quae</strong></span> <span class='ocrx_word' id='word_1_426' title='bbox 853 4249 1383 4322; x_wconf 81' lang='lat' dir='ltr'><strong>fasticuntpulveris.</strong></span> <span class='ocrx_word' id='word_1_427' title='bbox 1948 4264 2269 4332; x_wconf 84' lang='lat' dir='ltr'><strong>Hujusmodi</strong></span> <span class='ocrx_word' id='word_1_428' title='bbox 2299 4279 2470 4337; x_wconf 64' lang='lat' dir='ltr'><strong>aegras</strong></span> <span class='ocrx_word' id='word_1_429' title='bbox 2496 4263 2687 4332; x_wconf 90' lang='lat' dir='ltr'><strong>implet</strong></span> <span class='ocrx_word' id='word_1_430' title='bbox 2708 4278 2867 4316; x_wconf 90' lang='lat' dir='ltr'><strong>auras</strong></span> <span class='ocrx_word' id='word_1_431' title='bbox 2892 4253 3121 4316; x_wconf 75' lang='lat' dir='ltr'><strong>vocibus</strong></span> <span class='ocrx_word' id='word_1_432' title='bbox 3153 4279 3166 4314; x_wconf 73' lang='grc' dir='ltr'>ε</span> 
     </span>
    </p>
   </div>
   <div class='ocr_carea' id='block_1_42' title="bbox 224 4336 3157 4410">
    <p class='ocr_par' dir='ltr' id='par_1_42' title="bbox 224 4336 3157 4410">
     <span class='ocr_line' id='line_1_43' title="bbox 224 4336 3157 4410; baseline 0.008 -20"><span class='ocrx_word' id='word_1_433' title='bbox 224 4336 326 4391; x_wconf 79' lang='lat' dir='ltr'><strong>His</strong></span> <span class='ocrx_word' id='word_1_434' title='bbox 353 4337 479 4391; x_wconf 91' lang='lat' dir='ltr'><strong>dum</strong></span> <span class='ocrx_word' id='word_1_435' title='bbox 510 4337 748 4394; x_wconf 90' lang='lat' dir='ltr'><strong>calorem</strong></span> <span class='ocrx_word' id='word_1_436' title='bbox 775 4341 978 4394; x_wconf 88' lang='lat' dir='ltr'><strong>mentis</strong></span> <span class='ocrx_word' id='word_1_437' title='bbox 1006 4342 1174 4396; x_wconf 88' lang='lat' dir='ltr'><strong>armis</strong></span> <span class='ocrx_word' id='word_1_438' title='bbox 1204 4343 1465 4400; x_wconf 90' lang='lat' dir='ltr'><strong>roborant</strong></span> <span class='ocrx_word' id='word_1_439' title='bbox 1948 4379 1974 4402; x_wconf 77' lang='grc' dir='ltr'><strong>α</strong></span> <span class='ocrx_word' id='word_1_440' title='bbox 1997 4355 2123 4409; x_wconf 83' lang='lat' dir='ltr'><strong>Vale</strong></span> <span class='ocrx_word' id='word_1_441' title='bbox 2153 4336 2378 4409; x_wconf 86' lang='lat' dir='ltr'><strong>daturus</strong></span> <span class='ocrx_word' id='word_1_442' title='bbox 2408 4355 2550 4410; x_wconf 91' lang='lat' dir='ltr'><strong>ultro</strong></span> <span class='ocrx_word' id='word_1_443' title='bbox 2582 4354 2792 4409; x_wconf 90' lang='lat' dir='ltr'><strong>lethum</strong></span> <span class='ocrx_word' id='word_1_444' title='bbox 2820 4353 3157 4408; x_wconf 84' lang='lat' dir='ltr'><strong>adeuntibus</strong></span> 
     </span>
    </p>
   </div>
   <div class='ocr_carea' id='block_1_43' title="bbox 219 4429 3024 4520">
    <p class='ocr_par' dir='ltr' id='par_1_43' title="bbox 219 4429 3024 4520">
     <span class='ocr_line' id='line_1_44' title="bbox 219 4429 3024 4520; baseline 0.005 -33"><span class='ocrx_word' id='word_1_445' title='bbox 219 4429 514 4502; x_wconf 86' lang='lat' dir='ltr'><strong>Minasque</strong></span> <span class='ocrx_word' id='word_1_446' title='bbox 544 4431 724 4486; x_wconf 88' lang='lat' dir='ltr'><strong>stabili</strong></span> <span class='ocrx_word' id='word_1_447' title='bbox 754 4437 809 4486; x_wconf 91' lang='lat' dir='ltr'><strong>et</strong></span> <span class='ocrx_word' id='word_1_448' title='bbox 839 4431 1006 4506; x_wconf 88' lang='lat' dir='ltr'><strong>ﬂagra</strong></span> <span class='ocrx_word' id='word_1_449' title='bbox 1025 4435 1190 4489; x_wconf 90' lang='lat' dir='ltr'><strong>corde</strong></span> <span class='ocrx_word' id='word_1_450' title='bbox 1216 4445 1520 4505; x_wconf 88' lang='lat' dir='ltr'><strong>transeunt,</strong></span> <span class='ocrx_word' id='word_1_451' title='bbox 1943 4448 2156 4502; x_wconf 85' lang='lat' dir='ltr'><strong>Accedo</strong></span> <span class='ocrx_word' id='word_1_452' title='bbox 2182 4447 2383 4520; x_wconf 85' lang='lat' dir='ltr'><strong>gnatis,</strong></span> <span class='ocrx_word' id='word_1_453' title='bbox 2415 4463 2537 4518; x_wconf 64' lang='lat' dir='ltr'><strong>quae</strong></span> <span class='ocrx_word' id='word_1_454' title='bbox 2559 4462 2684 4502; x_wconf 88' lang='lat' dir='ltr'><strong>meo</strong></span> <span class='ocrx_word' id='word_1_455' title='bbox 2704 4462 3024 4519; x_wconf 86' lang='lat' dir='ltr'><strong>paraveram</strong></span> 
     </span>
    </p>
   </div>
   <div class='ocr_carea' id='block_1_44' title="bbox 225 4519 2916 4630">
    <p class='ocr_par' dir='ltr' id='par_1_44' title="bbox 225 4519 2916 4630">
     <span class='ocr_line' id='line_1_45' title="bbox 225 4519 2916 4630; baseline 0.007 -55"><span class='ocrx_word' id='word_1_456' title='bbox 225 4519 435 4591; x_wconf 86' lang='lat' dir='ltr'><strong>Capitis</strong></span> <span class='ocrx_word' id='word_1_457' title='bbox 461 4521 669 4576; x_wconf 90' lang='lat' dir='ltr'><strong>subacti</strong></span> <span class='ocrx_word' id='word_1_458' title='bbox 699 4521 809 4577; x_wconf 69' lang='lat' dir='ltr'><strong>laeti</strong></span> <span class='ocrx_word' id='word_1_459' title='bbox 840 4530 972 4577; x_wconf 90' lang='lat' dir='ltr'><strong>eunt</strong></span> <span class='ocrx_word' id='word_1_460' title='bbox 1000 4525 1310 4593; x_wconf 71' lang='lat' dir='ltr'><strong>sententiae,</strong></span> <span class='ocrx_word' id='word_1_461' title='bbox 1859 4562 1918 4630; x_wconf 86' lang='lat' dir='ltr'><strong>D</strong></span> <span class='ocrx_word' id='word_1_462' title='bbox 1942 4541 2000 4594; x_wconf 81' lang='grc' dir='ltr'><strong>ιη</strong></span> <span class='ocrx_word' id='word_1_463' title='bbox 2031 4538 2327 4595; x_wconf 81' lang='lat' dir='ltr'><strong>liberorum</strong></span> <span class='ocrx_word' id='word_1_464' title='bbox 2350 4539 2679 4610; x_wconf 69' lang='lat' dir='ltr'><strong>praebiturus</strong></span> <span class='ocrx_word' id='word_1_465' title='bbox 2701 4538 2916 4594; x_wconf 88' lang='lat' dir='ltr'><strong>funera.</strong></span> 
     </span>
    </p>
   </div>
   <div class='ocr_carea' id='block_1_45' title="bbox 221 4609 1789 4702">
    <p class='ocr_par' dir='ltr' id='par_1_45' title="bbox 221 4609 1319 4685">
     <span class='ocr_line' id='line_1_46' title="bbox 221 4609 1319 4685; baseline 0.005 -21"><span class='ocrx_word' id='word_1_466' title='bbox 221 4609 438 4665; x_wconf 89' lang='lat' dir='ltr'><strong>Pariter</strong></span> <span class='ocrx_word' id='word_1_467' title='bbox 463 4611 720 4685; x_wconf 86' lang='lat' dir='ltr'><strong>genitrix,</strong></span> <span class='ocrx_word' id='word_1_468' title='bbox 749 4611 1014 4685; x_wconf 77' lang='lat' dir='ltr'><strong>conjUges</strong></span> <span class='ocrx_word' id='word_1_469' title='bbox 1042 4629 1106 4669; x_wconf 87' lang='lat' dir='ltr'><strong>ac</strong></span> <span class='ocrx_word' id='word_1_470' title='bbox 1137 4613 1319 4679; x_wconf 89' lang='lat' dir='ltr'><strong>liberi,</strong></span> 
     </span>
    </p>
   </div>
   <div class='ocr_carea' id='block_1_46' title="bbox 1473 4609 3041 4702">
    <p class='ocr_par' dir='ltr' id='par_1_46' title="bbox 1859 4609 3041 4702">
     <span class='ocr_line' id='line_1_47' title="bbox 1859 4609 3041 4702; baseline -0.003 -18"><span class='ocrx_word' id='word_1_471' title='bbox 1859 4609 1917 4630; x_wconf 67' lang='grc' dir='ltr'><em>υ</em></span> <span class='ocrx_word' id='word_1_472' title='bbox 1943 4631 2001 4684; x_wconf 86' lang='lat' dir='ltr'><strong>Et</strong></span> <span class='ocrx_word' id='word_1_473' title='bbox 2032 4644 2155 4700; x_wconf 71' lang='lat' dir='ltr'><strong>quae</strong></span> <span class='ocrx_word' id='word_1_474' title='bbox 2192 4609 2420 4699; x_wconf 82' lang='lat' dir='ltr'><strong>repente</strong></span> <span class='ocrx_word' id='word_1_475' title='bbox 2451 4634 2598 4693; x_wconf 89' lang='lat' dir='ltr'><strong>nata,</strong></span> <span class='ocrx_word' id='word_1_476' title='bbox 2630 4628 2800 4702; x_wconf 86' lang='lat' dir='ltr'><strong>gnati,</strong></span> <span class='ocrx_word' id='word_1_477' title='bbox 2827 4627 3041 4682; x_wconf 88' lang='lat' dir='ltr'><strong>insania</strong></span> 
     </span>
    </p>
   </div>
   <div class='ocr_carea' id='block_1_47' title="bbox 223 4701 3218 4788">
    <p class='ocr_par' dir='ltr' id='par_1_47' title="bbox 223 4701 3218 4788">
     <span class='ocr_line' id='line_1_48' title="bbox 223 4701 3218 4788; baseline 0.005 -35"><span class='ocrx_word' id='word_1_478' title='bbox 223 4701 335 4755; x_wconf 80' lang='lat' dir='ltr'><strong>Ebs</strong></span> <span class='ocrx_word' id='word_1_479' title='bbox 361 4715 548 4755; x_wconf 89' lang='lat' dir='ltr'><strong>amore</strong></span> <span class='ocrx_word' id='word_1_480' title='bbox 589 4713 999 4773; x_wconf 85' lang='lat' dir='ltr'><strong>prosequuntur</strong></span> <span class='ocrx_word' id='word_1_481' title='bbox 1025 4705 1216 4760; x_wconf 86' lang='lat' dir='ltr'><strong>nexili.</strong></span> <span class='ocrx_word' id='word_1_482' title='bbox 1942 4719 2136 4772; x_wconf 86' lang='lat' dir='ltr'><strong>Amare</strong></span> <span class='ocrx_word' id='word_1_483' title='bbox 2161 4726 2418 4785; x_wconf 90' lang='lat' dir='ltr'><strong>mortem,</strong></span> <span class='ocrx_word' id='word_1_484' title='bbox 2451 4718 2588 4788; x_wconf 91' lang='lat' dir='ltr'><strong>proh</strong></span> <span class='ocrx_word' id='word_1_485' title='bbox 2616 4701 2772 4772; x_wconf 90' lang='lat' dir='ltr'><strong>dolor</strong></span> <span class='ocrx_word' id='word_1_486' title='bbox 2801 4716 2813 4772; x_wconf 81' lang='grc' dir='ltr'><strong>ι</strong></span> <span class='ocrx_word' id='word_1_487' title='bbox 2844 4732 2942 4772; x_wconf 85' lang='lat' dir='ltr'><strong>vos</strong></span> <span class='ocrx_word' id='word_1_488' title='bbox 2962 4716 3218 4782; x_wconf 87' lang='lat' dir='ltr'><strong>addocet,</strong></span> 
     </span>
    </p>
   </div>
   <div class='ocr_carea' id='block_1_48' title="bbox 224 4789 2905 4881">
    <p class='ocr_par' dir='ltr' id='par_1_48' title="bbox 224 4789 2905 4881">
     <span class='ocr_line' id='line_1_49' title="bbox 224 4789 2905 4881; baseline 0.007 -37"><span class='ocrx_word' id='word_1_489' title='bbox 224 4791 348 4856; x_wconf 87' lang='lat' dir='ltr'><strong>Quo</strong></span> <span class='ocrx_word' id='word_1_490' title='bbox 377 4789 439 4845; x_wconf 81' lang='lat' dir='ltr'><strong>fit</strong></span> <span class='ocrx_word' id='word_1_491' title='bbox 461 4791 673 4848; x_wconf 89' lang='lat' dir='ltr'><strong>dierum</strong></span> <span class='ocrx_word' id='word_1_492' title='bbox 694 4800 752 4848; x_wconf 91' lang='lat' dir='ltr'><strong>ut</strong></span> <span class='ocrx_word' id='word_1_493' title='bbox 780 4794 1074 4865; x_wconf 88' lang='lat' dir='ltr'><strong>impetrent</strong></span> <span class='ocrx_word' id='word_1_494' title='bbox 1095 4797 1346 4854; x_wconf 91' lang='lat' dir='ltr'><strong>inducias</strong></span> <span class='ocrx_word' id='word_1_495' title='bbox 1945 4811 2089 4875; x_wconf 82' lang='lat' dir='ltr'><strong>Quos</strong></span> <span class='ocrx_word' id='word_1_496' title='bbox 2119 4810 2403 4865; x_wconf 86' lang='lat' dir='ltr'><strong>imbuebat</strong></span> <span class='ocrx_word' id='word_1_497' title='bbox 2425 4811 2679 4865; x_wconf 82' lang='lat' dir='ltr'><strong>eminens</strong></span> <span class='ocrx_word' id='word_1_498' title='bbox 2707 4809 2905 4881; x_wconf 89' lang='lat' dir='ltr'><strong>peritia</strong></span> 
     </span>
    </p>
   </div>
   <div class='ocr_carea' id='block_1_49' title="bbox 223 4884 3050 4979">
    <p class='ocr_par' dir='ltr' id='par_1_49' title="bbox 223 4884 3050 4979">
     <span class='ocr_line' id='line_1_50' title="bbox 223 4884 3050 4979; baseline 0.006 -40"><span class='ocrx_word' id='word_1_499' title='bbox 223 4884 492 4979; x_wconf 73' lang='lat' dir='ltr'><strong>Praefecto</strong></span> <span class='ocrx_word' id='word_1_500' title='bbox 524 4887 592 4941; x_wconf 90' lang='lat' dir='ltr'><strong>ab</strong></span> <span class='ocrx_word' id='word_1_501' title='bbox 635 4887 796 4979; x_wconf 77' lang='lat' dir='ltr'><strong>Ilrbis</strong></span> <span class='ocrx_word' id='word_1_502' title='bbox 834 4890 1098 4946; x_wconf 88' lang='lat' dir='ltr'><strong>tredecim</strong></span> <span class='ocrx_word' id='word_1_503' title='bbox 1129 4892 1438 4951; x_wconf 89' lang='lat' dir='ltr'><strong>Chromatio</strong></span> <span class='ocrx_word' id='word_1_504' title='bbox 1469 4912 1484 4962; x_wconf 91' lang='lat'><strong>;</strong></span> <span class='ocrx_word' id='word_1_505' title='bbox 1947 4907 2009 4961; x_wconf 86' lang='lat' dir='ltr'><strong>Et</strong></span> <span class='ocrx_word' id='word_1_506' title='bbox 2036 4905 2331 4978; x_wconf 76' lang='lat' dir='ltr'><strong>Singularis</strong></span> <span class='ocrx_word' id='word_1_507' title='bbox 2361 4905 2561 4960; x_wconf 90' lang='lat' dir='ltr'><strong>mentis</strong></span> <span class='ocrx_word' id='word_1_508' title='bbox 2591 4905 2826 4960; x_wconf 87' lang='lat' dir='ltr'><strong>ornabat</strong></span> <span class='ocrx_word' id='word_1_509' title='bbox 2852 4903 3050 4979; x_wconf 79' lang='lat' dir='ltr'><strong>vigor?</strong></span> 
     </span>
    </p>
   </div>
   <div class='ocr_carea' id='block_1_50' title="bbox 225 4973 3152 5066">
    <p class='ocr_par' dir='ltr' id='par_1_50' title="bbox 225 4973 3152 5066">
     <span class='ocr_line' id='line_1_51' title="bbox 225 4973 3152 5066; baseline 0.007 -41"><span class='ocrx_word' id='word_1_510' title='bbox 225 4973 554 5066; x_wconf 61' lang='lat' dir='ltr'><strong>Ileddantur</strong></span> <span class='ocrx_word' id='word_1_511' title='bbox 585 4975 694 5030; x_wconf 90' lang='lat' dir='ltr'><strong>aris</strong></span> <span class='ocrx_word' id='word_1_512' title='bbox 725 4986 785 5032; x_wconf 92' lang='lat' dir='ltr'><strong>ut</strong></span> <span class='ocrx_word' id='word_1_513' title='bbox 807 4978 1110 5052; x_wconf 88' lang='lat' dir='ltr'><strong>jungantur</strong></span> <span class='ocrx_word' id='word_1_514' title='bbox 1139 4982 1376 5056; x_wconf 85' lang='lat' dir='ltr'><strong>legibus,</strong></span> <span class='ocrx_word' id='word_1_515' title='bbox 1946 4973 2273 5066; x_wconf 63' lang='lat' dir='ltr'><strong>vobisquid</strong></span> <span class='ocrx_word' id='word_1_516' title='bbox 2302 4996 2544 5065; x_wconf 88' lang='lat' dir='ltr'><strong>appetita</strong></span> <span class='ocrx_word' id='word_1_517' title='bbox 2571 4995 2747 5050; x_wconf 89' lang='lat' dir='ltr'><strong>solum</strong></span> <span class='ocrx_word' id='word_1_518' title='bbox 2776 4995 2834 5048; x_wconf 90' lang='lat' dir='ltr'><strong>in</strong></span> <span class='ocrx_word' id='word_1_519' title='bbox 2875 4973 3152 5064; x_wconf 71' lang='lat' dir='ltr'><strong>prosperis</strong></span> 
     </span>
    </p>
   </div>
   <div class='ocr_carea' id='block_1_51' title="bbox 226 5063 3184 5155">
    <p class='ocr_par' dir='ltr' id='par_1_51' title="bbox 226 5063 3184 5155">
     <span class='ocr_line' id='line_1_52' title="bbox 226 5063 3184 5155; baseline 0.005 -36"><span class='ocrx_word' id='word_1_520' title='bbox 226 5063 528 5120; x_wconf 88' lang='lat' dir='ltr'><strong>Pulsantur</strong></span> <span class='ocrx_word' id='word_1_521' title='bbox 555 5081 687 5141; x_wconf 89' lang='lat' dir='ltr'><strong>ergo</strong></span> <span class='ocrx_word' id='word_1_522' title='bbox 710 5067 1064 5136; x_wconf 88' lang='lat' dir='ltr'><strong>plurimarum</strong></span> <span class='ocrx_word' id='word_1_523' title='bbox 1098 5070 1317 5128; x_wconf 90' lang='lat' dir='ltr'><strong>ﬂatibus</strong></span> <span class='ocrx_word' id='word_1_524' title='bbox 1947 5063 2202 5142; x_wconf 62' lang='lat' dir='ltr'><strong>Adversa,</strong></span> <span class='ocrx_word' id='word_1_525' title='bbox 2228 5063 2388 5142; x_wconf 72' lang='lat' dir='ltr'><strong>nulla</strong></span> <span class='ocrx_word' id='word_1_526' title='bbox 2406 5101 2570 5155; x_wconf 87' lang='lat' dir='ltr'><strong>quam</strong></span> <span class='ocrx_word' id='word_1_527' title='bbox 2599 5085 2778 5139; x_wconf 88' lang='lat' dir='ltr'><strong>timeri</strong></span> <span class='ocrx_word' id='word_1_528' title='bbox 2799 5063 2908 5139; x_wconf 84' lang='lat' dir='ltr'><strong>non</strong></span> <span class='ocrx_word' id='word_1_529' title='bbox 2925 5063 3126 5152; x_wconf 88' lang='lat' dir='ltr'><strong>jubent</strong></span> <span class='ocrx_word' id='word_1_530' title='bbox 3156 5081 3184 5134; x_wconf 78' lang='grc' dir='ltr'>τ</span> 
     </span>
    </p>
   </div>
   <div class='ocr_carea' id='block_1_52' title="bbox 224 5158 2855 5242">
    <p class='ocr_par' dir='ltr' id='par_1_52' title="bbox 224 5158 2855 5242">
     <span class='ocr_line' id='line_1_53' title="bbox 224 5158 2855 5242; baseline 0.006 -33"><span class='ocrx_word' id='word_1_531' title='bbox 224 5158 498 5211; x_wconf 84' lang='lat' dir='ltr'><strong>Aurarum</strong></span> <span class='ocrx_word' id='word_1_532' title='bbox 531 5175 544 5212; x_wconf 87' lang='lat'><strong><em>:</em></strong></span> <span class='ocrx_word' id='word_1_533' title='bbox 577 5174 675 5213; x_wconf 91' lang='lat' dir='ltr'><strong>eos</strong></span> <span class='ocrx_word' id='word_1_534' title='bbox 695 5160 870 5215; x_wconf 89' lang='lat' dir='ltr'><strong>amica</strong></span> <span class='ocrx_word' id='word_1_535' title='bbox 899 5163 1054 5217; x_wconf 90' lang='lat' dir='ltr'><strong>turba</strong></span> <span class='ocrx_word' id='word_1_536' title='bbox 1083 5166 1349 5222; x_wconf 89' lang='lat' dir='ltr'><strong>concutit.</strong></span> <span class='ocrx_word' id='word_1_537' title='bbox 1949 5171 2163 5238; x_wconf 87' lang='lat' dir='ltr'><strong>Venite,</strong></span> <span class='ocrx_word' id='word_1_538' title='bbox 2196 5178 2399 5242; x_wconf 88' lang='lat' dir='ltr'><strong>patres,</strong></span> <span class='ocrx_word' id='word_1_539' title='bbox 2431 5172 2682 5226; x_wconf 89' lang='lat' dir='ltr'><strong>inhibere</strong></span> <span class='ocrx_word' id='word_1_540' title='bbox 2708 5173 2855 5237; x_wconf 87' lang='lat' dir='ltr'><strong>talia,</strong></span> 
     </span>
    </p>
   </div>
   <div class='ocr_carea' id='block_1_53' title="bbox 225 5249 3057 5338">
    <p class='ocr_par' dir='ltr' id='par_1_53' title="bbox 225 5249 3057 5338">
     <span class='ocr_line' id='line_1_54' title="bbox 225 5249 3057 5338; baseline 0.004 -34"><span class='ocrx_word' id='word_1_541' title='bbox 225 5249 370 5314; x_wconf 86' lang='lat' dir='ltr'><strong>Quid</strong></span> <span class='ocrx_word' id='word_1_542' title='bbox 399 5251 570 5318; x_wconf 83' lang='lat' dir='ltr'><strong>saxei,</strong></span> <span class='ocrx_word' id='word_1_543' title='bbox 594 5252 726 5323; x_wconf 92' lang='lat' dir='ltr'><strong>quid</strong></span> <span class='ocrx_word' id='word_1_544' title='bbox 765 5264 1124 5324; x_wconf 90' lang='lat' dir='ltr'><strong>perseverent</strong></span> <span class='ocrx_word' id='word_1_545' title='bbox 1153 5258 1314 5314; x_wconf 88' lang='lat' dir='ltr'><strong>ferrei</strong></span> <span class='ocrx_word' id='word_1_546' title='bbox 1349 5277 1363 5325; x_wconf 87' lang='lat'>;</span> <span class='ocrx_word' id='word_1_547' title='bbox 1947 5262 2238 5338; x_wconf 88' lang='lat' dir='ltr'><strong>Contingat</strong></span> <span class='ocrx_word' id='word_1_548' title='bbox 2268 5279 2509 5335; x_wconf 89' lang='lat' dir='ltr'><strong>unquam</strong></span> <span class='ocrx_word' id='word_1_549' title='bbox 2542 5279 2611 5318; x_wconf 93' lang='lat' dir='ltr'><strong>ne</strong></span> <span class='ocrx_word' id='word_1_550' title='bbox 2642 5265 2752 5334; x_wconf 91' lang='lat' dir='ltr'><strong>pati</strong></span> <span class='ocrx_word' id='word_1_551' title='bbox 2784 5279 2880 5318; x_wconf 91' lang='lat' dir='ltr'><strong>vos</strong></span> <span class='ocrx_word' id='word_1_552' title='bbox 2909 5263 3057 5317; x_wconf 89' lang='lat' dir='ltr'><strong>talia.</strong></span> 
     </span>
    </p>
   </div>
   <div class='ocr_carea' id='block_1_54' title="bbox 221 5341 3142 5425">
    <p class='ocr_par' dir='ltr' id='par_1_54' title="bbox 221 5341 3142 5425">
     <span class='ocr_line' id='line_1_55' title="bbox 221 5341 3142 5425; baseline 0.004 -30"><span class='ocrx_word' id='word_1_553' title='bbox 221 5341 445 5395; x_wconf 90' lang='lat' dir='ltr'><strong>Patrem</strong></span> <span class='ocrx_word' id='word_1_554' title='bbox 475 5341 754 5408; x_wconf 87' lang='lat' dir='ltr'><strong>abdicent,</strong></span> <span class='ocrx_word' id='word_1_555' title='bbox 783 5349 1057 5400; x_wconf 88' lang='lat' dir='ltr'><strong>tormenta</strong></span> <span class='ocrx_word' id='word_1_556' title='bbox 1074 5348 1233 5402; x_wconf 91' lang='lat' dir='ltr'><strong>matri</strong></span> <span class='ocrx_word' id='word_1_557' title='bbox 1275 5357 1606 5419; x_wconf 58' lang='lat' dir='ltr'><strong>praeparent,</strong></span> <span class='ocrx_word' id='word_1_558' title='bbox 1944 5355 2206 5421; x_wconf 75' lang='lat' dir='ltr'><strong>Iuvenes,</strong></span> <span class='ocrx_word' id='word_1_559' title='bbox 2229 5354 2441 5422; x_wconf 90' lang='lat' dir='ltr'><strong>adeste,</strong></span> <span class='ocrx_word' id='word_1_560' title='bbox 2473 5354 2600 5410; x_wconf 89' lang='lat' dir='ltr'><strong>ﬂete</strong></span> <span class='ocrx_word' id='word_1_561' title='bbox 2620 5361 2818 5425; x_wconf 91' lang='lat' dir='ltr'><strong>sponte</strong></span> <span class='ocrx_word' id='word_1_562' title='bbox 2849 5354 3095 5425; x_wconf 85' lang='lat' dir='ltr'><strong>perditos</strong></span> <span class='ocrx_word' id='word_1_563' title='bbox 3128 5371 3142 5418; x_wconf 90' lang='lat'><strong>;</strong></span> 
     </span>
    </p>
   </div>
   <div class='ocr_carea' id='block_1_55' title="bbox 223 5427 3071 5517">
    <p class='ocr_par' dir='ltr' id='par_1_55' title="bbox 223 5427 3071 5517">
     <span class='ocr_line' id='line_1_56' title="bbox 223 5427 3071 5517; baseline 0.005 -36"><span class='ocrx_word' id='word_1_564' title='bbox 223 5428 459 5482; x_wconf 88' lang='lat' dir='ltr'><strong>Demant</strong></span> <span class='ocrx_word' id='word_1_565' title='bbox 477 5427 587 5481; x_wconf 91' lang='lat' dir='ltr'><strong>sibi</strong></span> <span class='ocrx_word' id='word_1_566' title='bbox 617 5427 754 5499; x_wconf 89' lang='lat' dir='ltr'><strong>ipsis</strong></span> <span class='ocrx_word' id='word_1_567' title='bbox 782 5433 1094 5501; x_wconf 87' lang='lat' dir='ltr'><strong>respuendo</strong></span> <span class='ocrx_word' id='word_1_568' title='bbox 1125 5435 1344 5506; x_wconf 87' lang='lat' dir='ltr'><strong>gaudia,</strong></span> <span class='ocrx_word' id='word_1_569' title='bbox 1946 5444 2222 5516; x_wconf 86' lang='lat' dir='ltr'><strong>Lacrymis</strong></span> <span class='ocrx_word' id='word_1_570' title='bbox 2252 5444 2423 5517; x_wconf 82' lang='lat' dir='ltr'><strong>rigata</strong></span> <span class='ocrx_word' id='word_1_571' title='bbox 2455 5443 2748 5514; x_wconf 69' lang='lat' dir='ltr'><strong>praeferant</strong></span> <span class='ocrx_word' id='word_1_572' title='bbox 2776 5443 3071 5516; x_wconf 85' lang='lat' dir='ltr'><strong>caliginem</strong></span> 
     </span>
    </p>
   </div>
   <div class='ocr_carea' id='block_1_56' title="bbox 223 5523 2847 5608">
    <p class='ocr_par' dir='ltr' id='par_1_56' title="bbox 223 5523 2847 5608">
     <span class='ocr_line' id='line_1_57' title="bbox 223 5523 2847 5608; baseline 0.005 -31"><span class='ocrx_word' id='word_1_573' title='bbox 223 5523 619 5594; x_wconf 90' lang='lat' dir='ltr'><strong>Spernantque</strong></span> <span class='ocrx_word' id='word_1_574' title='bbox 641 5523 809 5579; x_wconf 88' lang='lat' dir='ltr'><strong>vitam</strong></span> <span class='ocrx_word' id='word_1_575' title='bbox 832 5526 1201 5599; x_wconf 85' lang='lat' dir='ltr'><strong>deserantque</strong></span> <span class='ocrx_word' id='word_1_576' title='bbox 1220 5529 1451 5602; x_wconf 86' lang='lat' dir='ltr'><strong>gloriam</strong></span> <span class='ocrx_word' id='word_1_577' title='bbox 1946 5537 2073 5592; x_wconf 91' lang='lat' dir='ltr'><strong>Seni</strong></span> <span class='ocrx_word' id='word_1_578' title='bbox 2106 5553 2303 5608; x_wconf 91' lang='lat' dir='ltr'><strong>perosa</strong></span> <span class='ocrx_word' id='word_1_579' title='bbox 2324 5537 2586 5592; x_wconf 88' lang='lat' dir='ltr'><strong>destituto</strong></span> <span class='ocrx_word' id='word_1_580' title='bbox 2620 5538 2847 5603; x_wconf 89' lang='lat' dir='ltr'><strong>lumina,</strong></span> 
     </span>
    </p>
   </div>
   <div class='ocr_carea' id='block_1_57' title="bbox 223 5616 2982 5688">
    <p class='ocr_par' dir='ltr' id='par_1_57' title="bbox 223 5616 2982 5688">
     <span class='ocr_line' id='line_1_58' title="bbox 223 5616 2982 5688; baseline 0.006 -18"><span class='ocrx_word' id='word_1_581' title='bbox 223 5616 545 5686; x_wconf 85' lang='lat' dir='ltr'><strong>Necemque</strong></span> <span class='ocrx_word' id='word_1_582' title='bbox 571 5618 789 5687; x_wconf 89' lang='lat' dir='ltr'><strong>templis</strong></span> <span class='ocrx_word' id='word_1_583' title='bbox 817 5627 1083 5688; x_wconf 87' lang='lat' dir='ltr'><strong>appetant</strong></span> <span class='ocrx_word' id='word_1_584' title='bbox 1110 5619 1397 5678; x_wconf 76' lang='lat' dir='ltr'><strong>affectibus</strong></span> <span class='ocrx_word' id='word_1_585' title='bbox 1425 5623 1453 5676; x_wconf 79' lang='lat'><strong>?</strong></span> <span class='ocrx_word' id='word_1_586' title='bbox 1946 5629 2110 5683; x_wconf 90' lang='lat' dir='ltr'><strong>Ferro</strong></span> <span class='ocrx_word' id='word_1_587' title='bbox 2139 5628 2288 5682; x_wconf 90' lang='lat' dir='ltr'><strong>feriri</strong></span> <span class='ocrx_word' id='word_1_588' title='bbox 2323 5644 2390 5682; x_wconf 90' lang='lat' dir='ltr'><strong>ne</strong></span> <span class='ocrx_word' id='word_1_589' title='bbox 2433 5629 2602 5684; x_wconf 92' lang='lat' dir='ltr'><strong>duces</strong></span> <span class='ocrx_word' id='word_1_590' title='bbox 2615 5630 2982 5686; x_wconf 88' lang='lat' dir='ltr'><strong>considerem.</strong></span> 
     </span>
    </p>
   </div>
   <div class='ocr_carea' id='block_1_58' title="bbox 226 5707 3078 5793">
    <p class='ocr_par' dir='ltr' id='par_1_58' title="bbox 226 5707 3078 5793">
     <span class='ocr_line' id='line_1_59' title="bbox 226 5707 3078 5793; baseline 0.004 -29"><span class='ocrx_word' id='word_1_591' title='bbox 226 5709 292 5764; x_wconf 84' lang='lat' dir='ltr'><strong>At</strong></span> <span class='ocrx_word' id='word_1_592' title='bbox 317 5723 380 5764; x_wconf 87' lang='lat' dir='ltr'><strong>se</strong></span> <span class='ocrx_word' id='word_1_593' title='bbox 409 5713 670 5778; x_wconf 83' lang='lat' dir='ltr'><strong>parentes</strong></span> <span class='ocrx_word' id='word_1_594' title='bbox 695 5707 929 5765; x_wconf 82' lang='lat' dir='ltr'><strong>filiorum</strong></span> <span class='ocrx_word' id='word_1_595' title='bbox 961 5710 1203 5766; x_wconf 90' lang='lat' dir='ltr'><strong>dulcium</strong></span> <span class='ocrx_word' id='word_1_596' title='bbox 1945 5718 2117 5793; x_wconf 68' lang='lat' dir='ltr'><strong>AEgrze</strong></span> <span class='ocrx_word' id='word_1_597' title='bbox 2147 5724 2406 5788; x_wconf 87' lang='lat' dir='ltr'><strong>senectae,</strong></span> <span class='ocrx_word' id='word_1_598' title='bbox 2438 5718 2572 5776; x_wconf 89' lang='lat' dir='ltr'><strong>ﬂere</strong></span> <span class='ocrx_word' id='word_1_599' title='bbox 2589 5735 2728 5792; x_wconf 89' lang='lat' dir='ltr'><strong>quos</strong></span> <span class='ocrx_word' id='word_1_600' title='bbox 2749 5737 2858 5776; x_wconf 91' lang='lat' dir='ltr'><strong>non</strong></span> <span class='ocrx_word' id='word_1_601' title='bbox 2879 5721 3078 5792; x_wconf 88' lang='lat' dir='ltr'><strong>pertuli</strong></span> 
     </span>
    </p>
   </div>
  </div>
