3972 6208
449 271 556 325 699
1213 271 1581 326 FLODOARDI
1623 271 1929 327 CANONICI
1971 268 2304 326 REMENSIS
2345 269 2682 327 OPUSCULA
2721 269 3031 326 METRICA.

446 393 769 464 Ferulisque
792 393 1071 464 quondam
1095 395 1424 464 vapulanter
1450 395 1658 450 horrui.
1698 420 1721 442 ιο

445 484 609 538 Natos
642 484 883 539 ferentes
915 493 1326 556 prosequuntur
1355 487 1624 562 conjuges

447 575 852 648 Obtutibusquc
878 585 1032 651 grata
1062 579 1293 652 pignora
1329 580 1606 654 ingerunt,

448 672 688 736 Quorum
731 673 1045 744 relinquant
1074 691 1134 729 se
1165 683 1463 746 querentes
1490 677 1723 732 fastibus

444 764 690 837 Jugalem
720 780 963 819 amorem
992 767 1152 837 queis
1184 773 1445 837 putentur
1473 769 1726 840 perdere,

450 855 710 910 Dominos
739 855 1027 912 domorum
1046 873 1110 912 ac
1141 857 1378 914 filiorum
1412 877 1551 932 quos
1582 861 1818 933 probent

447 946 535 1001 Sic
563 947 887 1003 lancinatori
919 949 1062 1004 ultro
1097 950 1234 1005 tradi
1267 953 1566 1022 gaudeant,

446 1038 716 1106 Spernant
750 1044 1002 1106 parentes
1031 1046 1196 1110 atque
1227 1040 1432 1095 amicos
1463 1042 1732 1108 nesciant,

449 1125 661 1180 Pellant
681 1127 904 1182 maritas
933 1128 1302 1202 abdicentque
1335 1131 1541 1187 liberos

451 1217 556 1270 Has
588 1216 733 1271 inter
759 1235 922 1272 auras
940 1221 1349 1295 coniugumque
1373 1224 1638 1295 lacrymas

451 1305 523 1358 Ac
555 1305 866 1360 nesciorum
899 1308 1188 1381 pignorum
1222 1311 1462 1381 suspiria

451 1400 629 1454 Animi
666 1401 863 1456 resolvi
897 1404 1228 1460 militantum
1259 1416 1564 1477 coeperant,

455 1495 607 1549 Lzeso
638 1495 886 1552 dolorem
915 1502 1310 1556 contrahentes
1329 1511 1572 1573 pectore.

455 1583 653 1637 Horum
689 1583 883 1639 beatus
911 1587 1053 1641 altor
1083 1588 1208 1644 huic
1235 1593 1549 1661 spectaculo

454 1672 810 1730 Sebastianus
834 1677 1051 1732 militari
1083 1683 1360 1736 schemate

458 1767 653 1821 Latens
679 1769 874 1824 adesSe
915 1787 1025 1825 non
1067 1772 1230 1827 inane
1259 1775 1488 1830 duxerat
1520 1794 1534 1840 ;

460 1857 772 1931 Videasque
803 1861 930 1916 belli
973 1862 1119 1917 fasce
1151 1865 1324 1940 frangi
1356 1867 1582 1934 milites,

461 1947 772 2018 Perrumpit
800 1966 996 2023 agmen
1027 1952 1314 2008 concionis
1344 1954 1547 2022 lividae,

461 2036 693 2090 Medium
728 2040 990 2094 tumultus
1028 2057 1087 2095 se
1117 2042 1378 2117 ingerens
1416 2045 1682 2112 victoriae,

465 2126 768 2197 Lassosque
799 2129 1023 2185 adortus
1055 2132 1139 2186 his
1170 2141 1366 2204 petens
1401 2136 1746 2207 palaestrides
1775 2157 1788 2196 :

471 2244 487 2268 ι
528 2219 566 2274 0
606 2220 808 2276 milites
828 2223 1025 2279 virtute
1049 2226 1163 2294 jam
1195 2227 1478 2287 fortissimi

464 2309 502 2364 Ο
531 2312 702 2382 praelii
731 2313 970 2369 cmlestis
992 2315 1419 2388 instructissimi,

466 2398 664 2455 Palma:
692 2402 880 2476 vigore
903 2405 1104 2460 mentis
1127 2406 1249 2461 altae
1281 2411 1536 2478 proximi,

465 2491 553 2546 Sic
585 2507 733 2547 nunc
757 2509 991 2549 coronas
1020 2495 1228 2551 frivolis
1258 2499 1483 2570 ineptiis

467 2579 626 2635 Juvat
648 2598 924 2652 perennes
951 2585 1278 2654 nugularum
1308 2604 1516 2658 ponere
1551 2609 1564 2645 :

469 2674 597 2741 Sed,
631 2691 840 2745 quaeso,
869 2675 1044 2731 discat
1071 2677 1335 2735 fortitudo
1375 2663 1589 2738 mitium

471 2766 573 2820 Per
601 2782 698 2821 vos
730 2766 837 2821 fide
866 2769 1077 2838 potiore
1116 2772 1333 2826 cunctis
1366 2774 1558 2829 instrui

472 2855 646 2909 Armis
667 2855 845 2928 rigore
863 2872 986 2928 qua:
1007 2867 1266 2928 parantur
1285 2861 1464 2918 ferreo
1496 2882 1510 2930 ;

471 2946 721 3001 Victoria:
752 2947 924 3003 nolite
953 2958 1146 3005 vestrae
1179 2951 1417 3028 insignia

473 3037 574 3090 Per
605 3036 806 3090 blanda
837 3037 1068 3108 perdere
1100 3039 1429 3099 feminarum
1453 3062 1753 3117 murmura,

475 3125 654 3180 Hostis
685 3125 898 3182 subacti
927 3127 1069 3183 colla
1100 3146 1168 3186 ne
1199 3132 1478 3203 dimittite,

473 3214 687 3268 Calcate
727 3213 872 3269 bella
897 3231 969 3271 ne
993 3230 1284 3292 resurgant
1313 3223 1520 3292 vivida,

476 3304 589 3359 Neu
620 3305 760 3360 victa
784 3307 944 3363 vobis
973 3325 1032 3364 se
1061 3312 1276 3388 erigant
1305 3315 1546 3373 victricia
1573 3337 1586 3372 :

481 3400 628 3455 Licet
659 3401 820 3469 hujus
849 3406 1060 3475 experti
1091 3423 1213 3463 acre
1239 3408 1394 3465 fortis
1424 3413 1672 3483 praelium

476 3492 728 3563 Repetita
752 3495 890 3550 scite
917 3496 1140 3553 duriora
1169 3501 1416 3570 vulnera,

478 3584 615 3649 Quin
645 3585 883 3660 gloriosa
911 3589 1057 3644 celsa
1088 3589 1220 3646 belli
1249 3594 1492 3650 culmina

478 3677 674 3732 Amore
708 3679 871 3752 longe
886 3686 1066 3736 terreo
1098 3684 1395 3753 sustollite,

478 3765 589 3820 Nec
615 3767 964 3836 parvulorum
988 3770 1211 3828 ﬂetibus
1239 3774 1503 3846 deponite
1537 3795 1552 3842 ;

479 3859 613 3913 Nam
644 3860 908 3936 lugubres
937 3880 1145 3940 angore
1175 3883 1317 3938 quos
1346 3856 1634 3927 attenditts

481 3953 732 4008 Gaudere
771 3963 961 4022 staret,
994 3967 1421 4032 noscerentqute
1452 3964 1715 4033 noscitis;

482 4045 688 4116 Nempe
718 4047 994 4103 aestimant
1033 4049 1136 4105 hoc
1165 4066 1287 4105 esse
1317 4053 1493 4108 solum
1525 4056 1747 4114 vincere

482 4135 634 4200 Quod
667 4139 954 4209 temporali
987 4141 1112 4209 jure
1143 4144 1349 4200 mundo
1379 4145 1600 4216 vivitur,

481 4232 597 4295 Quo
619 4231 906 4291 desinente
937 4235 1046 4290 vita
1083 4237 1232 4293 nulla
1263 4240 1554 4312 splendeat
1582 4262 1596 4299 :

484 4323 700 4379 Scirent
721 4325 867 4380 enim
899 4328 946 4382 si
978 4331 1170 4386 mortis
1199 4348 1262 4387 ac
1301 4336 1573 4393 molestiae

481 4414 741 4470 Securam
771 4417 894 4472 eiin
925 4437 1033 4491 qua
1060 4431 1253 4497 regnat
1275 4425 1677 4498 immortalitas,

484 4507 557 4562 Ac
583 4509 916 4579 sempiterna
940 4524 1348 4572 commorantur
1375 4521 1578 4593 gaudia

484 4595 777 4652 Vobiscum
808 4600 876 4654 ad
907 4599 1054 4657 illam
1085 4616 1370 4662 currerent
1393 4610 1745 4685 pertingere;

488 4688 596 4743 Hac
620 4688 776 4744 ﬂocci
802 4707 994 4761 pensa,
1025 4697 1616 4768 concupiscerenteam

487 4778 545 4832 ln
577 4779 947 4853 gratulatione
969 4797 1092 4854 qua;
1120 4784 1241 4858 jugi
1256 4803 1506 4855 manens,

485 4863 718 4921 Omnino
750 4866 957 4924 habere
974 4872 1149 4928 nescit
1184 4890 1425 4946 unquam
1456 4880 1788 4938 terminum:

487 4957 658 5030 Lugat
687 4961 801 5027 (sic)
836 4960 964 5016 inde
995 4963 1103 5018 vita
1131 4967 1311 5036 qualis
1336 4968 1441 5024 ista
1469 4977 1730 5041 transeat,

487 5049 657 5114 Quam
688 5049 845 5120 falsa,
878 5070 1040 5126 quam
1073 5055 1286 5127 dolosa,
1327 5077 1490 5132 quam
1531 5063 1820 5123 celerrima

490 5139 824 5209 Malesuada,
857 5144 1028 5212 vafra,
1060 5147 1394 5220 circulatrix,
1430 5155 1662 5226 perﬁda,

490 5230 617 5295 Quae
641 5231 762 5286 dira
786 5250 984 5304 pravos
1004 5236 1226 5294 invehat
1251 5257 1350 5311 per
1387 5243 1641 5311 crimina.

490 5326 606 5391 Quo
633 5327 928 5401 diligentes
955 5332 1140 5398 ducat,
1173 5342 1228 5390 et
1253 5337 1386 5409 quid
1419 5351 1692 5413 praeparet

487 5417 707 5474 Eterna
730 5434 1016 5491 procreata
1046 5442 1194 5484 mors
1222 5437 1280 5485 ut
1304 5447 1371 5486 ex
1396 5448 1462 5488 ea

492 5505 628 5593 lluic
665 5509 966 5568 servientes
986 5514 1113 5583 jure
1138 5519 1304 5574 sumit
1330 5523 1546 5593 perpeti

493 5588 560 5645 Ut
587 5595 838 5652 exsulare
868 5601 1237 5672 protoplastos
1264 5588 1442 5682 egerit

2081 400 2134 467 Α
2161 395 2295 450 Vita:
2324 395 2587 466 perennis
2615 393 2910 450 destitutos
2939 395 3136 466 patria.

2164 486 2285 540 Haec
2305 501 2422 553 vos,
2456 485 2642 553 amici,
2674 484 2837 555 fallit,
2871 485 3014 541 istos
3039 485 3234 542 ludere

2162 577 2334 632 Vitam
2364 583 2619 648 petentes
2644 593 2791 649 quos
2816 584 3133 633 manentem
3166 580 3360 635 sistitis
3397 599 3412 646 ;

2167 669 2290 724 Haec
2318 685 2416 724 vos
2442 676 2700 739 parentes
2730 669 2798 723 ad
2829 670 3090 726 decorem
3113 671 3372 728 coelicum

2167 763 2369 816 Gnatos
2399 770 2596 816 euntes
2634 761 2887 816 detinere
2920 763 3169 837 suggerit
3201 781 3214 817 :

2171 853 2295 908 llaec
2321 853 2588 928 conjuges
2619 853 2831 908 honore
2871 853 3078 909 blando
3108 863 3414 927 martyrum

2170 943 2392 998 Lethale
2425 952 2614 998 mente
2644 943 2788 999 ferre
2815 944 2963 1018 cogit
2989 946 3270 1016 poculum,

2165 1036 2398 1089 Assensa
2427 1035 2586 1090 vobis
2611 1035 2774 1108 queis
2799 1036 3060 1092 adessent
3099 1047 3370 1110 tempora,

2159 1128 2276 1183 Jam
2311 1128 2554 1198 separari
2587 1129 2908 1204 contigisset
2947 1131 3244 1201 perpetim,

2165 1219 2332 1276 Vobis
2359 1236 2462 1276 nec
2491 1221 2615 1276 illos
2645 1228 2849 1276 aterna
2877 1221 3020 1277 inter
3049 1225 3286 1279 tormina

2170 1312 2416 1383 Unquam
2447 1311 2653 1366 deinde
2681 1311 2972 1367 cederetur
3001 1312 3204 1380 visere,

2169 1405 2582 1462 lncredulorum
2615 1404 2712 1460 ubi
2743 1405 2963 1462 ﬂamma
2987 1407 3165 1479 carpit
3192 1414 3442 1480 pectora,

2177 1499 2354 1553 Edunt
2383 1498 2654 1554 dracones
2681 1496 2830 1552 labia
2868 1497 3367 1570 blasphemantium

2177 1591 2378 1646 Vorant
2410 1589 2671 1655 colubrae,
2705 1588 3045 1660 perfidorum
3075 1593 3308 1660 viscera,

2178 1679 2384 1749 Strepit
2412 1677 2672 1746 ejulatus,
2702 1677 2863 1733 fletus
2885 1679 2976 1733 hic
3002 1686 3058 1734 et
3086 1680 3366 1746 dissonus,

2100 1741 2148 1809 Β
2179 1741 2415 1844 Plan-ger
2441 1741 2761 1845 gementum
2793 1786 2957 1842 quem
2989 1772 3216 1844 exigunt
3244 1741 3513 1830 incendia

2177 1861 2468 1932 Pcenaeque
2496 1860 2647 1916 nullo
2674 1859 2933 1914 ﬁnienda:
2964 1861 3220 1928 termino,

2177 1950 2340 2004 Ustus
2364 1948 2694 2003 cremandus
2724 1949 2855 2003 dum
2887 1959 3122 2006 novatur
3152 1951 3375 2008 millies.

2181 2039 2301 2093 Haec
2329 2054 2459 2112 ergo
2481 2045 2535 2092 et
2557 2038 3015 2095 istostransilisse
3046 2040 3297 2113 linquite,

2178 2132 2358 2186 Vitare
2389 2138 2443 2186 et
2475 2131 2581 2202 ipsi
2619 2139 2806 2186 mente
2833 2141 2991 2188 cauta
3019 2133 3270 2204 pendite,

2181 2221 2398 2291 flosque
2438 2220 2507 2274 ad
2546 2235 2778 2276 coronas
2807 2220 3111 2277 destinatas
3150 2223 3378 2291 mittite,

2180 2307 2291 2362 Nec
2320 2315 2667 2378 separantur,
2701 2307 2847 2364 absit
2874 2309 2962 2364 hic
2988 2310 3148 2365 vobis
3181 2311 3348 2367 timor
3379 2330 3393 2366 :

2185 2397 2400 2452 Vadunt
2437 2413 2630 2469 parare
2659 2397 2794 2470 quin
2817 2398 3017 2452 domus
3042 2398 3096 2452 in
3125 2399 3331 2455 aethera

2186 2490 2404 2545 Manere
2419 2489 2705 2545 vobiscum
2734 2497 2899 2562 atque
2930 2490 3037 2545 laeti
3069 2491 3255 2547 vivere

2189 2579 2288 2635 Ubi
2320 2579 2660 2650 sempiterna
2698 2580 3044 2654 gratulentur
3072 2579 3283 2651 gloria:

2188 2671 2344 2736 Quod
2368 2670 2415 2725 si
2445 2670 2644 2726 domus
2671 2670 2758 2726 hic
2790 2669 3099 2744 diliguntur
3117 2677 3310 2726 terrea;

2187 2759 2356 2823 Quam
2388 2764 2516 2813 sunt
2544 2758 2784 2829 petenda
2813 2766 3020 2813 structa
3043 2758 3264 2814 domata
3289 2758 3508 2831 obryzo

2186 2849 2450 2904 Praeclara
2478 2847 2713 2923 gemmis
2742 2847 2952 2922 fulgide
2981 2849 3334 2904 stellantibus

2186 2945 2300 3009 Qua
2326 2959 2438 2999 non
2465 2943 2635 2999 decor
2654 2944 2945 2999 marcescit
2973 2961 3214 3017 unquam
3249 2945 3483 3016 ﬂorens,

2187 3037 2390 3092 Nemus
2415 3037 2626 3095 virente
2656 3053 2716 3092 se
2746 3051 2903 3092 coma
2929 3053 3211 3110 nunquam
3245 3039 3397 3095 exuit

2110 3112 2160 3179 C
2187 3129 2338 3185 Rivis
2366 3130 2631 3184 decenter
2660 3129 2881 3203 irrigata
2909 3129 3129 3186 melleis
3155 3149 3173 3197 ;

2192 3221 2286 3276 Hic
2312 3236 2595 3292 nunquam
2626 3235 2905 3276 ammnum
2936 3227 3089 3292 prata
3115 3222 3355 3293 perdunt
3384 3222 3644 3289 ﬂoscida,

2191 3318 2353 3372 Grato
2384 3331 2686 3387 perennem
2722 3317 2893 3372 odore
2912 3317 3080 3372 vitam
3113 3317 3306 3373 ﬂantia

2193 3407 2399 3462 Lumen
2429 3407 2550 3462 sine
2580 3407 2797 3472 umbra,
2829 3423 2934 3461 nec
2962 3406 3109 3461 diem
3134 3422 3242 3462 nox
3271 3409 3536 3463 terminat

2193 3496 2554 3551 Serenitatem
2588 3511 2868 3568 nunquam
2899 3495 3219 3551 inumbrant
3248 3495 3458 3561 nubila,

2191 3585 2547 3641 Securitatem
2579 3584 2729 3639 nulla
2764 3590 3026 3657 rumpunt
3056 3583 3310 3656 improba

2191 3677 2370 3746 Dapes
2399 3674 2648 3731 celebres
2677 3673 2829 3728 nulla
2867 3674 3069 3729 sistunt
3106 3674 3286 3730 tristia

2192 3773 2469 3834 Lamenta,
2502 3770 2701 3836 luctus,
2730 3769 2990 3839 eiulatus,
3022 3769 3216 3825 sibilus

2193 3865 2311 3922 Non
2342 3864 2641 3920 audiuntur
2661 3863 2771 3929 hic,
2803 3877 2908 3917 nec
2935 3877 3177 3932 unquam
3210 3868 3569 3935 perstrepunt
3595 3882 3610 3918 :

2198 3953 2504 4018 Horrenda,
2545 3958 2707 4018 tetra,
2739 3949 2966 4006 sordida
2995 3959 3088 4005 aut
3121 3949 3390 4006 deformia

2198 4047 2316 4102 Non
2341 4043 2433 4099 hic
2460 4041 2720 4098 videntur
2742 4057 2756 4107 ;
2777 4039 3152 4112 pulchritudo,
3185 4039 3507 4106 amwnitas,

2199 4135 2471 4209 Splendor
2508 4147 2742 4188 serenus
2759 4147 2823 4187 ac
2844 4131 3048 4198 nitens,
3079 4129 3394 4187 formositas

2199 4228 2397 4285 Oculos
2425 4226 2613 4282 fovent
2637 4225 2756 4280 haec
2785 4239 3004 4295 semper
3032 4223 3361 4278 intuentium
3389 4241 3404 4278 :

2200 4316 2356 4382 Quod
2377 4315 2545 4371 corda
2574 4321 2732 4369 vexet
2761 4313 2900 4368 nihil
2941 4312 3169 4368 resultat
3194 4312 3423 4368 auribus

2201 4405 2300 4460 libi
2341 4403 2666 4477 angelorum
2694 4403 2817 4457 laeta
2848 4401 3094 4473 psallunt
3133 4416 3341 4475 organa
3374 4418 3389 4456 :

2197 4498 2292 4554 Hic
2320 4496 2521 4569 fulgur,
2544 4501 2638 4549 aut
2660 4509 2942 4563 coruscus,
2972 4502 3067 4549 aut
3085 4494 3324 4550 tonitrua

2197 4594 2486 4665 Nunquam
2513 4591 2783 4646 nitentem
2817 4589 3180 4645 verberarunt
3206 4589 3416 4645 aethera
3449 4607 3464 4654 ;

2198 4681 2512 4738 Amaritudo
2543 4679 2696 4735 nulla
2715 4685 2937 4754 gustum
2977 4677 3199 4735 conﬁcit
3231 4695 3245 4744 ;

2198 4768 2436 4844 Virgulta
2464 4767 2703 4842 gignunt
2729 4767 3140 4822 cinnamomum
3162 4766 3547 4823 etbalsamum

2205 4862 2442 4928 Quorum
2469 4875 2722 4932 saporem
2748 4865 2902 4934 grata
2923 4859 3026 4914 fert
3054 4858 3393 4934 fragrantia;

2203 4952 2322 5008 Non
2337 4951 2450 5007 ulla
2487 4957 2700 5005 stercus
2727 4964 2855 5004 esca
2885 4948 3054 5024 cogit,
3094 4947 3336 5004 nectaris

2205 5043 2578 5119 Digestionem
2609 5056 2721 5097 non
2738 5039 3094 5114 agitrefectio
3129 5057 3143 5106 ;

2207 5138 2273 5194 Ut
2303 5153 2427 5193 cum
2452 5135 2602 5191 bono
2633 5140 2932 5204 pascuntur
2962 5147 3122 5187 aures
3149 5129 3346 5187 nuntio

2204 5229 2372 5285 Nares
2403 5227 2574 5284 odore
2608 5227 2795 5281 lumen
2813 5230 3041 5296 aspectu
3066 5223 3298 5295 Optimo.

2203 5324 2359 5390 Quod
2388 5324 2626 5396 quisque
2650 5337 2872 5377 sumere
2901 5319 3095 5387 ambit,
3128 5319 3216 5375 hic
3236 5333 3364 5374 mox
3403 5320 3655 5392 percipit
3683 5338 3698 5386 ;

2204 5420 2513 5475 Frustratur
2540 5417 2820 5489 appetitus
2847 5415 2961 5470 illic
2990 5413 3203 5469 nemini
3239 5430 3254 5467 :

2203 5508 2334 5564 lstie
2354 5507 2580 5564 rebellis
2599 5507 2692 5579 qui
2723 5503 3001 5561 illecebris
3030 5502 3258 5570 exstitit,

2205 5600 2266 5656 Et
2292 5599 2564 5672 quidquid
2591 5599 2683 5655 hic
2710 5595 2920 5654 dimisit
2943 5593 3143 5651 affectu
3173 5594 3290 5661 Dei,

3719 274 3820 330 τω
