3972 6208
149 300 247 354 701
772 297 855 351 DE
895 296 1154 350 CHRISTI
1195 295 1554 351 TRIUMPHIS
1596 295 1766 350 APUD
1806 296 2071 351 ITALIAM
2112 297 2288 352 LIBRI
2328 297 2453 353 XIV.
2494 328 2565 338 --
2604 298 2729 354 LIB.
2775 298 2857 352 VI.

152 427 570 498 Multiplicatum
601 433 974 497 consequetur
1002 426 1232 480 centies.
1259 445 1283 476 υ

152 521 286 575 Vitae
317 526 581 585 creatum,
613 528 789 574 morte
815 520 973 587 juxta
1000 519 1230 583 consita,

155 609 444 666 IIominem
471 608 664 663 timere
691 608 848 675 cujus
875 614 1029 661 antra
1060 606 1281 675 debeat,

152 702 289 755 Vitze
318 700 513 755 futurae
542 698 701 771 quale
734 714 963 773 regnum
996 715 1244 771 quierere

151 790 263 844 Cur
288 792 375 844 hic
405 790 655 859 voluptas
670 789 741 842 sit
770 788 1043 843 domanda
1077 787 1347 859 corporis,

150 881 306 935 Bona
337 879 648 949 respuenda
680 894 801 950 qum
829 878 1050 934 Creator
1080 878 1275 944 edidit,

148 968 435 1023 Narrando
470 983 728 1039 promens
756 967 903 1023 clara
933 969 1127 1024 doctor
1150 968 1377 1034 lumina,

146 1059 320 1112 Vcras
346 1073 482 1127 opes
513 1063 567 1111 et
594 1073 721 1111 vera
763 1058 955 1127 pandit
979 1058 1178 1130 gaudia
1223 1077 1234 1113 :

148 1148 235 1201 Ab
278 1147 363 1201 his
383 1147 450 1201 ad
480 1146 571 1200 illa
602 1162 711 1217 quo
745 1147 1012 1221 migretur
1035 1150 1249 1203 tramite

155 1239 468 1309 Horumque
498 1239 691 1293 amicis
731 1240 863 1310 quid
892 1248 1114 1310 paretur
1146 1249 1353 1311 postea.

154 1334 325 1398 Quam
358 1338 496 1386 tetra
527 1332 638 1387 sint
666 1338 956 1397 tormenta,
984 1350 1146 1404 quam
1172 1334 1439 1399 crudelia,

153 1423 350 1477 Sinant
375 1420 571 1475 beatos
602 1421 716 1475 haec
746 1438 939 1476 cavere
979 1430 1242 1495 martyres

155 1518 432 1573 Patienter
460 1518 564 1573 ista
593 1516 664 1571 ob
689 1517 781 1570 illa
802 1516 951 1571 ferre
991 1519 1085 1588 qui
1125 1519 1302 1574 sciant
1331 1538 1345 1583 ;

154 1609 447 1662 Vertantur
478 1607 532 1660 in
565 1606 860 1676 tranquilla
888 1606 1088 1680 gaudia
1118 1606 1370 1677 lacrymaa
1400 1625 1415 1673 ;

151 1701 383 1767 Jamjam
424 1699 712 1770 quiescant
734 1698 1055 1752 desinentes
1086 1700 1347 1772 plangere

156 1792 407 1863 Regnare
439 1803 581 1859 quos
612 1787 889 1843 constabit
930 1788 1039 1842 alto
1067 1789 1309 1843 culmine

156 1886 484 1955 Christoque
505 1884 727 1951 junctos
751 1889 970 1952 sceptra
991 1882 1117 1937 coeli
1146 1900 1367 1939 sumere
1401 1902 1414 1949 ;

157 1978 299 2041 Quin
330 1976 399 2030 ad
435 1990 667 2031 coronas
687 1990 744 2029 se
772 1974 1040 2044 petendas
1069 1974 1328 2043 excitent,

156 2069 488 2137 llostemque
529 2072 733 2135 partam
759 2064 929 2119 inisse
970 2064 1179 2120 foveam
1213 2066 1486 2122 noverint.

154 2159 277 2212 Ilaec
308 2157 437 2210 dum
467 2156 661 2210 beatus
688 2154 849 2209 miles
877 2154 1012 2227 Agni
1044 2155 1265 2210 disserit

150 2247 253 2312 Qui
284 2246 511 2299 militem
538 2259 632 2298 ore
663 2242 982 2314 proferebat
1011 2245 1221 2311 smculi,

149 2340 395 2394 Firmare
420 2339 594 2413 signis
625 2340 770 2395 dicta
801 2355 1061 2411 supremo
1093 2340 1237 2394 Patri

156 2432 361 2494 Placet,
394 2445 624 2485 corusco
658 2428 970 2502 fulgurante
996 2430 1234 2497 caelitus,

152 2521 527 2577 Illuminando
559 2519 956 2591 disputatorem
993 2536 1151 2573 suum

150 2611 275 2666 Mox
298 2610 618 2666 ccelicorum
650 2609 870 2664 visitatu
901 2609 1103 2664 civium

152 2701 409 2755 Gaudens
438 2698 675 2765 renidet,
710 2706 862 2753 veste
903 2698 1317 2769 praeclarissima

151 2792 491 2862 Juvenisque
522 2790 740 2864 fulgens
767 2792 1015 2846 osculum
1048 2790 1155 2845 fert
1186 2791 1455 2861 pollicens

154 2882 250 2936 Sui
275 2898 573 2952 perennem
614 2882 845 2955 gratiam
887 2882 1168 2937 consortii.

229 2974 354 3039 Zoe,
389 2972 674 3027 Nicostrati
708 2988 860 3037 uxor,
903 2972 957 3025 in
991 2972 1148 3040 cujus
1179 2972 1346 3026 domu

156 3072 267 3123 Ista
292 3077 346 3123 et
374 3073 639 3141 geruntur
667 3082 763 3122 ore
796 3082 888 3120 sex
916 3065 1101 3120 clauso
1130 3064 1299 3119 silens

154 3158 412 3214 Manebat
440 3157 598 3211 annis
628 3171 813 3227 pressa
842 3155 893 3209 vi
921 3153 1266 3228 aegritudinis
1300 3171 1312 3207 :

158 3250 291 3314 Quze
323 3254 511 3302 mente
537 3262 671 3301 sana
700 3246 831 3300 dum
849 3244 1088 3315 capessit
1108 3244 1276 3308 edita,
1514 3316 1515 3319 η

154 3341 339 3396 Tuens
369 3338 595 3409 superni
630 3344 836 3393 tantum
879 3337 1143 3391 honorem
1176 3334 1422 3402 luminis,

154 3431 386 3501 Stupore
416 3427 571 3483 tertis
603 3428 716 3497 (sic)
741 3427 1083 3498 exprobrans
1115 3441 1281 3480 manu
1310 3426 1493 3481 innuit

159 3519 318 3585 Quod
350 3524 455 3571 tam
488 3517 694 3589 patenti
727 3516 893 3571 corda
923 3530 1033 3571 non
1053 3515 1187 3569 dent
1217 3513 1407 3569 famini

162 3612 227 3665 Et
257 3610 513 3663 advoluta
535 3608 661 3679 quis
687 3608 830 3662 valet
854 3613 1007 3680 rogat
1046 3606 1212 3661 notis.

160 3701 543 3765 Sebastianus,
576 3706 633 3754 ut
658 3699 805 3770 capit
833 3698 1040 3753 silentii

160 3794 382 3859 Causas,
407 3812 433 3842 et
466 3793 598 3866 Ego,
626 3791 826 3863 inquit,
856 3806 1017 3844 verus
1045 3804 1169 3844 esse
1201 3788 1248 3843 si
1276 3788 1472 3860 probo,

159 3887 364 3941 Servus
381 3884 662 3950 Tonantis,
702 3898 829 3938 vera
868 3883 914 3937 si
946 3889 1073 3937 sunt
1098 3882 1285 3938 omnia

160 3983 202 4036 A
234 3998 321 4035 me
351 3982 542 4047 relata,
578 3982 695 4035 haac
715 3978 952 4034 credidit
981 3995 1103 4050 quae
1133 3977 1360 4044 femina,

160 4074 383 4130 Solutor
411 4074 531 4142 ejus
561 4075 737 4128 solvat
765 4088 860 4128 ora
879 4071 1170 4128 Zachariae.
1222 4094 1239 4120 ι

163 4169 441 4223 Exclamat
470 4169 572 4223 hac
598 4167 703 4222 sub
734 4182 867 4223 voce
897 4168 1000 4222 Zoe
1029 4166 1313 4241 gratulans

162 4260 465 4331 Gratesque
493 4275 744 4331 pangens
774 4274 839 4312 ac
872 4257 1185 4313 medentem
1227 4256 1534 4327 prmdicans

161 4353 379 4407 Vidisse
411 4358 615 4406 testans
644 4352 712 4406 ab
744 4351 1001 4420 supernis
1029 4350 1285 4425 angelum

158 4443 385 4497 Missum
416 4441 673 4497 volumen
712 4442 960 4496 attulisse
986 4442 1239 4497 ccelicum

158 4533 459 4604 Virumque
477 4548 648 4602 pansa
668 4531 965 4587 Iuminasse
1006 4532 1227 4606 pagina,

163 4627 255 4681 His
278 4627 580 4697 adstupens
601 4627 681 4681 vir
714 4628 833 4695 ejus
866 4627 1267 4699 indulgentiam

159 4717 408 4770 Astratus
436 4716 564 4770 almi
591 4716 798 4791 ﬂagitat
829 4716 1091 4791 vestigiis,

161 4804 360 4857 Christi
387 4804 619 4858 clientes
648 4804 797 4876 quod
827 4813 1109 4878 gravasset
1130 4802 1386 4869 nexibus,

160 4896 463 4967 Mariusque
490 4896 672 4951 baccis
702 4903 999 4967 occupatas
1020 4897 1287 4961 eximens,

164 4989 379 5061 Rogare
406 4994 628 5042 sanctos
668 4988 827 5042 liberi
854 4988 1179 5043 recederent

160 5078 294 5131 Sese
327 5078 547 5131 beatum
580 5084 636 5132 et
659 5077 997 5147 expiandum
1030 5091 1376 5147 prosequens

160 5167 367 5222 Horum
400 5182 620 5222 recessu
653 5168 699 5221 si
726 5174 1031 5222 mereretur
1069 5167 1199 5237 pati.

165 5279 185 5305 ι
220 5259 337 5322 Quo
367 5256 481 5325 fiet,
523 5259 677 5313 aiunt
717 5258 960 5329 expediti
994 5266 1282 5331 martyres,

159 5349 502 5406 Perfectione
532 5357 713 5406 vestra
740 5358 889 5406 tanta
910 5351 954 5405 si
990 5351 1126 5407 fides

158 5442 355 5513 Coepit,
390 5442 570 5497 velitis
600 5459 699 5513 pro
731 5444 996 5497 necandis
1027 5450 1083 5498 ut
1102 5445 1259 5512 mori,

157 5531 274 5595 Qua
304 5530 488 5585 fronte
521 5537 670 5585 tanto
695 5531 935 5586 roborati
970 5539 1216 5601 tempore

162 5623 468 5678 Prodemus
496 5622 751 5675 haustum
783 5622 1060 5691 passionis
1090 5625 1324 5692 propria:

161 5714 300 5769 Nam
332 5715 485 5787 larga
517 5713 713 5767 Christi
740 5719 954 5767 constat
981 5714 1261 5769 affluentia

1806 430 1857 494 Α
1884 423 2100 479 Potiora
2130 425 2384 496 praebens
2412 442 2573 497 quam
2602 433 2822 500 rogatur
2856 441 3087 480 munera

1883 517 1982 582 Qui
2013 526 2119 573 tam
2154 536 2413 591 supremo
2445 537 2542 575 vos
2572 522 2812 576 nitentes
2839 520 3082 576 culmine

1882 611 2243 667 Perfectionis
2275 612 2440 666 addet
2470 612 2787 667 eminentia.
2827 632 2850 662 ο

1882 700 2006 754 Haec
2035 709 2200 772 atque
2233 700 2387 770 plura
2418 700 2545 753 dum
2579 700 2865 769 profantur
2896 698 3083 768 inclyti

1880 792 2109 857 Fratres,
2144 799 2399 863 parentes
2436 802 2598 862 atque
2621 792 2778 845 amici
2799 790 3020 861 perfidae

1882 887 2251 943 Persuasionis
2277 887 2459 941 flendo
2500 886 2924 956 paenitudinem,

1878 980 2039 1045 Parti,
2067 980 2200 1054 jugo
2242 994 2460 1048 coepere
2493 978 2685 1033 Christi
2712 994 2963 1050 promere
2997 995 3010 1031 :

1876 1068 1992 1122 Sibi
2021 1076 2209 1123 sancta
2247 1068 2386 1122 tradi
2416 1084 2611 1142 urgere
2642 1066 3050 1139 primiscrinius
3086 1109 3101 1135 ,

1876 1161 2233 1216 Sebastianus
2259 1162 2406 1215 hunc
2438 1160 2687 1214 redactos
2726 1158 2961 1213 vinculis

1875 1250 2041 1307 Jubet
2069 1266 2319 1325 gregare,
2350 1249 2513 1303 simul
2546 1254 2840 1318 capessant
2870 1246 3120 1317 mystica,

1880 1339 2107 1409 Stupere
2136 1339 2474 1394 Nicostratus
2504 1344 2561 1392 ut
2591 1336 2833 1391 restibus

1878 1431 2056 1486 Pressi
2088 1430 2278 1485 subire
2305 1446 2455 1485 sacra
2481 1428 2696 1500 possint
2728 1427 2935 1492 munia,

1875 1526 2029 1597 Capit
2059 1542 2314 1597 supernae
2343 1524 2626 1599 dignitatis
2657 1523 2947 1594 praesulem

1874 1618 1977 1673 Pro
2008 1618 2309 1671 liberandis
2340 1624 2513 1672 morte
2546 1615 2928 1686 peccatoribus

1874 1710 2177 1766 Mortalium
2210 1725 2270 1763 se
2301 1709 2598 1765 contulisse
2630 1707 2912 1763 obtutibus
2945 1725 2959 1773 ;

1798 1802 1846 1869 Β
1871 1800 1928 1854 Id
1963 1799 2251 1853 tradidisse
2282 1798 2522 1853 credulis
2543 1796 2862 1867 mysterium

1875 1891 2055 1945 Funes
2078 1889 2281 1945 resolvi
2313 1904 2422 1960 quo
2447 1889 2693 1943 valerent
2720 1887 3033 1941 criminum.

1874 1982 2031 2037 Paret
2060 1996 2276 2036 reorum
2304 1981 2564 2036 obsessor
2590 1995 2785 2034 omnes
2814 1992 3141 2052 aggregans,

1874 2075 2018 2139 Quos
2057 2074 2325 2127 allocutus
2356 2071 2513 2126 miles
2542 2072 2719 2125 almus
2748 2068 2959 2125 invenit

1874 2164 2164 2233 Promptos
2187 2162 2429 2232 supremi
2461 2161 2711 2216 servituti
2744 2159 3028 2230 principis.

1876 2253 2207 2323 Polycarpus
2228 2250 2428 2305 exhinc
2454 2250 2750 2305 advocatus
2782 2248 3070 2318 presbyter

1875 2344 2085 2399 Gaudet
2115 2343 2322 2398 tuendo
2352 2342 2502 2398 lucra
2532 2342 2707 2396 divini
2741 2341 2924 2397 horrei

1877 2439 2222 2509 Hortansque
2244 2437 2386 2492 divis
2415 2438 2615 2492 imbuit
2633 2436 2939 2507 profatibus

1877 2528 2030 2583 Casto
2056 2528 2353 2583 sacrandos
2384 2534 2717 2598 praestruens
2733 2524 2969 2594 jejunio.

1878 2617 1999 2672 Haec
2024 2632 2156 2691 ergo
2193 2616 2529 2672 Nicostratus
2558 2622 2616 2670 ut
2646 2615 2747 2670 fert
2773 2613 2961 2670 omnia

1879 2707 2088 2761 Patrata
2128 2705 2621 2761 Commentariensi
2641 2704 2865 2758 Claudio

1876 2799 1995 2854 Mox
2024 2798 2116 2852 ille
2145 2805 2358 2872 gnatos,
2392 2806 2545 2868 peste
2574 2797 2724 2851 varia
2754 2794 3067 2867 languidos,

1879 2888 2119 2952 Quorum
2152 2886 2325 2942 fluore
2347 2893 2538 2941 venter
2563 2902 2735 2940 unum
2767 2884 3067 2956 turgidum,

1879 2972 2161 3047 Frequens
2184 2977 2464 3047 leprosum
2506 2974 2637 3031 fecit
2666 2974 2821 3029 ulcus
2850 2972 3107 3037 alterum,

1885 3068 2140 3139 Adducit,
2172 3068 2283 3123 imo
2313 3083 2374 3122 se
2396 3065 2562 3121 fidem
2587 3067 2690 3121 sub
2711 3072 2933 3137 pectore

1802 3186 1851 3254 ρ
1887 3165 2096 3219 Tenere
2128 3164 2329 3234 fassus,
2371 3164 2613 3219 Christus
2642 3164 2838 3219 horum
2868 3162 3042 3237 gloria

1880 3256 2034 3322 Quod
2065 3256 2389 3309 imminente
2413 3254 2604 3309 mortis
2626 3270 2656 3307 a
2682 3253 2929 3324 periculo

1883 3346 2153 3401 Restituet
2182 3345 2307 3400 illos
2333 3345 2567 3399 sanitate
2597 3343 2830 3397 reddita.

1881 3437 2027 3502 Quos
2048 3437 2177 3491 dum
2220 3436 2413 3489 beatus
2435 3435 2585 3489 fonte
2616 3434 2948 3505 Polycarpus
2978 3450 3136 3489 sacro

1884 3526 2085 3602 Tingit,
2119 3526 2367 3580 residunt
2392 3523 2542 3578 nulla
2569 3522 2749 3578 morbi
2777 3523 3049 3595 stigmata.

3376 297 3484 353 7οΞ

1886 3620 2029 3675 Felix
2062 3625 2321 3674 notantur
2358 3625 2524 3689 atque
2554 3614 2751 3669 Felicis
2780 3614 2943 3668 simul
2975 3615 3034 3685 [f.
3083 3614 3498 3685 Felicissimus],

1886 3708 2185 3764 Feliciores
2206 3709 2317 3776 jam
2349 3706 2462 3778 pati
2489 3704 2836 3777 parentibus,

1885 3800 2013 3855 Post
2036 3798 2167 3853 inde
2185 3794 2595 3869 Tranquillinus
2625 3809 2772 3866 aeger
2793 3790 3042 3857 artubus,

1884 3887 2217 3944 Marcelliani
2245 3887 2429 3943 fratris
2457 3894 2621 3957 atque
2661 3889 2932 3955 prosator,

1884 3982 2019 4036 Dum
2056 3996 2116 4036 se
2147 3978 2346 4033 fatetur
2372 3978 2538 4034 corde
2572 3992 2711 4049 puro
2739 3974 2967 4031 credere

1880 4078 1941 4131 Et
1968 4083 2094 4148 post
2124 4074 2395 4128 lavacrum
2417 4072 2462 4126 si
2496 4070 2627 4136 luet,
2648 4085 2759 4124 non
2788 4067 3028 4132 desinat,

1885 4165 2030 4219 Litus
2056 4169 2268 4218 sacrato
2296 4160 2596 4232 sospitatur
2615 4158 2897 4231 unguine;

1884 4256 2045 4310 Liber
2070 4255 2261 4309 dolore
2290 4250 2587 4323 podagrico
2617 4266 2682 4304 ac
2711 4247 3039 4320 chiragrico,

1888 4346 1953 4401 Ut
1989 4343 2271 4399 absolutus
2290 4348 2482 4414 stagna
2520 4342 2661 4394 saltu
2692 4339 3038 4409 irrumperet,

1887 4438 2085 4492 Verum
2108 4436 2392 4498 invocans,
2425 4448 2588 4504 quem
2620 4431 2859 4485 mundus
2888 4431 3125 4503 ignorat,
3153 4431 3345 4484 Deum.

1796 4508 1849 4574 ί)
1955 4530 2084 4584 Post
2114 4529 2260 4582 hunc
2291 4525 2453 4581 amici
2484 4524 2771 4579 diluuntur
2798 4523 3092 4596 pignorum
3133 4539 3146 4576 :

1889 4621 2325 4687 Crescentianus,
2348 4620 2557 4685 Justus,
2596 4617 2848 4673 Urbanus
2878 4632 3124 4688 quoque,

1887 4710 2099 4778 Vitalis,
2134 4708 2528 4780 Euthycianus,
2559 4713 2719 4762 aucto
2742 4705 2993 4760 Aristone
3027 4722 3043 4772 ;

1888 4800 2099 4856 Deinde
2128 4800 2469 4854 Nicostratus
2490 4804 2545 4852 et
2566 4794 2861 4861 Castorius,

1886 4892 2256 4964 Sequiturque
2297 4888 2820 4947 Commentariensis
2848 4886 3126 4943 Claudius.

1885 4988 1989 5043 Zoe
2029 4987 2230 5042 dehinc
2258 4992 2313 5039 et
2338 4986 2708 5057 Symphorosa
2742 4999 2805 5038 ac
2833 4981 3038 5043 Martia,

1884 5078 2312 5135 Vernaculorum
2337 5085 2393 5131 et
2413 5076 2572 5131 turba
2603 5073 2981 5146 primiscrinii,

1887 5172 2018 5227 Cum
2045 5167 2303 5225 earcerali
2334 5168 2403 5222 de
2432 5167 2612 5242 rigore
2642 5166 2835 5221 liberis

1888 5263 2088 5318 Omnes
2127 5260 2383 5332 quaterni
2416 5259 2603 5313 decies
2640 5265 2807 5329 atque
2834 5257 3041 5328 septies

1889 5356 1984 5411 Pio
2011 5353 2208 5409 sacrati
2240 5352 2390 5407 fonte
2415 5349 2612 5405 Christi
2644 5351 2699 5405 in
2727 5348 3005 5404 laudibus.

1890 5448 2086 5503 Noctes
2116 5445 2314 5501 diebus
2344 5444 2669 5515 c0pulantes
2700 5441 2973 5498 ambiunt.

1892 5542 2054 5596 Ferro
2084 5553 2338 5611 supernae
2368 5535 2681 5592 consecrari
2716 5535 2881 5591 curiae

1894 5632 2181 5688 Dilationis
2223 5630 2480 5702 expedito
2508 5636 2781 5701 tempore,

1891 5721 2130 5777 Vocante
2156 5719 2566 5793 Tranquillinus
2594 5723 2651 5773 et
2672 5715 3001 5777 Chromatio,
