3972 6208
460 286 567 345 703
1179 283 1546 339 FLODOARDI
1588 281 1889 337 CANONlCl
1932 278 2263 336 REMENSIS
2303 274 2639 334 OPUSCULA
2679 269 2989 327 METRICA.

464 414 653 470 Grates
673 412 987 483 rependens
1025 408 1257 463 redditis
1283 422 1383 479 pro
1408 408 1618 473 liberis,

467 505 677 571 Quibus
702 502 895 558 astruit
924 517 982 557 se
1013 501 1313 565 redditum,
1346 500 1498 570 ipsos
1522 506 1578 553 et
1599 499 1729 566 sibi,

466 590 853 666 Adgandethis
880 589 1171 661 praefectus
1196 596 1250 643 et
1271 589 1448 643 ferant
1472 588 1631 657 jubet

467 686 561 740 Dis
588 685 767 751 thura,
796 682 893 738 sed
926 682 1120 738 Christi
1151 682 1306 737 audit
1333 689 1392 737 ut
1415 680 1711 752 praeconia,

468 774 677 830 Clamat
704 773 988 829 subactum
1017 772 1315 828 liberorum
1356 771 1586 827 insaniae

469 867 664 922 Errore
684 872 906 936 captum
938 865 1084 920 haud
1124 865 1336 919 eruisse
1364 863 1666 919 erroribus.

471 957 535 1011 At
563 955 663 1010 iste
697 954 831 1026 quid
870 954 939 1007 sit
959 969 1115 1008 error
1142 954 1392 1024 apprime
1424 952 1728 1023 explicans,

471 1044 639 1110 Quam
662 1044 864 1119 dogma
894 1052 1141 1099 nostrum
1174 1059 1361 1099 errore
1386 1044 1458 1099 sit
1496 1043 1834 1097 liberrimum

471 1137 703 1192 Ratione
734 1136 870 1191 lucis
901 1142 1019 1191 orat
1047 1135 1424 1191 invictissime.

471 1231 564 1283 Ast
593 1228 686 1300 qui
718 1228 1025 1298 triumphos
1056 1227 1321 1281 destinavi
1353 1227 1561 1297 percito

475 1324 705 1397 Signare
727 1338 888 1377 curru
912 1322 1122 1378 fervido
1140 1338 1237 1376 axe
1264 1321 1504 1386 volvere,

475 1415 673 1471 Omitto
703 1422 758 1470 et
788 1415 890 1469 ista
919 1416 1282 1480 transvolans,
1323 1420 1375 1468 et
1406 1413 1661 1484 plurima.

475 1503 770 1558 Praefectus
791 1503 941 1557 illum
974 1503 1219 1557 sessione
1243 1502 1490 1573 proxima

478 1594 900 1651 Utaudiendum
933 1594 1199 1649 dimoveri
1232 1595 1517 1665 postulans

477 1691 762 1763 Noctuque
784 1690 1011 1745 mittens
1040 1691 1271 1744 advocat
1299 1689 1591 1754 secretius,

479 1782 723 1854 Aurique
753 1797 953 1857 magna
974 1780 1317 1853 prmferendo
1346 1780 1595 1851 pondera

486 1873 631 1928 Petit
659 1872 870 1928 revelet
901 1872 1026 1944 quis
1055 1872 1203 1946 viget
1230 1870 1600 1925 medicamina

484 1964 606 2035 Ipse
632 1969 691 2017 ut
711 1962 901 2017 salutis
924 1963 1011 2017 his
1030 1967 1269 2017 resumat
1289 1960 1506 2016 robora.

483 2073 509 2105 α
544 2051 714 2115 Scito,
746 2051 924 2122 inquit
952 2049 1076 2116 iste,
1110 2050 1204 2104 Dei
1236 2049 1475 2105 furorem
1509 2047 1722 2120 perpeti

490 2143 685 2199 Christi
715 2150 971 2214 putantes
1000 2142 1359 2197 nundinalem
1391 2142 1643 2215 gratiam,

486 2234 618 2289 Fide
649 2234 829 2305 parari
855 2249 979 2305 quae
1001 2235 1167 2300 valet,
1200 2249 1309 2289 non
1335 2234 1536 2304 obryzo
1574 2250 1587 2299 ;

488 2321 689 2378 Credas
715 2324 881 2380 modo
903 2323 1055 2379 illum
1082 2322 1334 2378 sanitatis
1365 2321 1674 2393 praesulem,

487 2419 620 2474 Vita
638 2419 907 2485 datorem,
936 2418 1213 2489 sospitatis
1235 2415 1533 2488 praeficem,

491 2509 739 2564 Gaudere
768 2509 953 2581 quibis
981 2508 1193 2582 integra
1222 2524 1346 2564 cum
1377 2507 1581 2582 gaudio

493 2599 677 2655 Salute
707 2600 912 2655 mentis
940 2600 1220 2673 gratulans
1250 2607 1304 2653 et
1332 2598 1598 2669 corporis.
1632 2617 1658 2648 n

495 2689 671 2745 Judex
694 2689 763 2743 ad
795 2689 897 2745 ista
928 2690 1129 2760 pandat
1154 2690 1304 2743 hunc
1332 2686 1538 2761 ﬂagitat

496 2778 612 2842 Quo
644 2777 983 2833 Christianus
1004 2778 1054 2831 vi
1074 2778 1265 2831 salutis
1288 2775 1542 2849 gaudeat.

499 2886 530 2917 ι
559 2866 792 2933 Possim,
824 2865 1024 2937 inquit,
1049 2866 1166 2935 ipse
1203 2864 1542 2919 Christianus
1571 2862 1776 2935 degere

498 2960 835 3017 Utsanitatis
865 2960 1130 3015 nuntiarit
1154 2959 1374 3033 gaudia.
1410 2978 1434 3009 ι)

497 3051 855 3122 Polycarpum
886 3056 941 3104 at
968 3048 1061 3104 ille
1086 3048 1231 3104 dicta
1262 3055 1315 3102 et
1345 3053 1465 3101 acta
1492 3045 1757 3119 digerens

497 3143 635 3197 Ante
655 3157 751 3196 ora
779 3156 967 3196 secum
1000 3140 1232 3212 proripit
1263 3138 1578 3206 Chromatii,

500 3236 743 3293 Medium
772 3236 1043 3293 bonorum
1077 3237 1164 3292 cui
1194 3236 1386 3292 salutis
1406 3250 1647 3291 munere‘

504 3329 805 3385 Praefectus
831 3327 1009 3395 offert,
1037 3346 1255 3385 ccenum
1284 3336 1343 3384 ut
1374 3329 1474 3383 iste
1502 3326 1735 3398 respuit,

506 3422 779 3478 Christum
811 3421 1105 3479 colendum
1134 3422 1414 3494 sospitatis
1445 3420 1639 3475 fenore

505 3515 667 3571 Modo
698 3514 802 3569 hac
832 3514 1066 3569 salutem
1099 3530 1283 3569 merce
1315 3512 1552 3568 dandam
1572 3510 1897 3582 praedicans.

505 3608 675 3665 Struit
704 3608 976 3666 faventem
1008 3625 1073 3665 ac
1101 3608 1335 3680 imperat
1365 3606 1659 3679 jejunium,

506 3705 618 3759 Nec
635 3702 825 3779 segnis
854 3703 1049 3773 implet
1069 3701 1217 3772 quod
1248 3699 1493 3753 flendum
1524 3700 1850 3769 praemonet,

507 3793 831 3849 Sebastiano
861 3791 1029 3847 fultus
1051 3790 1254 3860 inclyte
1284 3789 1426 3843 duce
1456 3804 1469 3841 :

510 3887 621 3942 Hoc
640 3886 764 3956 jure
792 3894 1082 3958 postquam
1112 3884 1440 3938 dedicarunt
1463 3882 1728 3947 triduum,

511 3978 950 4034 Commilitonem
980 3975 1203 4031 visitare
1241 3982 1377 4029 eunt
1402 3989 1607 4030 novum
1643 3990 1657 4039 ;

512 4067 667 4123 Hunc
695 4067 1054 4122 sustinentem
1076 4065 1205 4119 dum
1231 4064 1472 4119 salutant
1495 4069 1715 4118 actuum

513 4156 700 4211 Fidem
730 4154 915 4226 vigere
940 4154 1053 4222 jam
1086 4152 1346 4207 medullis
1375 4152 1635 4207 hauriunt
1660 4169 1673 4205 :

515 4245 718 4311 Poscit,
747 4250 1031 4316 parentem
1060 4259 1161 4300 ceu
1193 4242 1411 4314 piorum
1434 4246 1746 4309 erexerant,

513 4336 830 4393 Nodositate
859 4351 920 4391 se
953 4334 1230 4391 resolvant
1248 4342 1463 4389 artuum
1506 4353 1524 4400 ;

513 4429 837 4486 lllidolores
873 4429 1243 4500 sempiternos
1271 4426 1568 4499 praeferunt

518 4522 853 4580 Crudelitate
883 4521 1249 4577 terminandis
1279 4520 1536 4593 impares,

519 4619 627 4676 Eos
655 4617 954 4684 timendos,
994 4615 1387 4689 pracavendos
1416 4614 1718 4670 admonent
1742 4629 1756 4666 :

523 4706 713 4764 Charis
724 4706 958 4762 salutem
978 4704 1401 4777 competendam
1432 4707 1742 4774 perpetem.

521 4802 837 4870 Praefectus,
870 4810 931 4857 ut
950 4816 1071 4857 mos
1098 4808 1184 4856 est
1212 4797 1518 4863 sacrandis,
1551 4797 1778 4852 unicum

520 4897 621 4952 Dat
651 4910 879 4962 nomen,
910 4909 1120 4970 augens
1140 4890 1312 4946 ﬁlium
1342 4888 1668 4945 Tiburtium.

522 4987 880 5046 Sebastianus
906 4995 1095 5043 sancta
1123 4990 1311 5040 sancte
1337 4982 1557 5038 tradere

524 5082 728 5136 Doctus
755 5064 951 5133 salutis
989 5073 1295 5147 corporalis
1335 5076 1644 5146 praemonet

525 5171 726 5228 Subire
746 5185 902 5225 sacra
925 5184 996 5224 ne
1027 5173 1178 5240 petat
1193 5165 1359 5222 modo
1372 5165 1565 5241 gratia,

526 5263 661 5318 Vitae
687 5258 950 5332 perennis
971 5256 1138 5314 corde
1167 5255 1302 5328 quin
1332 5270 1489 5326 spem
1520 5251 1745 5326 colligat

525 5355 877 5423 Mentemque
902 5365 1107 5415 veram,
1139 5347 1185 5402 si
1214 5347 1448 5402 salutem
1467 5342 1681 5416 diligat,

524 5450 604 5505 Ad
633 5445 907 5504 visionem
929 5441 1174 5497 veritatis
1192 5440 1391 5496 excitet
1434 5455 1449 5504 ;

525 5540 660 5607 Quis
686 5537 759 5593 sit
795 5540 1008 5590 creator
1043 5533 1287 5590 omnium
1317 5529 1427 5585 ﬁde
1455 5527 1677 5600 probet,

529 5632 751 5689 Cultore
779 5642 1001 5697 semper
1029 5625 1266 5699 gaudeat
1294 5624 1386 5695 qui
1415 5621 1668 5692 simplice
1700 5636 1715 5672 :

529 5721 741 5792 Vulgus
780 5718 1009 5771 deorum
1034 5716 1124 5771 vel
1150 5716 1377 5771 dearum
1409 5713 1667 5783 reprobat.

2108 407 2158 477 Α
2188 404 2420 479 Frangat
2445 400 2652 475 ﬁguras
2682 412 2820 470 quas
2850 393 3070 451 colebat
3098 391 3296 447 ﬁctiles
3324 406 3341 456 ;

2186 497 2297 551 Nec
2325 509 2491 567 posse
2521 492 2675 548 fonte
2703 486 3016 545 sanctitatis
3054 484 3205 539 ablui

2185 586 2356 640 Secus
2383 582 2491 638 nisi
2507 595 2705 637 omnes
2729 577 3004 633 idolorum
3036 573 3272 646 nugulas

2185 677 2341 731 Prius
2370 672 2661 739 abdicarit,
2690 678 2875 743 strage
2907 681 3143 739 quorum
3169 664 3385 720 sanitas

2184 765 2565 837 Redintegrari
2594 763 2839 820 sauciato
2862 758 3085 815 debeat.

2186 857 2351 923 Queis
2378 861 2659 910 annuente
2690 859 2745 907 et
2766 849 3026 905 vernulas
3050 846 3368 903 Chromatio

2184 949 2263 1004 Ad
2282 949 2397 1003 haec
2420 946 2673 1017 jubente,
2697 958 2810 999 non
2844 942 3035 997 sinunt
3073 937 3385 994 doctissimi

2187 1046 2363 1100 Duces
2390 1043 2625 1098 inertem
2656 1041 2763 1096 hoc
2791 1036 2984 1109 prmlio
3006 1049 3227 1089 manum
3256 1032 3379 1087 dari
3416 1049 3432 1097 ;

2189 1133 2341 1189 Bello
2370 1132 2628 1204 supernis
2654 1130 2767 1184 imo
2788 1127 2888 1183 tuti
2920 1125 3206 1198 principes

2192 1223 2497 1295 Cinguntur
2523 1219 2710 1285 armis,
2742 1233 2884 1272 vana
2915 1214 3095 1269 adorti
3129 1213 3414 1267 schemata

2192 1316 2410 1379 Rotare,
2437 1314 2623 1369 divum
2649 1326 2775 1365 mox
2808 1310 3050 1363 ducenta
3080 1306 3165 1361 vel
3186 1304 3432 1375 amplius

2192 1404 2476 1477 Figmenta
2494 1400 2659 1455 larvis
2682 1398 2950 1453 fabricata
2990 1401 3287 1450 conterunt
3320 1410 3335 1457 ;

2190 1491 2353 1557 Queis
2371 1488 2727 1545 comminutis
2753 1485 2957 1557 gratias
2986 1484 3097 1537 Deo
3127 1481 3328 1536 ferunt.

2191 1581 2363 1636 Dilata
2388 1577 2584 1633 suadet
2614 1591 2745 1631 cura
2781 1572 3103 1647 diligentius

2191 1673 2345 1727 llunc
2379 1666 2663 1733 sciscitari,
2697 1664 2942 1737 pressius
2982 1663 3129 1716 hunc
3161 1658 3391 1715 discuti.

2192 1764 2331 1831 Quid
2356 1768 2541 1817 mente
2571 1765 2768 1833 gestet,
2802 1758 2848 1812 si
2880 1772 2988 1829 qua
3016 1756 3103 1810 vel
3133 1752 3452 1809 resederint

2194 1855 2369 1910 lllaesa
2393 1856 2637 1908 monstra
2666 1848 3013 1904 turbidorum
3039 1844 3352 1908 numinum,

2201 1947 2448 2003 Dubiove
2478 1942 2646 1999 corde
2676 1942 3031 1996 subnotatum
3071 1935 3401 2007 scrupulum

2203 2036 2522 2093 Adulterina
2542 2032 2736 2105 pandit
2760 2031 2855 2086 ille
2873 2028 3185 2084 machinam

2204 2129 2375 2184 Vitrei
2404 2126 2604 2183 cubilis
2634 2129 2750 2179 arte
2788 2121 2990 2178 cultam
3026 2119 3240 2183 ccelica,

2201 2225 2564 2279 Portentuoso
2592 2220 2755 2293 signa
2783 2217 3004 2271 dantem
3036 2213 3331 2288 aenigmate
3367 2226 3385 2279 ;

2201 2317 2240 2371 Α
2270 2322 2424 2387 patre
2456 2313 2614 2384 plura
2640 2310 2862 2366 fabricae
2890 2308 3055 2376 hujus
3084 2305 3336 2377 pondera

2200 2407 2329 2463 Auri
2355 2406 2508 2461 litata
2538 2402 2784 2459 nil‘domi
2817 2415 2943 2455 esse
2973 2398 3193 2454 charius

2201 2495 2505 2552 Monstrant
2535 2493 2801 2549 docentes
2832 2490 2890 2545 id
2915 2487 3113 2544 salutis
3141 2485 3405 2542 aemulum

2202 2588 2288 2643 Nil
2316 2604 2439 2644 esse
2468 2586 2663 2653 fidum,
2691 2582 3016 2641 autveritati
3038 2596 3348 2637 consonum

2204 2681 2489 2755 Figmenta
2517 2681 2687 2737 vafris
2708 2694 2852 2735 caeca
2882 2676 3045 2750 nugis
3073 2675 3296 2730 volvere
3329 2690 3343 2727 :

2213 2779 2299 2833 Nil
2329 2775 2604 2849 puritatis,
2637 2774 2713 2829 nil
2741 2770 3041 2849 juvaminis
3074 2768 3261 2833 cdere,

2214 2866 2565 2937 Probantque
2595 2841 2751 2919 clara
2771 2862 2895 2916 luce
2923 2841 3035 2914 divi
3062 2855 3311 2911 muneris

2214 2962 2296 3017 Nil
2325 2958 2572 3017 veritatis
2603 2957 2689 3012 his
2718 2957 2891 3010 latere
2919 2949 3224 3008 muechicis.

2216 3056 2411 3125 Stupet
2439 3056 2644 3107 retecta
2674 3049 2798 3104 luce
2823 3062 2952 3102 vere
2977 3041 3300 3117 languidus,

2138 3099 2189 3170 Ο
3068 3099 3354 3203 praedicat.

2212 3234 2313 3298 Qui
2343 3240 2452 3286 tam
2482 3244 2682 3284 serena
2711 3227 2836 3281 luce
2867 3238 3058 3279 servos
3086 3219 3329 3285 evibrat,

2212 3322 2484 3392 Favetque
2513 3317 2734 3372 demum
2755 3311 3069 3386 confragosi
3096 3307 3346 3363 numinis

2210 3410 2405 3465 Subire
2429 3407 2651 3471 damna,
2680 3399 2930 3456 salutatis
2961 3412 3141 3452 arcem
3173 3393 3417 3465 duplicis

2211 3507 2300 3561 Sic
2324 3500 2693 3575 appetendam
2728 3495 3003 3552 confitens
3032 3508 3094 3546 se
3124 3490 3377 3546 credere.

2224 3594 2458 3667 EXponit
2481 3606 2611 3662 ergo
2641 3590 2688 3645 si
2712 3586 2845 3661 quid
2877 3582 3140 3640 ornandae
3167 3581 3369 3636 domus

2226 3687 2382 3760 Signi
2413 3682 2604 3739 residit
2632 3677 2870 3753 gemmei
2898 3691 2997 3730 seu
3027 3672 3189 3728 vitrei
3217 3689 3235 3737 ;

2226 3773 2454 3846 Fragilis
2482 3767 2690 3825 metalli
2722 3766 2854 3821 dum
2884 3769 3139 3818 teruntur
3167 3763 3491 3823 stemmata,

2224 3862 2516 3922 Chrom'atii
2547 3876 2606 3916 se
2636 3856 2935 3931 praeferens
2963 3850 3250 3909 obtutibus

2221 3954 2446 4012 Juvenis
2473 3963 2702 4007 corusco
2732 3943 2991 4017 splendet
3025 3955 3122 3995 ore
3150 3937 3449 4003 ﬂammeis,

2224 4051 2450 4106 Missum
2483 4056 2805 4102 asseverans
2841 4053 2903 4092 se
2944 4034 3207 4107 supernis
3230 4033 3465 4089 sedibus

2225 4144 2265 4198 A
2297 4158 2429 4216 rege
2456 4138 2669 4195 Christo
2701 4135 3023 4207 sospitatcm
3062 4129 3306 4186 vividam

2229 4230 2510 4288 Credentis
2534 4227 2700 4302 aegris
2724 4232 2782 4280 ut
2817 4222 3075 4279 refundat
3100 4217 3355 4281 artubus,

2231 4326 2308 4381 Ad
2340 4326 2460 4380 haec
2479 4322 2704 4395 vigente
2726 4333 2897 4372 sanus
2927 4312 3077 4371 omni
3108 4322 3342 4380 corpore

2232 4414 2532 4473 Praefectus
2561 4410 2738 4466 audax
2770 4415 2895 4479 post
2924 4402 3247 4459 medentem
3276 4411 3527 4461 currere,

2240 4512 2474 4569 C(eleste
2510 4519 2713 4577 corpus
2744 4501 3028 4558 inhibetur
3056 4504 3286 4570 tangere
3315 4511 3330 4560 ;

2237 4602 2546 4663 Sebastiani
2576 4599 2676 4656 sed
2699 4604 2897 4653 tenens
2927 4591 3167 4665 vestigia

2236 4698 2455 4753 Fatetur
2482 4706 2607 4747 esse
2636 4688 2787 4745 celsa
2819 4682 3017 4740 Christi
3050 4678 3317 4744 culmina,

2236 4794 2425 4849 Solum
2450 4790 2601 4844 hunc
2630 4781 2921 4840 colendum
2954 4776 3217 4848 praedicat
3234 4770 3542 4833 Tiburtius,

2234 4885 2402 4942 Paulo
2432 4888 2562 4937 ante
2591 4882 2812 4934 sanctos
2840 4871 3126 4928 destinans
3157 4864 3505 4925 fornacibus,

2239 4978 2599 5036 Sebastianus
2623 4969 2824 5028 Christi
2847 4964 3110 5022 alendum
3141 4958 3390 5034 tegmine

2240 5068 2489 5143 Spoliare
2522 5062 2732 5119 mundo
2751 5056 2944 5131 deligit
2967 5049 3370 5109 Chromatium.

2244 5158 2562 5228 Suadetque
2590 5162 2908 5208 successore
2938 5145 3097 5199 laetus
3126 5147 3286 5197 exeat

2245 5254 2429 5312 Mundi
2454 5247 2816 5320 occupatione
2850 5260 2865 5310 ;
2890 5236 3260 5312 poscitgratia

2247 5353 2359 5407 Deo
2387 5342 2619 5404 vacandi
2650 5339 2817 5395 rebus
2846 5332 3110 5389 arbitrum
3140 5324 3377 5382 urbicis.

2250 5439 2438 5497 Fidem
2470 5439 2712 5507 rogatus,
2742 5441 2876 5481 voce
2909 5419 3104 5494 pandit
3132 5417 3308 5471 libera

2244 5526 2602 5585 Abominatus
2632 5517 2797 5575 corde
2817 5512 3003 5569 celsus
3036 5509 3187 5565 idola
3213 5526 3231 5574 ;

2245 5619 2481 5675 Scitatus
2510 5628 2579 5667 an
2610 5611 2836 5681 peccata
2858 5606 3058 5658 cuncta
3095 5598 3321 5653 deserat

2248 5711 2511 5765 Camatur
2535 5702 2627 5758 hic
2655 5713 2767 5755 non
2799 5691 3075 5765 proditum
3105 5687 3213 5743 sibi
3243 5690 3428 5749 antea,

3746 259 3846 315 704
