3972 6208
135 270 252 326 705
766 272 846 325 DE
886 235 1141 328 CHHISTI
1183 276 1542 332 TRIUMPHIS
1583 279 1754 335 APUD
1796 280 2061 337 lTALlAM
2105 284 2280 340 LIBRI
2323 285 2457 343 XIV.
2501 320 2566 329 -—
2611 290 2733 347 LIB.
2778 292 2862 349 Vl.

135 399 345 453 Rerum
377 405 505 453 ante
533 400 712 454 nodos
742 401 1092 472 dissipandos
1119 420 1390 474 asserens,

135 490 286 543 Iram
320 490 552 543 merenti
583 497 638 544 ut
666 500 886 560 praestet
916 493 1335 566 indulgentiam,

134 581 236 636 Om
249 583 302 636 ni
343 583 544 637 relaxet
567 582 803 640 debitori
837 586 1076 652 credita;

132 673 434 730 Grassante
465 675 509 729 si
544 675 680 746 quid
706 676 932 732 abstulit
957 678 1240 749 cupidine,

127 763 292 819 Juste
323 780 620 836 repensum
652 782 777 822 mox
806 767 1069 823 reformet
1096 769 1328 842 integre.

129 859 206 913 Se
243 860 593 928 concubinis,
626 878 685 917 se
713 863 937 918 resolvit
975 865 1239 933 vernulis,

132 951 479 1006 Renuntiare
509 953 640 1008 libet
670 961 730 1009 ut
769 963 934 1026 queat
960 956 1194 1026 probris.

127 1045 367 1101 Juvenis
397 1047 589 1102 beatus
623 1058 677 1104 et
716 1051 918 1104 decens
947 1051 1228 1107 Tiburtius

130 1159 159 1188 ι
208 1138 618 1194 Renuntiandis
649 1141 715 1206 si,
748 1151 922 1212 pater,
956 1144 1194 1216 negotiis

127 1229 304 1293 Queis
334 1230 584 1304 obligare
615 1232 716 1286 rite
746 1240 968 1303 tempus
999 1233 1234 1305 flagitas,

126 1322 245 1396 Ego
279 1322 670 1392 implicandus,
694 1325 780 1378 his
799 1324 1088 1380 libidinem
1119 1343 1261 1400 nego

127 1416 524 1487 Susceptionis
552 1421 1033 1490 exsequendorum
1065 1430 1310 1490 actuum,

128 1507 195 1562 Ut
235 1509 542 1564 advocatus
573 1511 890 1567 C(elicorum
933 1525 1296 1588 pragmatum,

125 1599 248 1654 Non
284 1607 614 1669 terreorum,
657 1604 848 1657 tradar
873 1605 1013 1660 aulze
1043 1607 1307 1662 coalitum.

127 1690 468 1748 Sebastiano
501 1693 647 1748 hunc
685 1695 966 1751 vinciente
997 1697 1364 1767 amplexibus,

126 1782 469 1854 Polycarpus
507 1785 668 1840 almis
696 1785 896 1841 imbuit
918 1787 1256 1859 liquoribus;

128 1872 296 1927 Pater
326 1889 545 1930 morosa
570 1891 673 1931 nec
705 1877 972 1933 retricans
1001 1885 1271 1950 tempora,

127 1961 319 2016 Mundi
347 1962 621 2020 abdicatis
645 1965 858 2039 integre
891 1968 1146 2041 negotiis,

128 2055 426 2112 Hominem
458 2065 697 2114 veternze
720 2076 779 2114 se
809 2076 1018 2116 exuens
1048 2063 1366 2138 ferruginis,

126 2143 338 2198 Novum
385 2144 569 2201 induit
595 2148 836 2203 candore
863 2149 1064 2205 ﬂorens
1087 2151 1259 2208 lacteo

128 2233 260 2289 Cum
290 2251 405 2307 quo
438 2239 653 2293 remissi
682 2246 901 2294 centum
935 2249 1070 2297 eunt
1098 2242 1183 2298 his
1213 2246 1419 2316 septies

129 2327 349 2385 Honore
389 2329 500 2384 divi
532 2331 810 2387 candidati
838 2335 1090 2406 gurgitis,

126 2420 271 2483 Quos
297 2411 589 2479 servitutis
619 2426 898 2495 expedivit
921 2428 1175 2483 vinculis.

195 2517 284 2573 Sic
311 2525 435 2573 acta
458 2518 644 2594 flagris
671 2528 857 2576 sancta
888 2521 1082 2577 Christi
1114 2524 1355 2580 Ecclesia

125 2609 424 2665 Crescebat
451 2611 594 2666 inter
624 2623 1057 2684 persequentum
1088 2617 1318 2672 verbera
1343 2635 1356 2684 ;

124 2698 343 2756 Tritura
363 2701 523 2757 fortis
550 2702 631 2758 sic
669 2704 920 2774 replebat
953 2706 1166 2763 horrea.

122 2790 345 2848 Furoris
380 2793 525 2866 ignis
555 2795 753 2850 acriter
781 2805 1124 2868 proruperat,

124 2883 229 2938 Sed
262 2885 388 2940 lieta
413 2884 606 2940 Christi
633 2887 978 2957 pullulabant
1005 2891 1272 2960 germina.

121 2972 215 3028 Jus
242 2975 584 3050 abnegatum
615 2978 830 3033 civibus
861 2979 1078 3044 Christi,
1115 2981 1241 3051 fori,

125 3062 437 3136 Fontesque
467 3067 634 3134 circa,
667 3076 722 3122 et
751 3069 1028 3124 nundinas
1061 3074 1358 3128 statunculi

124 3155 330 3219 Quibus
362 3157 607 3225 litarent,
641 3162 799 3231 queis
821 3178 1052 3218 necesse
1083 3164 1191 3219 huc
1221 3167 1411 3238 egredi

127 3247 224 3303 Per
247 3266 381 3305 rura
407 3257 462 3305 et
489 3251 652 3306 urbes
685 3252 735 3306 id
766 3253 1010 3319 student,
1037 3271 1136 3326 per
1161 3254 1389 3326 insulas,

123 3337 306 3395 Omnis
334 3347 538 3412 negata
558 3340 672 3409 jam
705 3341 813 3412 piis
844 3342 1094 3398 civilitas.

122 3428 184 3481 At
213 3428 299 3483 vix
325 3427 594 3484 decenter
614 3429 852 3500 inclytus
884 3431 1228 3489 Chromatius

123 3514 363 3572 Fovebat
392 3535 555 3575 omne
582 3522 724 3577 ovile
755 3522 952 3578 Christi
984 3526 1274 3594 creditum,

123 3605 481 3664 Necessitudo
511 3619 571 3666 ut
596 3613 899 3683 corporalis
931 3617 1210 3672 neminem

123 3697 258 3754 Diris
288 3701 508 3771 piorum
537 3704 776 3760 cultibus
807 3708 1205 3765 substerneret.

122 3790 224 3846 Sed
256 3794 391 3850 dum
419 3797 664 3852 tenebris
692 3800 876 3855 lumen
907 3803 1032 3856 abdi
1057 3819 1163 3859 non
1196 3805 1360 3872 valet,

124 3878 420 3957 Respergit
450 3901 578 3940 arva
617 3887 838 3944 ductum
871 3890 940 3944 ab
968 3891 1104 3947 urbe
1135 3893 1354 3967 longius

124 3968 328 4043 Nempe
356 3981 418 4030 ut
449 3977 681 4031 tenellas
707 3975 904 4034 Christi
937 3997 1068 4036 oves
1099 3982 1445 4042 Chromatius

125 4063 373 4124 Servaret
404 4071 587 4142 ampla
619 4089 717 4144 per
746 4075 919 4130 vireta
949 4078 1134 4142 tutius,

125 4149 396 4225 Campana
426 4158 558 4224 late,
601 4177 696 4216 seu
725 4164 986 4220 medendi
1028 4169 1204 4241 gratia

128 4240 496 4302 Possessionis
522 4249 676 4304 adire
707 4261 892 4307 censet
913 4240 1153 4323 praedia:

124 4335 200 4390 Ad
231 4339 373 4396 bella
401 4343 565 4413 prisci
597 4357 977 4416 prmparantur
1005 4351 1230 4419 milites,

129 4421 385 4498 Campum
409 4430 578 4486 duelli
611 4439 770 4504 turpe
803 4435 978 4490 visum
1011 4439 1287 4511 linquere,

124 4513 236 4577 Quo
268 4533 366 4586 per
391 4517 624 4575 furentis
655 4523 795 4578 colla
818 4541 878 4579 se
901 4526 1075 4581 hostis
1105 4529 1346 4586 subdere

125 4602 360 4661 Adversa
382 4618 582 4664 norunt
603 4610 711 4665 tela
740 4620 936 4669 cuncta
964 4615 1236 4690 frangere.

127 4690 189 4745 At
217 4693 408 4752 doctor
438 4699 614 4754 almus
645 4702 865 4758 etPetri
895 4704 1134 4760 vicarius

126 4785 344 4844 Pastore
376 4807 559 4849 cassos
588 4812 657 4851 ne
690 4797 930 4863 remittat
953 4798 1138 4868 Gaius,

128 4877 202 4930 Ad
247 4879 525 4955 irriganda
557 4887 912 4956 parvulorum
935 4896 1155 4958 pectora

125 4967 480 5045 Polycarpum
510 4975 666 5033 abire
697 4980 996 5051 neOphytis
1024 4996 1145 5036 cum
1180 4981 1384 5038 fetibus

118 5058 302 5133 Jubet,
331 5081 587 5124 coronam
613 5078 825 5142 partam
854 5072 1094 5129 hiantem
1122 5090 1342 5130 sumere

121 5146 276 5223 Legis
308 5153 489 5212 ferens
519 5159 666 5214 haud
706 5161 997 5217 immemor
1027 5161 1307 5218 licentiam

125 5238 567 5305 Corroborandos
598 5252 677 5306 ire
709 5269 831 5308 cum
875 5254 1204 5320 Chromatio,

127 5328 216 5383 Cui
241 5331 427 5410 jungit
449 5347 634 5410 aptum
666 5359 765 5398 ceu
791 5344 1037 5398 sodalem
1069 5344 1269 5403 ﬁlium.

121 5420 211 5474 Ast
242 5423 358 5494 ipse
391 5429 546 5486 fortis
577 5434 680 5489 tiro
706 5443 886 5489 castra
911 5435 1163 5504 linquere

122 5506 372 5570 Deforme
406 5519 612 5575 ducens
643 5523 899 5577 incitatus
925 5523 1133 5592 Spiritu

126 5594 430 5660 Exclamat:
475 5627 499 5659 α
542 5608 666 5672 Oro,
699 5618 888 5664 sancte
917 5611 1451 5681 pnesulpraasulum,

125 5682 199 5739 Ne
229 5703 318 5744 me
345 5693 484 5750 velis
512 5696 641 5752 dare
671 5703 824 5769 terga
856 5695 1015 5751 bellis
1038 5697 1251 5768 obviis;

1791 413 1840 481 Α
1871 410 1985 466 Stat
2017 430 2213 484 nempe
2244 423 2460 488 gratum
2487 419 2772 488 valdejam
2806 423 2849 476 si
2885 424 3083 480 millies

1781 1731 1833 1800 B

1773 3101 1823 3169 C

1870 500 2011 556 Credi
2043 504 2280 573 daretur,
2305 523 2404 576 pro
2436 508 2546 563 Deo
2567 526 2694 565 vero
2721 514 2884 581 mori,

1867 593 1983 656 Quo
2011 592 2135 648 finis
2166 594 2407 668 ignaram
2438 599 2565 654 inde
2593 601 2757 657 vitam
2798 621 3124 682 consequar,
3170 639 3192 661 ι

1867 679 2262 753 Congratulans
2287 685 2372 739 his
2396 689 2814 760 papalacrymas
2843 695 2982 764 litat,

1867 769 2019 841 Capit
2040 774 2150 843 (sic)
2181 777 2428 848 petitque
2451 778 2720 836 Christiei
2743 785 3048 846 victoriam.

1866 859 2056 915 Fortes
2083 863 2332 919 residunt
2360 882 2492 940 ergo
2509 869 2701 924 castris
2731 873 2935 930 milites
2959 895 2969 930 :

1868 950 2266 1022 Marcellianus,
2297 957 2504 1013 Marcus
2533 971 2697 1031 atque
2721 965 2914 1021 horum
2948 987 3148 1040 parens

1866 1046 2220 1104 Sebastianus
2245 1051 2364 1121 ipse
2391 1070 2513 1108 cum
2541 1055 2807 1126 Tiburtio,

1863 1137 2189 1212 Fratresque
2220 1143 2557 1200 Nicostratus
2588 1157 2645 1202 et
2685 1149 2982 1223 Castorins,

1861 1226 2098 1298 Zoeque,
2127 1229 2436 1286 Victorinus
2468 1241 2633 1306 atque
2675 1237 2955 1306 Claudius,

1865 1314 1994 1370 Cum
2026 1318 2266 1374 liberatis
2297 1320 2450 1376 fauce
2478 1325 2670 1380 mortis
2699 1327 2910 1394 liberis,

1866 1404 1957 1458 His
1985 1423 2128 1476 papa
2149 1423 2304 1463 sacra
2330 1409 2582 1466 dividens
2605 1417 2980 1476 moderamina

1864 1495 2099 1551 Moratur
2128 1499 2262 1569 ipsis
2286 1501 2511 1568 junctus
2537 1504 2590 1558 in
2624 1508 2850 1575 palatio,

1865 1587 2054 1644 Custos
2079 1589 2299 1646 fovebat
2327 1594 2527 1649 aedium
2553 1613 2692 1668 quos
2723 1599 2990 1659 Castulus.

1864 1684 1924 1738 In
1951 1683 2115 1740 laude
2140 1686 2335 1742 Christi
2366 1689 2584 1746 fletibus
2609 1694 2840 1762 jejuniis

1862 1771 1978 1828 Illic
2004 1774 2202 1830 diebus
2232 1783 2285 1830 et
2312 1778 2580 1835 vacabant
2599 1785 2873 1853 noctibus,

1860 1863 2176 1921 Orationum
2206 1877 2360 1941 grata
2385 1870 2516 1925 Jesu
2547 1889 2776 1930 munera

1857 1956 2158 2014 Devotione
2181 1960 2493 2019 deterentes
2522 1966 2735 2022 sedula.

1857 2049 2035 2125 Egris
2075 2054 2317 2109 medelas
2345 2058 2681 2116 exhibebant
2712 2065 2949 2134 pestium

1859 2139 2055 2196 Larvas
2085 2141 2348 2218 fugando,
2381 2147 2564 2204 dando
2604 2153 2764 2207 czecis
2803 2155 3029 2212 lumina.

1859 2229 1981 2285 Haec
2002 2232 2130 2285 dum
2162 2243 2426 2305 geruntur
2456 2237 2692 2310 inclytus
2724 2243 3009 2301 Tiburtius

1857 2320 2096 2383 Quodam
2123 2323 2355 2394 plateam
2389 2329 2505 2383 sole
2537 2328 2827 2400 quamdam
2862 2338 3132 2395 transiens

1856 2408 2147 2480 Delapsum
2180 2413 2248 2466 ab
2278 2415 2386 2470 alto
2410 2420 3050 2490 repperitjuvenculum,

1856 2502 2113 2566 Quassata
2153 2507 2308 2575 cujus
2339 2524 2462 2564 ossa
2491 2512 2939 2585 discrepantibus

1855 2593 2076 2652 Cessere
2104 2597 2308 2667 frustis,
2333 2617 2533 2673 corpus
2562 2622 2624 2660 ac
2653 2623 2924 2665 summum
2955 2623 3120 2685 caput

1851 2682 1935 2738 Ita
1961 2688 2318 2744 comminutis
2348 2691 2673 2762 dissipantia
2702 2699 2932 2754 artubus

1852 2774 2037 2831 Solum
2067 2786 2127 2833 ut
2156 2781 2411 2850 sepulcro
2442 2797 2764 2842 cerneretur
2791 2806 3091 2864 congruus.

1853 2869 1987 2925 Huic
2017 2875 2470 2949 apprOpinquans
2499 2879 2678 2936 fundit
2708 2883 3028 2954 Symbolum

1851 2962 2158 3036 Precesque
2179 2967 2361 3042 jungit
2388 2986 2483 3024 ore
2505 2971 2640 3029 latas
2671 2976 2904 3043 ccelico;

1852 3050 1972 3106 Mox
2011 3053 2297 3127 integratis
2328 3057 2408 3112 sic
2436 3061 2673 3133 resurgit
2703 3065 2948 3134 ossibus,

1851 3139 2037 3196 Salute
2068 3142 2222 3198 laetus
2248 3161 2310 3200 ac
2337 3146 2528 3220 vigens
2552 3151 2943 3220 homunculus,

1851 3231 2200 3290 C‘ontusionis
2223 3251 2324 3291 ceu
2357 3239 2494 3293 nihil
2527 3242 2812 3300 subiverit.

1847 3322 2059 3379 Tenent
2090 3335 2311 3381 euntem
2340 3330 2589 3385 sanitatis
2613 3335 2906 3410 prodigum

1849 3411 2010 3468 Pueri
2035 3422 2291 3484 parentes
2312 3417 2658 3491 offeruntque
2682 3427 2962 3482 servulum

1850 3501 2280 3561 Ressuscitatum
2303 3523 2420 3563 srve
2450 3518 2641 3580 poscat
2662 3516 2930 3583 amplius;

1845 3592 1990 3657 Quos
2029 3596 2408 3665 apprehensos
2434 3599 2596 3667 paulo
2632 3601 2808 3656 turbis
2833 3617 3087 3680 segregat

1845 3684 2165 3756 Summique
2185 3687 2328 3743 vires
2363 3691 2600 3745 numinis
2632 3709 2770 3762 pure
2802 3694 3032 3765 indicat,

1847 3775 2196 3850 Cernensque
2227 3795 2416 3836 eorum
2437 3782 2680 3838 roborari
2712 3794 2939 3855 pectora

1842 3871 2062 3928 Timore
2102 3873 2324 3944 Christi,
2346 3878 2564 3947 praesuli
2597 3878 2754 3934 oll'ert
2787 3882 2936 3938 Gaio.

1847 3960 2004 4014 Illum
2034 3961 2302 4030 ferentem
2335 3967 2429 4037 qui
2449 3969 2684 4023 levatum
2711 3971 2920 4043 gratias

1849 4048 2093 4120 Baptizat
2122 4054 2296 4108 auctis
2326 4055 2501 4123 gloria
2530 4058 2877 4127 parentibus,

1847 4143 2058 4200 Primos
2089 4148 2307 4203 novella
2336 4150 2608 4222 colligens
2638 4168 2703 4206 ex
2725 4155 2922 4210 arbore

1847 4238 2074 4295 Fructus
2103 4241 2252 4308 ﬁdei,
2285 4244 2460 4313 possit
2490 4252 2550 4299 ut
2575 4261 2913 4316 cognoscere

1847 4328 2076 4402 Lignum
2109 4332 2310 4388 decore
2341 4334 2697 4404 praebitorum
2731 4336 3029 4405 fructuum,

1756 4397 1814 4466 D
1843 4419 2197 4475 Furibundus
2228 4422 2420 4490 hostis,
2440 4423 2591 4478 lucra
2622 4431 2772 4480 tanta
2804 4443 3056 4484 crescere

1842 4508 2044 4564 Dolens
2075 4508 2224 4578 ﬁdei,
2257 4511 2399 4566 hanc
2425 4511 2555 4566 dum
2587 4513 2806 4568 lacessit
2829 4517 3077 4585 publice,

1843 4601 2240 4676 Congressione
2267 4604 2516 4660 clancula
2541 4607 2860 4680 aggreditur
2889 4625 3134 4682 quoque,

1843 4691 2165 4768 Legensque
2201 4702 2389 4752 notum
2421 4697 2672 4752 criminis
2695 4700 3012 4764 satellitem,

1846 4789 2068 4862 Delegat
2099 4789 2300 4843 almum
2329 4789 2632 4844 mentiatur
2653 4807 2947 4862 supparem

1841 4884 2185 4951 Junctusque
2217 4880 2355 4951 patri
2386 4880 2531 4935 clara
2559 4887 2735 4935 vertat
2769 4881 3024 4954 pignora,

1842 4969 2100 5040 Captetve
2132 4968 2303 5035 fucis;
2338 4975 2643 5041 aucupatus
2675 4968 2877 5024 abditis

1839 5065 2007 5129 Quem
2037 5061 2165 5116 dum
2195 5059 2516 5131 frequenter
2540 5062 2718 5136 arguit
2737 5062 3035 5119 Tiburtius.

1840 5158 2098 5215 Tonsoris
2127 5160 2241 5210 arte
2273 5155 2419 5226 quod
2453 5171 2687 5226 repexos
2715 5156 2930 5229 digerat

1842 5248 2025 5303 Fronli
2055 5245 2304 5316 capillos,
2337 5245 2498 5315 queis
2528 5245 2825 5317 glabellum
2859 5246 3130 5316 percolat,

1842 5341 1993 5407 Quod
2019 5337 2375 5410 prandiorum
2407 5335 2632 5390 sedulus
2656 5352 2714 5391 se
2745 5336 2966 5393 luxibus

1842 5437 1961 5500 Det,
1996 5433 2321 5488 feminarum
2355 5430 2556 5501 pandat
2592 5430 2735 5486 ultro
2762 5432 3103 5501 aspectibus,

1843 5522 2085 5580 Orationi
2108 5529 2161 5575 et
2189 5519 2715 5589 subtrahatjejuniis
2732 5537 2765 5588 ;_

1843 5613 1983 5667 Vitet
2010 5626 2237 5664 manere
2267 5609 2464 5664 Christi
2494 5608 2550 5663 in
2581 5610 2801 5680 hymnis
2829 5609 3086 5685 pervigil.

1841 5699 1933 5752 llis
1962 5713 2086 5753 acre
2119 5704 2313 5766 tactus,
2346 5697 2525 5754 fronte
2556 5698 2757 5759 nubem
2791 5698 3048 5772 protegit,

3381 302 3486 356 706
