3972 6208
153 272 247 329 709
728 267 1110 323 DEI-CHRISTI
1150 267 1516 323 TRIUMPHIS
1556 268 1730 324 APUD
1771 268 2037 325 ITALIAM
2083 270 2260 325 LIBRI
2300 267 2412 323 XIV
2475 298 2541 309 ——
2582 268 2706 322 LIB.
2751 269 2835 324 Vl.

154 401 221 454 Ad
250 401 357 455 haec
386 400 554 472 ligato
583 398 830 453 membra
858 413 989 452 saxo
1029 397 1219 451 vitreis

153 489 368 543 Tradunt
399 488 642 552 fluentis,
682 487 864 541 Tibris
903 488 1060 541 alveo
1101 487 1381 561 ingerunt.

156 583 329 653 Martyr
354 580 617 655 magistro
650 596 758 635 non
776 580 959 635 ferens
990 579 1107 633 haec
1123 580 1301 635 occuli

154 674 451 728 Sebastiano
483 678 640 747 gesta
668 671 850 727 subito
892 670 1044 726 serit.

158 767 267 822 Hinc
293 766 380 821 ille
410 772 633 821 sanctus
654 771 838 819 narrat
866 770 925 818 ut
946 763 1248 831 sodalibus,

157 854 239 908 Vir
264 852 433 925 inquit
461 853 624 921 hujus
654 871 666 907 :
699 878 721 901 α
748 852 888 916 Quid
922 867 1199 907 moramur
1230 850 1259 905 7
1290 851 1509 907 feminae

159 944 227 998 En
249 942 569 997 advocantes
595 958 696 997 nos
726 956 960 997 coronas
988 948 1236 1013 praeeunt
1277 958 1289 994 :

161 1035 304 1089 Fiunt
328 1034 538 1088 maritae
554 1041 821 1104 martyres
843 1032 992 1104 quod
1022 1032 1259 1087 vivimus
1315 1054 1341 1083 ι)

159 1124 419 1179 Accensus
452 1138 585 1196 ergo
617 1120 994 1192 apostolorum
1028 1121 1237 1187 limina,

160 1215 364 1286 Accepit
394 1214 541 1269 unde
572 1220 756 1284 optata
794 1212 1015 1280 conjux,
1049 1212 1231 1267 visitat

161 1306 423 1376 Oransque
453 1302 746 1357 manifesta
776 1301 922 1356 Pauli
952 1301 1020 1355 ad
1056 1300 1270 1364 limina,

161 1398 395 1469 Repetite
420 1404 635 1467 patrum
664 1395 793 1449 dum
827 1394 1003 1448 nitent
1035 1393 1327 1459 solemnia,

163 1494 420 1565 Dolosque
453 1507 670 1563 passus,
704 1490 879 1544 imbre
917 1505 1173 1544 saxorum
1199 1489 1341 1543 viam

162 1584 409 1656 Stephani
435 1590 657 1639 secutus
673 1582 781 1638 alta
810 1582 1024 1637 scandit
1052 1582 1311 1637 culmina.

162 1677 406 1748 Datisque
437 1690 613 1746 prono
644 1673 857 1728 ﬂumini
891 1672 1049 1729 almis
1077 1674 1304 1729 artubus

161 1769 404 1823 Tiberina
434 1766 599 1822 funus
631 1766 856 1821 abluere
886 1765 1104 1820 caerula.

230 1862 467 1931 Itemque
493 1858 855 1924 Nicostratus,
886 1865 1051 1928 atque
1093 1856 1372 1920 Claudius,

164 1952 437 2024 Simulque
466 1950 783 2006 Victorinus
812 1956 867 2004 et
898 1949 1194 2016 Castorius,

163 2041 553 2113 Symphoriano
584 2039 749 2094 rebus
786 2046 967 2105 aucto,
998 2053 1227 2109 corpora

163 2130 391 2186 Tibridis
416 2145 516 2201 per
544 2143 669 2185 oras
697 2128 826 2183 dum
846 2134 1143 2199 reposcunt
1162 2133 1481 2200 martyrum,

165 2223 298 2279 Fieri
322 2222 467 2277 inter
502 2220 680 2276 undas
719 2228 1109 2294 promerentur
1123 2229 1393 2291 martyres
1426 2239 1439 2274 :

164 2310 313 2383 Capti
342 2310 673 2367 exhibentur
695 2328 820 2366 nam
853 2317 1042 2367 notato
1076 2309 1274 2382 judici,

167 2402 414 2457 Hortatur
435 2401 558 2456 illos
579 2400 739 2455 thura
766 2399 907 2454 ferre
947 2400 1042 2471 qui
1070 2399 1191 2455 deis

165 2492 491 2563 Blandisque
522 2498 577 2546 et
603 2490 781 2562 aspris
812 2507 911 2561 per
937 2490 1056 2545 dies
1084 2505 1256 2564 agens
1294 2490 1486 2545 decem

164 2582 372 2638 Movere
402 2581 552 2637 nullo
592 2582 853 2652 praevalet
882 2580 1169 2635 molimine
1204 2597 1217 2633 :

164 2672 463 2743 Fractoque
489 2670 613 2725 nisu
645 2670 841 2741 pandit
867 2668 968 2724 ista
998 2668 1226 2743 regibus
1260 2687 1274 2723 :

162 2765 295 2819 Tum
324 2763 589 2819 lancinari
612 2763 774 2818 tertio
804 2763 1101 2818 tortoribus

161 2855 325 2921 Jussi,
357 2862 521 2926 atque
550 2854 677 2909 torti
711 2854 881 2928 ﬂagra
902 2854 1093 2908 ludum
1126 2852 1395 2925 deputant
1425 2871 1442 2919 ;

165 2947 336 3002 Humo
356 2946 599 3013 subacta,
629 2946 978 3001 destinantur
997 2946 1205 3018 aequori
1232 2963 1245 3000 :

166 3044 322 3099 Libet
360 3044 664 3115 palaestram
695 3058 967 3098 marmora
998 3044 1140 3099 intra
1180 3044 1461 3111 claudere,

166 3136 324 3190 Libet
354 3135 575 3191 ﬂuentis
596 3134 725 3190 ferri
764 3135 821 3190 in
852 3136 1078 3190 aethram
1101 3135 1347 3206 limpidis

166 3227 465 3299 Mundique
497 3226 652 3282 fonte
682 3236 1078 3282 consecrantur
1115 3228 1357 3302 gurgite,

166 3316 462 3387 Postquam
504 3315 559 3369 hi
591 3316 860 3371 recedunt
884 3325 1029 3385 astra
1070 3316 1211 3387 pulsi
1244 3332 1275 3370 a
1297 3317 1545 3387 perfidis,

162 3413 472 3485 Torquatus
500 3413 629 3467 almi
653 3411 842 3468 fraude
874 3420 1052 3468 coetus
1080 3413 1357 3483 hospitem

164 3503 329 3558 Ducit
359 3503 656 3574 petendum
682 3520 695 3557 :
729 3504 1166 3573 comprehensus
1196 3502 1446 3558 Castulus

164 3592 275 3646 Ter
302 3592 614 3647 sciscitatus
635 3599 719 3648 ter
735 3601 958 3648 catastae
980 3592 1243 3659 culmine,

168 3684 347 3740 Fortis
365 3692 617 3757 repertus
647 3685 777 3739 dum
808 3686 920 3740 Deo
951 3683 1057 3739 fert
1081 3684 1335 3758 gloriam,

168 3780 367 3835 Foveae
406 3778 662 3835 barathro
685 3795 897 3835 mersus
927 3778 1037 3833 alto
1067 3779 1288 3853 glareas,

167 3871 287 3926 Sub
317 3871 463 3927 fasce
493 3881 701 3927 tantum
730 3871 949 3926 clausus
971 3870 1080 3926 imo
1105 3886 1359 3942 corpore,

163 3965 235 4019 At
268 3969 457 4018 mente
481 3961 646 4028 liber,
678 3961 826 4016 celsa
852 3960 1069 4015 scandit
1095 3960 1299 4014 sidera.

164 4050 578 4117 Marcellianus,
618 4050 832 4105 Marcus
862 4049 1099 4121 hincque
1138 4049 1208 4104 ab
1237 4049 1425 4120 impiis

164 4144 352 4207 Tenti,
389 4142 575 4197 foratis
603 4142 902 4215 alligantur
922 4140 1095 4212 stipiti

168 4234 412 4302 Plantis,
444 4234 616 4289 secuti
652 4233 1004 4289 Conditorem
1036 4233 1317 4305 stigmate.

166 4327 473 4383 Tormenta
504 4326 697 4381 fratres
717 4325 863 4381 ferre
891 4324 1088 4381 Christi
1119 4340 1365 4381 consona

169 4417 459 4472 Laetamur
496 4416 719 4486 hymnis
747 4415 874 4471 diva
902 4415 1100 4470 dantes
1130 4431 1358 4490 organa,

166 4509 298 4564 Jam
331 4508 646 4563 territantes
676 4522 813 4563 voce
839 4507 975 4561 suda
1003 4507 1272 4564 territant.

169 4598 239 4652 Et
267 4596 613 4672 gratulantes
640 4596 945 4670 gloriantur
973 4598 1184 4666 Optimo

170 4688 511 4744 Dilectionis
540 4697 687 4742 stare
719 4686 809 4741 ﬁxi
829 4688 1049 4753 robore,

172 4780 500 4851 Optantque
531 4778 679 4832 abire
713 4778 816 4833 hoc
839 4777 1052 4848 praediti
1076 4776 1379 4835 fulcimine.

173 4872 319 4927 Vota
352 4871 669 4932 audiuntur,
697 4878 1051 4941 perseverant
1078 4871 1355 4927 laudibus.

172 4962 277 5016 Sic
310 4976 421 5016 nox
449 4961 560 5015 diei
587 4961 687 5015 hac
725 4960 779 5014 in
821 4960 1073 5031 palmstra
1092 4960 1362 5033 jungitur,

171 5050 489 5121 Crucisque
519 5049 713 5104 Christi
744 5058 803 5107 ut
822 5050 1147 5121 expleantur
1172 5051 1362 5105 munia

173 5142 356 5197 Latus
389 5142 519 5197 hinc
546 5141 767 5213 utrique
794 5142 1105 5213 perforatur
1146 5141 1360 5208 lancea,

176 5234 279 5289 Sic
301 5240 361 5288 et
389 5244 697 5304 sequuntur
726 5248 895 5306 regna
934 5232 1205 5287 Christum
1239 5232 1293 5286 in
1318 5248 1502 5288 aurea.

260 5328 403 5400 Regi
430 5327 651 5383 talentis
679 5328 764 5382 his
791 5327 1066 5383 lucrorum
1093 5327 1326 5383 redditis

177 5420 583 5483 Sebastianus,
615 5420 905 5491 expeditus
930 5420 1171 5490 insequi,

178 5512 394 5566 Fertur
424 5510 639 5583 regenti
664 5516 880 5580 sceptra
908 5509 1016 5563 diis
1044 5510 1350 5564 contrarius
1381 5528 1394 5564 :

261 5662 417 5732 (185)
445 5662 524 5716 An
556 5662 877 5718 sacerdotes
899 5661 1051 5717 Jovis
1088 5661 1308 5715 Viminii
1342 5661 1371 5715 τ

1780 405 1830 470 Α
1852 398 2085 453 Vocatus
2108 406 2248 453 astat
2274 397 2327 450 in
2360 396 2585 451 deorum
2616 396 2875 463 injuriam

1855 491 2097 545 Latuisse
2130 499 2320 545 contra
2346 491 2653 562 principum
2681 492 2945 546 tutamina

1854 578 2114 651 Culpatur
2144 598 2157 645 ;
2200 580 2292 633 ille
2318 580 2627 650 principum
2660 595 2759 650 pro
2782 580 2958 653 gloria

1851 668 1988 723 Vera
2028 675 2307 739 precatum
2340 685 2400 723 se
2430 669 2630 723 fatetur
2657 668 2853 723 sedulo

1849 761 2034 816 Jesum
2065 762 2389 835 benignum,
2422 748 2612 815 saxeas
2642 776 2751 815 non
2791 760 3075 829 formulas,

1852 849 1997 913 Quos
2028 848 2305 919 postulare
2336 849 2536 903 mentis
2566 856 2709 903 esset
2751 850 3006 920 perditm.

1861 941 1950 996 His
1976 941 2225 997 szevioris
2254 941 2553 1012 imperator
2593 941 2827 995 turbinis

1859 1031 2083 1087 Afﬂatus
2112 1032 2190 1087 ira
2220 1050 2237 1087 :
2277 1032 2715 1103 «Miles,inquit,
2752 1048 2975 1103 prorue,

1862 1124 2127 1179 Proceres
2156 1134 2210 1178 et
2241 1124 2383 1177 alma
2415 1123 2709 1193 despuenti
2741 1124 2966 1178 numina

1863 1216 1941 1270 Ne
1968 1216 2099 1270 dent
2129 1216 2351 1270 citatum
2382 1214 2573 1269 fervidi
2602 1230 2735 1269 ense
2766 1216 2993 1281 exitum,

1866 1307 2044 1361 Denso
2071 1306 2313 1361 cohortis
2344 1307 2640 1377 impetatur
2668 1306 2910 1379 agmine,

1865 1398 2067 1453 Crebra
2096 1406 2288 1453 suatur
2316 1398 2653 1469 spiculorum
2693 1398 2943 1468 cuspide,

1863 1492 2051 1565 Cingat
2079 1508 2284 1547 corona
2312 1491 2492 1547 fronte
2508 1508 2707 1546 nexum
2741 1492 2794 1545 in
2820 1492 3009 1562 stipite
3092 1480 3093 1485 “

1865 1586 2208 1659 Signumque
2237 1587 2363 1641 telis
2389 1594 2610 1656 praestet
2641 1586 3002 1641 irruentibus.
3034 1608 3063 1637 ν

1867 1679 1911 1732 lt
1939 1678 2329 1734 obsecundans
2359 1678 2563 1732 turbidi
2596 1694 2792 1751 agmen
2834 1678 3045 1741 militis,

1792 1723 1842 1790 Β

1872 1767 2072 1822 Parant
2100 1772 2325 1837 patente
2348 1767 2503 1835 jussa
2531 1782 2747 1837 campo,
2782 1766 3018 1822 farciunt

1870 1861 2034 1918 Ferro
2062 1862 2367 1933 pharetras,
2401 1860 2779 1932 ambitumque
2811 1861 3070 1934 digerunt
3096 1881 3109 1927 ;

1870 1951 2153 2006 Lunantur
2181 1967 2360 2019 arcus,
2393 1960 2694 2006 exeruntur
2718 1950 2965 2021 spicula:

1871 2041 2011 2096 Eunt
2038 2041 2094 2095 in
2124 2056 2293 2095 unum
2326 2040 2457 2096 hinc
2479 2041 2609 2096 inde
2631 2047 2709 2096 tot
2730 2041 3049 2106 arundines,

1871 2128 2091 2185 Certant
2121 2130 2248 2201 quis
2274 2130 2487 2201 aptiora
2520 2129 2651 2205 ﬁgat
2686 2129 2917 2185 vulnera
2944 2148 2958 2194 ;

1872 2217 2004 2272 Cute
2034 2216 2128 2272 ille
2159 2233 2375 2272 summa
2402 2219 2508 2272 tela
2524 2223 2719 2273 cuncta
2744 2218 2997 2289 suscipit,

1873 2310 1965 2364 Vis
1995 2309 2145 2364 nulla
2174 2310 2363 2365 sedem
2381 2310 2585 2365 mentis
2614 2310 2828 2385 ingredi
2854 2312 2999 2365 valet
3036 2328 3049 2364 :

1874 2403 2042 2458 Solus
2074 2404 2275 2474 petitus
2305 2410 2382 2458 tot
2412 2404 2791 2474 pharetrarum
2824 2404 3044 2477 agmine

1874 2492 2017 2547 Viris
2032 2500 2110 2548 tot
2126 2499 2264 2547 astat
2284 2509 2379 2547 arx
2410 2492 2884 2567 inexpugnabilis,

1875 2584 2071 2641 Christi
2102 2584 2273 2639 lorica
2303 2600 2468 2655 quem
2497 2583 2719 2658 tegebat
2748 2584 3008 2639 muniens
3042 2602 3055 2638 :

1876 2679 2131 2735 Silvescit
2154 2679 2332 2734 hirtus
2356 2686 2474 2734 tuta
2501 2678 2635 2734 setis
2655 2686 2714 2733 ut
2743 2677 2860 2733 fera

1878 2770 2047 2835 Quem
2065 2769 2378 2839 judicantes
2399 2778 2522 2840 post
2552 2769 2707 2824 necis
2734 2774 2815 2824 tot
2841 2769 2982 2824 ostia

1883 2864 2035 2919 Lanii
2062 2871 2256 2920 tenore
2295 2880 2457 2936 posse
2486 2863 2639 2919 nullo
2679 2864 2882 2930 vivere,

1884 2960 2185 3033 Linquunt,
2214 2976 2318 3016 nec
2348 2966 2527 3016 actum
2555 2960 2747 3016 mortis
2776 2959 2948 3015 antris
2977 2959 3234 3017 ambiunt

1884 3049 1980 3105 Cui
2004 3056 2084 3104 tot
2109 3049 2369 3104 videntur
2397 3048 2608 3103 funeris
2627 3048 2877 3121 vestigia.

1813 3097 1863 3165 Ο
1887 3142 2058 3196 Noctu
2089 3140 2278 3195 relicta
2299 3140 2553 3211 martyris
2577 3097 2791 3205 Zetarii:

1888 3231 2085 3286 Curare
2112 3230 2277 3284 funus
2301 3229 2563 3284 laneinati
2595 3229 2866 3303 gestiens,

1885 3322 2077 3376 Vivum
2103 3320 2318 3375 reducit
2339 3336 2504 3391 quem
2546 3319 2770 3390 petebat
2807 3328 3089 3374 mortuum

1884 3409 2048 3465 Edes
2080 3410 2134 3463 in
2165 3409 2303 3464 altas
2333 3409 2532 3462 ductus
2569 3408 2745 3461 hostis
2766 3407 2967 3461 robora

1887 3497 2097 3552 Paucos
2128 3496 2357 3550 resumit
2377 3494 2661 3565 sospitatis
2693 3494 2749 3547 in
2790 3493 2933 3560 dies,

1891 3592 2204 3664 Fugamque
2227 3589 2366 3645 inire
2402 3594 2765 3661 suggerentes
2796 3587 2851 3641 in
2881 3585 2991 3642 fide

1890 3683 2061 3758 Magis
2090 3682 2370 3752 triumpho
2410 3681 2662 3737 roborata
2684 3679 2907 3734 roborat
2935 3695 2949 3743 ;

1893 3776 2143 3847 lpsisque
2174 3775 2424 3847 pandens
2444 3773 2669 3849 regibus
2694 3787 2820 3827 sese
2850 3771 3089 3840 intimat,

1897 3868 2290 3939 Surreptiones
2320 3866 2571 3923 falsitatis
2601 3880 2839 3940 arguens

1897 3957 2197 4030 Hostesque
2226 3958 2412 4013 verbis
2440 3956 2683 4014 veritatis
2724 3956 3039 4025 increpans.

1900 4047 2165 4103 Mirantur
2197 4048 2274 4102 illi
2304 4064 2469 4120 quem
2504 4052 2767 4101 necarent
2793 4045 2979 4099 vivere
3008 4062 3025 4109 ;

1904 4139 1984 4193 Ad
2013 4139 2471 4211 supprimendam
2502 4136 2685 4191 reddit
2716 4137 2815 4191 iste
2844 4134 3115 4189 insaniam

1898 4233 1966 4289 Se
1996 4232 2306 4288 restitutum
2338 4246 2448 4301 qua
2479 4229 2674 4283 beatos
2706 4232 2970 4289 atterunt,

1905 4320 2145 4378 Oﬂ‘endit
2174 4334 2306 4394 ergo
2333 4318 2643 4372 Viminosos
2673 4315 2819 4384 (185)
2850 4313 3180 4368 admonens.

1908 4416 2143 4473 Jubetur
2175 4415 2302 4469 hinc
2334 4427 2582 4483 eousque
2612 4410 2747 4466 caedi
2783 4408 3026 4463 fustibus

1915 4513 2047 4566 Dum
2080 4509 2385 4566 concitatus
2410 4516 2555 4561 astra
2581 4505 2799 4561 scandit
2835 4503 3081 4575 spiritus.

1913 4605 2061 4659 Hanc
2090 4600 2411 4657 Christianis
2440 4599 2751 4655 invidentes
2780 4596 3008 4672 gloriam

1911 4694 2047 4750 Saevi
2079 4694 2279 4749 cloaca:
2293 4690 2541 4746 membra
2563 4690 2773 4744 dedunt
2802 4686 3037 4741 sordidae
3072 4701 3085 4744 :

1911 4786 2176 4860 Squalore
2208 4785 2382 4857 mergi
2424 4783 2521 4838 sed
2544 4791 2690 4837 vetat
2711 4779 2973 4834 Divinitas

1911 4878 2010 4934 Tot
2037 4884 2415 4933 consecratum
2439 4890 2641 4944 corpus
2669 4873 2799 4928 olim
2830 4869 3051 4942 praeliis.

1919 4971 2120 5026 Lucina
2149 4968 2315 5023 castis
2344 4967 2436 5022 hic
2455 4966 2683 5021 vacabat
2715 4963 2930 5019 actibus

1919 5063 2178 5122 Matrona,
2209 5059 2385 5114 sancti
2410 5059 2573 5129 plena
2605 5056 2728 5110 luce
2761 5054 3016 5125 Spiritus,

1922 5154 2068 5208 Hanc
2081 5152 2352 5205 allocutus
2382 5164 2481 5219 per
2509 5162 2763 5217 soporem
2798 5145 3015 5201 coalitus

1917 5243 2139 5313 Martyr.
2177 5264 2202 5287 «
2247 5238 2484 5309 Require
2512 5243 2695 5291 nostra
2736 5235 2962 5289 mandat
2990 5232 3178 5287 abdita

1919 5334 2054 5390 Circi
2094 5335 2279 5388 cloaca
2309 5346 2429 5402 quae
2454 5328 2665 5384 levabis
2696 5328 2948 5402 pignora,
3276 5390 3293 5403 Α

1917 5425 2194 5496 Suspensa
2219 5421 2463 5493 gumpho
2495 5419 2661 5489 (186),
2694 5416 2954 5472 sordibus
2984 5430 3085 5469 nec
3123 5412 3327 5466 addita.

1919 5515 2042 5569 Hac
2072 5523 2128 5568 tu
2155 5518 2375 5582 reperta
2404 5507 2777 5580 apostolorum
2804 5506 2954 5579 regia

1995 5662 2140 5733 (186)
2170 5660 2354 5727 Clavo,

3366 274 3470 329 710
