3972 6208
474 270 570 324 711

475 396 702 450 Locabis
731 395 872 448 alma
901 392 965 446 ad
1004 392 1311 462 principum
1340 391 1572 463 vestigia
1622 410 1652 440 ι

477 486 728 560 Exsurgit
754 484 846 538 illa
874 483 1016 550 laeta,
1045 498 1296 538 somnum
1330 480 1565 536 dissicit.

1216 260 1582 319 FLODOARDI
1621 257 1926 316 CANONICI
1968 257 2296 314 REMENSIS
2337 258 2676 316 OPUSCULA
2719 256 3024 315 METRICA.

2105 394 2160 464 Α
2188 387 2499 459 Parensque
2515 387 2723 456 junctis
2751 392 2912 441 nocte
2934 384 3127 440 eadem
3158 381 3405 440 vernulis

3720 257 3824 312 7H

2187 480 2346 536 Jusso
2378 479 2627 536 recondit
2652 486 2813 535 nacta
2835 479 3046 534 honore
3084 491 3334 532 munera.

1310 648 1806 740 INCIPIT
1873 646 2257 734 LIBER
2323 646 2998 773 SEPTIMUS.

1879 827 2089 882 CAPUT

2138 825 2420 882 PRIMUM.

1600 955 1676 1013 De
1716 963 1920 1012 sancto
1967 952 2215 1011 Gabinio
2261 959 2314 1008 et
2358 946 2670 1010 Susanna.

474 1108 659 1164 Frater
685 1112 803 1163 erat
827 1104 942 1159 Gaii
975 1101 1258 1167 Gabinius,
1292 1100 1383 1154 ille
1416 1098 1724 1153 Suzannam

473 1199 722 1255 Nutribat
750 1195 1018 1256 sobolem,
1051 1205 1252 1261 supero
1283 1204 1446 1259 quam
1473 1189 1763 1240 ornaverat
1792 1198 1948 1249 auro,

475 1291 635 1344 Fama
664 1303 824 1343 aures
850 1285 1079 1352 hujusce
1110 1289 1292 1337 terens
1324 1276 1646 1333 Diocletiani

473 1377 696 1432 Nuntiat
723 1372 1001 1448 egregiam
1026 1370 1198 1424 forma
1237 1382 1515 1438 sensuque
1549 1362 1786 1436 puellam
1823 1403 1838 1427 ,

476 1467 572 1520 Ille
602 1481 800 1537 parans
821 1479 1004 1538 sagam
1023 1461 1210 1534 genito
1241 1458 1449 1513 vincire
1479 1454 1750 1514 maritam,

474 1556 669 1631 Dirigit
702 1555 964 1609 illustrem
1025 1551 1343 1624 quemdam,
1394 1550 1590 1604 horum
1646 1562 1809 1600 carne
1861 1543 2090 1615 pr0pin-

1806 1637 2014 1710 Ianum.

481 1741 581 1807 Qui
614 1747 768 1796 catus
799 1739 900 1794 ista
929 1746 1076 1793 serat
1102 1737 1479 1806 tmdarumque
1511 1731 1696 1788 omnia
1719 1731 1918 1785 firmet.

479 1829 618 1885 Ilinc
656 1836 869 1900 patrem
899 1826 991 1883 ille
1023 1827 1158 1900 petit

1773 1913 2020 1984 [zannam

475 2013 769 2070 Inveniunt
797 2011 954 2066 firma
974 2010 1194 2082 penitus
1235 2006 1418 2062 radice
1456 2005 1662 2079 vigere,

472 2103 692 2158 Semina
723 2117 842 2174 qua
866 2100 1132 2154 dederant
1153 2097 1303 2151 nullo
1327 2094 1542 2169 agmine
1576 2091 1746 2145 ﬂabra
1773 2089 1988 2144 timere.

475 2198 729 2252 Claudius
757 2195 972 2267 imperii
1002 2208 1244 2249 summos
1273 2189 1801 2262 proponithonores,

474 2288 736 2343 Eximiam
770 2287 915 2358 regis
946 2285 1178 2355 prolem,
1223 2282 1392 2354 patris
1420 2281 1886 2349 altasequentem,

473 2381 537 2435 Et
566 2380 776 2435 ditione
805 2378 922 2450 pari
957 2375 1217 2432 sublimia
1239 2381 1452 2444 sceptra
1493 2376 1798 2444 regentem,

473 2472 1082 2544 Praecipuumjuvenem
1114 2470 1412 2541 splendore
1444 2484 1506 2522 ac
1538 2467 1737 2520 robore
1761 2464 1964 2519 celsum
1997 2481 2009 2517 :

473 2565 568 2619 llla
597 2563 762 2619 fidem
793 2579 1020 2618 servans
1043 2561 1384 2622 coelestibus,
1419 2557 1528 2612 ima
1558 2555 1758 2611 refutat

473 2660 719 2727 Fmdera,
753 2658 942 2713 divino
969 2659 1267 2711 humanum
1304 2652 1584 2725 postponit
1614 2652 1905 2716 honorem,

472 2752 698 2807 Sidereo
723 2751 863 2806 fastu
894 2749 1170 2804 terrestria
1199 2747 1440 2802 culmina
1462 2743 1706 2808 sordent,

473 2843 759 2914 Perpetuis
782 2842 965 2916 regnis
985 2840 1235 2894 mortalia
1266 2835 1715 2910 regminavilent.

473 2938 694 2991 Diversa
727 2936 936 2990 alterno
965 2933 1093 2986 dum
1126 2930 1330 2986 famine
1352 2936 1477 2985 vota
1506 2934 1782 2992 seruntur,

472 3025 573 3090 Qui
605 3040 802 3094 capere
833 3021 1076 3084 advenit,
1102 3020 1723 3091 capitur,laqueansque
1753 3021 1968 3071 tenetur
1999 3033 2013 3081 ;

473 3118 764 3174 Instruitur
791 3115 1059 3188 patribus,
1090 3114 1341 3169 scelerati
1370 3113 1604 3185 poenitet
1624 3119 1799 3179 actus,

471 3210 753 3266 Fluctibus
781 3208 1021 3263 abluitur
1046 3206 1209 3272 divis,
1235 3221 1436 3276 supero
1459 3221 1618 3260 amne
1659 3210 1890 3260 novatur
1923 3221 1937 3268 ;

468 3299 715 3370 “fingitur
735 3304 898 3369 atque
930 3297 1124 3352 domus
1144 3296 1377 3370 geminae
1417 3295 1525 3349 duo
1557 3295 1766 3349 lumina
1798 3293 1984 3365 prolis,

472 3387 754 3455 Quazcivas
782 3395 836 3441 et
876 3385 1201 3454 Alexander,
1231 3384 1576 3456 Prepedigna
1600 3382 1822 3458 jugalis.

475 3485 694 3558 Integer
720 3498 840 3538 esse
871 3482 965 3537 Dei
999 3481 1177 3536 cultor
1208 3481 1334 3535 dum
1366 3480 1621 3535 Claudius
1650 3479 1824 3534 ambit

466 3579 642 3649 Atque
662 3575 818 3648 sequi
847 3575 1117 3630 Christum
1137 3575 1202 3629 ad
1236 3573 1482 3629 cmlestia
1531 3580 1746 3641 sceptra
1775 3575 2084 3635 vocantem,

469 3670 671 3726 Cuncta
701 3668 1016 3725 facultatum
1041 3668 1289 3722 vendens
1319 3666 1547 3737 largitur
1578 3664 1788 3737 egenis,

467 3759 694 3833 Singula
722 3773 957 3830 quaeque
1011 3757 1153 3812 valet
1182 3756 1487 3809 vinctorum
1534 3753 1808 3828 ergastula
1845 3751 2083 3806 lustrans

467 3854 789 3909 Sanctorum
817 3869 938 3908 sese
969 3851 1205 3922 pedibus
1234 3848 1554 3920 prosternit,
1587 3854 1640 3902 et
1670 3848 1864 3902 horum

466 3943 728 4018 Tegmine
758 3943 845 3997 vel
877 3942 1022 3996 victu
1055 3939 1254 4012 satagit
1285 3939 1526 3994 relevare
1557 3943 1799 4005 catenas,

468 4037 590 4107 Ipse
623 4050 846 4105 precum
888 4049 1125 4104 poscens
1147 4050 1244 4104 per
1269 4047 1363 4087 eos
1395 4031 1598 4101 pietate
1630 4030 1819 4085 levari.

465 4125 721 4179 Pluribus
748 4125 1024 4197 Augustus
1053 4125 1200 4179 hunc
1221 4132 1540 4194 exspectare
1561 4122 1758 4178 diebus

467 4215 614 4279 Fert,
648 4212 866 4268 firmare
898 4221 1098 4285 putans
1128 4213 1464 4269 solidissima
1493 4212 1707 4268 foedera
1739 4213 1902 4283 jussi.

362 4302 370 4309 ’
464 4311 528 4365 At
558 4326 741 4382 neque
773 4319 1154 4380 consumptam
1185 4317 1402 4381 reparat
1432 4309 1562 4364 dum
1595 4308 1813 4364 Cinthia
1830 4307 2081 4376 formam,

463 4401 540 4455 Ad
562 4402 736 4457 celsas
762 4403 909 4456 aedes
938 4402 1024 4456 vel
1050 4402 1186 4456 festa
1217 4402 1427 4457 theatra
1458 4416 1761 4467 reversum,

462 4492 665 4557 Quaerit
695 4501 877 4548 utrum
912 4494 1077 4567 longe
1105 4493 1438 4560 discesserit,
1480 4510 1549 4547 an
1577 4492 1846 4549 remeanti

461 4583 742 4646 Quidlibet
773 4585 1047 4659 obstiterit
1079 4586 1295 4652 ;credit
1324 4585 1585 4658 languore
1617 4591 1911 4652 moratum,

461 4671 631 4739 Ilujus
662 4679 779 4727 erat
808 4690 996 4729 secum
1027 4675 1189 4730 frater
1215 4691 1402 4731 comes
1441 4675 1636 4730 ordine
1668 4690 1850 4729 rerum
1882 4691 1896 4728 :

458 4763 723 4819 Maximus
765 4765 910 4820 hunc
935 4765 1012 4819 illi
1051 4765 1284 4822 solatum
1325 4766 1563 4821 invisere
1601 4766 1786 4821 mittit.

456 4850 659 4926 IEgroti
688 4853 782 4924 qui
809 4860 976 4909 strata
1003 4853 1164 4921 levet,
1188 4855 1282 4925 qui
1312 4853 1522 4909 fervida
1546 4854 1722 4910 sedet.

459 4939 699 4995 Turbida
722 4950 1036 5012 componat,
1069 4941 1287 4997 fastidia
1317 4943 1484 4998 cruda
1523 4943 1755 5014 repellat

454 5032 688 5104 Insuper
714 5033 958 5104 inquirat
987 5033 1146 5090 dotes
1176 5044 1232 5090 et
1261 5042 1418 5106 pacta
1457 5035 1678 5106 puellae,

456 5123 598 5188 Quid
629 5132 855 5199 gestum
888 5125 1112 5195 referat,
1141 5136 1331 5198 poscat
1358 5142 1482 5199 quae
1503 5127 1648 5183 dona
1679 5125 1970 5198 rependat.

449 5214 717 5271 Maximus
743 5217 1016 5274 accedens
1037 5219 1296 5291 precibus
1325 5236 1449 5276 cum
1474 5218 1638 5292 plebe
1678 5225 1965 5276 vacantem

453 5304 681 5373 Reperit
708 5306 964 5364 Ecclesiae
991 5308 1238 5379 fratrem,
1271 5311 1637 5384 stupidusque
1669 5317 1887 5366 renutat

454 5397 595 5460 Quid
625 5400 732 5455 sibi
767 5417 855 5455 res
883 5413 1123 5481 pangat;
1156 5407 1447 5462 mirantem
1469 5406 1730 5462 Claudius
1767 5407 1942 5463 almos

452 5483 688 5556 Proripit
713 5489 782 5542 ad
814 5489 1019 5560 Patres,
1052 5495 1188 5548 recti
1217 5496 1311 5566 qui
1341 5495 1528 5565 pervia
1567 5495 1719 5550 callis

451 5568 591 5622 Dum
613 5583 896 5647 retegunt,
947 5580 1215 5636 famulant
1269 5584 1338 5654 (Ὺ)
1392 5583 1711 5656 agitantque
1767 5585 1835 5638 ad
1864 5585 2072 5640 lumina

1690 5676 1706 5746 [
1730 5684 1995 5734 mentem.

2114 1684 2168 1753 B

1214 1845 1230 1892 ;
1285 1831 1441 1897 pater
1488 1829 1542 1877 at
1600 1828 1936 1893 patruusque
1985 1818 2092 1872 Su-
2191 1823 2350 1878 Gesta
2380 1823 2736 1889 recondebat,
2759 1821 2933 1877 titulis
2953 1828 3311 1877 monumenta
3338 1819 3578 1876 colebat.

2192 1089 2372 1145 Credit
2398 1090 2486 1146 hic
2509 1090 2751 1161 acceptis
2779 1089 3032 1161 vivisque
3064 1088 3376 1144 infunditur
3405 1087 3603 1155 undis,

2193 1183 2454 1238 Culminis
2475 1183 2661 1238 eximii
2692 1183 3015 1257 contingere
3038 1183 3231 1238 nititur
3259 1197 3464 1246 arcem,

2189 1275 2515 1346 Addicitque
2539 1274 2657 1330 foro
2687 1291 2888 1330 census
2914 1290 2979 1329 ac
3009 1274 3145 1328 libat
3175 1273 3368 1346 egenis
3403 1290 3417 1337 ;

2192 1369 2370 1425 Utitur
2390 1372 2492 1425 hac
2523 1370 2576 1424 in
2602 1387 2660 1426 re
2687 1370 2796 1427 fido
2823 1371 3062 1425 Trasone
3098 1368 3274 1424 sodali
3306 1385 3319 1420 :

2192 1460 2262 1527 Is,
2293 1459 2512 1514 velante
2532 1467 2676 1527 toga,
2701 1458 2897 1513 Christi
2925 1464 3071 1513 texto
3094 1457 3221 1532 igne
3253 1454 3490 1521 calebat,

2193 1547 2494 1601 Chrismate
2525 1564 2689 1618 quem
2717 1547 2879 1602 Gaius
2908 1547 3116 1601 dudum
3153 1560 3400 1600 sacrasse
3432 1550 3664 1598 notatur

2193 1638 2454 1694 Noctibus
2484 1639 2575 1693 ille
2606 1639 2800 1694 adiens
2819 1638 2994 1700 vicos,
3023 1637 3297 1712 ergastula
3329 1636 3598 1699 lustrans,

2191 1729 2439 1801 Indignis
2459 1728 2720 1782 alimento
2750 1727 2845 1782 Dei
2877 1727 2980 1780 sub
3004 1727 3215 1781 honore
3237 1724 3470 1791 ferebat,

2191 1918 2285 1970 Ast
2302 1915 2397 1970 ubi
2427 1915 2660 1971 sollicito
2683 1924 2999 1971 reserantur
3024 1915 3166 1970 facta
3189 1921 3452 1982 tyranno,

2194 2011 2292 2075 Qui
2324 2011 2483 2066 saevis
2512 2010 2730 2084 subigat
2757 2011 2921 2066 mittit
2943 2009 3285 2067 cruciatibus
3299 2008 3475 2064 almos

2191 2105 2389 2173 Julius,
2423 2104 2617 2161 exsilio
2648 2104 2843 2160 fratres
2872 2102 2966 2175 qui
2997 2103 3198 2158 missus
3220 2102 3287 2157 ad
3316 2102 3420 2156 ista

2188 2196 2448 2266 Deportat
2477 2195 2701 2270 gemino
2733 2203 2787 2249 et
2812 2193 3211 2268 Prepedignam
3240 2191 3473 2264 pignore
3504 2186 3723 2244 fultam.

2187 2287 2395 2345 Caelum
2427 2289 2571 2344 vinci
2596 2287 2969 2359 impossibiles
2999 2286 3322 2342 holocausta
3351 2299 3450 2354 per
3480 2281 3670 2356 ignem

2188 2381 2247 2436 Ili
2277 2382 2522 2437 subeunt
2544 2382 2768 2453 pariter,
2799 2381 2967 2436 rutilo
2994 2379 3204 2454 fulgore
3236 2377 3478 2433 nitentes
3508 2393 3522 2442 ;

2185 2473 2332 2530 Ostia
2356 2474 2639 2546 relliquias
2667 2489 2902 2546 quorum
2935 2472 3080 2544 capit
3117 2485 3342 2542 aequore
3363 2468 3559 2524 lectas.

2187 2565 2455 2621 Obsessus
2485 2581 2607 2621 cum
2631 2567 2784 2636 prole
2815 2565 2988 2640 nigris
3018 2562 3284 2618 Gabinius
3303 2561 3502 2626 antris,

2188 2653 2433 2728 Longum
2459 2653 2555 2709 ubi
2587 2653 2880 2709 continuas
2905 2651 3099 2708 teritur
3119 2650 3365 2706 limando
3382 2655 3633 2715 catenas,

2189 2749 2395 2803 Emicat
2424 2764 2454 2803 e
2486 2747 2683 2802 vinclis
2719 2752 3015 2816 penetrans
3044 2743 3291 2799 coelestia
3321 2742 3487 2796 liber.

2190 2843 2398 2898 Aistuat
2428 2842 2645 2913 imperii
2673 2841 2829 2897 furor
2851 2840 3214 2915 aegrescitque
3236 2837 3472 2893 decoros

2190 2935 2273 2991 Ire
2305 2935 2448 3006 pios,
2481 2933 2817 3005 mandatque
2846 2947 2960 2987 sua;
2991 2929 3285 3003 perducier
3311 2929 3452 2983 aulae

2116 3064 2165 3133 C
2187 3029 2374 3085 Dotale
2406 3028 2660 3083 invictam
2692 3027 3012 3097 sociamque
3041 3024 3228 3080 venire
3253 3022 3452 3096 jugali,

2187 3122 2354 3188 Quam
2383 3121 2619 3177 stolidus
2647 3119 2907 3175 famulam
2926 3118 3188 3192 ignorans
3215 3115 3420 3187 pietate
3447 3111 3684 3184 superni

2185 3217 2370 3289 Regis,
2405 3231 2469 3271 ea
2495 3213 2875 3287 reputatﬂecti
2902 3211 2971 3267 ad
3001 3227 3100 3266 sua
3135 3211 3290 3279 jussa
3310 3209 3652 3264 Suzannam.

2181 3309 2391 3379 Accipit
2421 3315 2476 3363 at
2504 3316 2796 3379 postquam
2822 3305 2966 3360 votis
2999 3313 3054 3359 et
3091 3302 3344 3358 cantibus
3371 3300 3495 3355 illas

2184 3396 2481 3467 Exzequare
2503 3394 2672 3449 simul
2703 3399 2914 3461 noctes,
2948 3393 3021 3448 ita
3051 3391 3296 3447 condere
3324 3390 3473 3445 soles

2185 3489 2380 3544 Christi
2400 3488 2585 3554 laude,
2605 3488 2763 3557 jubet
2790 3485 2969 3542 soboli
2999 3491 3250 3542 revocata
3275 3482 3522 3554 paternis

2184 3579 2430 3640 IEdibus,
2461 3586 2522 3633 ut
2551 3593 2744 3648 presso
2769 3575 3058 3650 subigatur
3074 3575 3231 3648 virgo
3261 3572 3496 3645 pudore.

2186 3668 2519 3740 Adgaudens
2543 3666 2765 3736 juvenis
2789 3682 2943 3736 spem
2985 3663 3233 3735 praeripit
3297 3670 3463 3734 atque
3493 3661 3808 3729 reductam,

2183 3759 2351 3815 Nocte
2377 3759 2619 3814 abdente
2651 3758 2818 3830 nigrae
2837 3764 3011 3812 terras
3041 3754 3314 3810 velamine
3329 3753 3510 3825 pallae.

2182 3847 2419 3919 Appetit,
2453 3847 2847 3920 ingressusque
2886 3845 3110 3901 domum
3139 3844 3433 3916 splendore
3462 3857 3700 3900 corusco

2185 3937 2334 3991 Ilanc
2365 3935 2577 3990 radiare
2604 3935 2774 4002 videt,
2802 3927 3120 4006 superoque
3149 3933 3330 3988 nitore
3347 3933 3670 3987 micantem.

2182 4032 2446 4103 Obstupet
2476 4030 2732 4087 horriﬁco
2761 4029 3113 4086 tremefactus
3137 4029 3367 4094 lumine,
3399 4027 3574 4098 pallet

2182 4123 2473 4193 Marcidus,
2503 4121 2793 4188 exanimis,
2823 4120 3140 4192 repetitque
3170 4118 3371 4190 palatia
3391 4132 3605 4173 cassus.

2182 4218 2390 4294 Anguis
2415 4216 2470 4272 id
2500 4215 2712 4272 Atracio
2729 4224 2942 4288 gestum
2975 4215 3114 4270 dans
3132 4211 3380 4284 perfidus
3394 4227 3515 4280 ore,

2185 4314 2346 4368 Mittit
2367 4329 2492 4368 eum
2521 4311 2761 4367 Numicis
2789 4311 2849 4382 (Ἡ
2875 4317 3036 4385 cogat
3064 4308 3159 4380 qui
3191 4307 3420 4363 subdier
3435 4306 3568 4361 aris.

2099 4381 2162 4450 D
2183 4407 2380 4462 Jussus
2401 4407 2456 4462 in
2479 4407 2580 4460 ista
2609 4381 2971 4460 Macedonius
2989 4403 3120 4457 dum
3144 4400 3364 4456 ﬂectere
3397 4407 3597 4466 tentat,

2181 4500 2400 4557 Robore
2426 4501 2713 4555 subnixam
2737 4499 2862 4554 divo
2876 4513 2986 4553 non
3003 4496 3219 4552 caedere
3240 4495 3436 4567 parcit,

2177 4590 2439 4646 Fustibus
2463 4589 2676 4665 ignavis
2705 4589 2960 4661 quatiens
2991 4587 3079 4659 pia
3111 4586 3323 4641 viscera
3349 4583 3556 4660 ﬂagris.

2178 4681 2362 4738 Gloria
2385 4682 2636 4754 virgineo
2663 4681 2777 4755 regi
2791 4687 2950 4735 sonat
2980 4694 3077 4734 ore
3101 4692 3366 4749 superno,

2175 4770 2622 4841 Continuansque
2644 4769 2740 4824 Dei
2772 4767 2966 4823 laudes
2992 4767 3197 4822 invicta
3221 4764 3416 4820 feritur
3440 4781 3455 4831 ;

2173 4860 2315 4914 Ense
2343 4857 2734 4929 triumphalem
2763 4856 2992 4912 subiens
3008 4856 3257 4910 attollere
3274 4853 3510 4926 palmam

2173 4951 2323 5024 Eque
2355 4951 2522 5007 domu
2545 4949 2716 5021 patris
2741 4949 3036 5004 aetheream
3066 4946 3412 5002 transcendit
3433 4944 3489 5000 in
3519 4944 3717 5012 aulam,

2173 5041 2343 5095 Intrat
2369 5047 2422 5095 et
2447 5041 2641 5096 aeterni
2659 5040 2930 5096 thalamos
2949 5039 3276 5114 dignissima
3306 5037 3474 5111 regis.

2172 5131 2416 5186 Membra
2447 5131 2655 5188 Serena
2684 5132 2877 5205 legens
2907 5131 3156 5186 tenebris
3183 5130 3299 5199 dat,
3350 5137 3595 5187 aromate
3621 5129 3780 5186 multo

2173 5226 2388 5291 Condit,
2422 5233 2477 5283 et
2506 5226 2737 5284 involvit
2765 5227 2957 5282 nitidis
2994 5225 3409 5298 promptissima
3427 5226 3566 5282 velis

2173 5323 2350 5393 Atque
2372 5321 2523 5392 pium
2552 5319 2810 5374 manibus
2835 5325 3093 5394 satagens
3121 5333 3457 5389 componere
3482 5318 3662 5383 funus,

2175 5409 2351 5464 Patris
2382 5408 2673 5464 Alexandri
2691 5424 2852 5463 secus
2881 5423 3005 5464 ossa
3037 5408 3201 5464 beata
3233 5409 3508 5465 recondit.

2174 5502 2283 5556 Nec
2309 5501 2515 5571 patitur
2543 5508 2791 5556 sanctum
2806 5501 3003 5556 tellure
3034 5501 3206 5556 latere
3232 5517 3509 5567 cruorem,

2174 5588 2445 5644 Carbaseo
2475 5589 2641 5643 rimas
2668 5596 2920 5644 scrutans
2949 5589 3081 5660 quin
3111 5589 3511 5646 sumithonore

2174 5676 2552 5750 Candenlique
2583 5677 2773 5735 levans
2794 5678 2932 5751 tegit
2956 5677 3160 5749 inclyta
3192 5678 3340 5746 dona
3367 5679 3604 5741 metallo.
