3972 6208
193 309 295 367 713
807 307 888 360 DE
931 305 1185 360 CHRISTI
1225 303 1583 358 TRIUMPHIS
1625 303 1793 356 APUD
1839 301 2098 355 ITAIJAM
2144 301 2313 354 LIBRI
2357 301 2485 356 XIV.
2531 332 2592 340 —
2639 301 2757 356 LIB.
2805 302 2909 356 VII.

193 445 318 504 Quae
346 445 556 492 secreta
585 437 775 492 colens
796 436 1047 504 intraque
1077 432 1274 504 palatia
1303 447 1527 485 servans

193 533 409 586 Occulta
442 530 674 584 Domino
714 544 833 582 sese
874 527 1082 580 libabat
1121 525 1172 578 in
1215 541 1327 589 ara,

194 622 357 687 Hujus
389 620 516 673 rlum
541 618 749 672 meritis
781 622 967 670 evecta
1000 615 1205 667 levatur
1227 613 1278 665 in
1310 619 1451 665 astra

190 713 469 787 Sanguine
493 711 734 781 martyrii
769 709 898 764 Gaio
928 707 1176 763 eualestia
1217 714 1399 770 nacte,

189 804 358 874 Inque
402 802 510 873 poli
556 815 725 874 regno
764 799 956 852 merita
987 797 1257 850 renitente
1289 811 1514 862 corona,

186 895 535 958 Marcellinus
555 893 604 945 ei
637 892 788 945 sedis
814 890 1058 945 succedit
1091 891 1298 944 honore

184 986 257 1037 Ac
283 983 534 1053 sequitur
560 981 737 1047 lactis,
762 981 864 1035 sub
897 980 1092 1034 eodem
1116 980 1257 1033 colla
1289 985 1518 1048 tyranno

185 1074 469 1139 Deseetus,
501 1073 698 1127 coelum
725 1079 780 1126 et
809 1071 986 1141 pretio
1014 1067 1241 1123 cervicis
1261 1068 1519 1137 adeptus,

1836 441 1882 506 Α
1913 426 2154 496 Cumque
2184 427 2510 492 Antoninus,
2543 435 2650 481 tum
2679 427 2932 481 Claudius
2954 435 3116 498 atque
3150 428 3377 498 Cyrinus

1913 522 2152 575 Membra
2182 522 2272 574 ubi
2313 523 2455 575 nuda
2481 523 2666 590 jacent
2698 523 2919 596 triginta
2957 532 3010 578 et
3049 527 3294 596 quinque
3322 527 3520 581 diebus

1912 616 2036 670 Post
2068 634 2096 669 a
2123 617 2375 671 Marcello
2405 635 2526 671 cum
2553 619 2710 672 laude
2735 619 2987 692 leguntur
3003 630 3056 674 et
3088 621 3309 690 hymnis

1910 707 2060 761 Steva
2094 723 2191 777 per
2213 708 2535 763 immodicas
2564 709 2840 764 tribulatio
2861 711 3086 765 canduit
3114 712 3266 766 orbis

1907 795 2025 848 llaec
2057 805 2259 864 partes,
2292 812 2402 852 uno
2423 804 2630 851 tantum
2653 797 2753 850 sub
2788 815 2977 851 mense
3006 800 3244 866 dierum,

1905 884 1968 937 Ut
1997 892 2209 954 septem
2237 896 2402 957 atque
2433 887 2622 941 decem
2657 895 2787 941 tunc
2817 889 2985 942 millia
3009 905 3146 944 caesa
3181 890 3445 946 feruntur.

1902 977 2168 1048 Tempore
2200 994 2301 1033 nec
2326 996 2490 1049 parvo
2517 982 2715 1035 cretum
2742 983 2877 1036 actis
2905 983 3149 1054 undique
3175 985 3399 1052 sanctis,

1904 1068 2141 1124 Prmsule
2171 1072 2450 1141 przecipuo
2482 1074 2643 1126 sedes
2665 1073 2907 1127 Romana
2937 1076 3159 1129 vacarit.

1696 1224 1904 1279 CAPUT
1958 1226 2020 1280 ll.

1379 1354 1454 1412 De
1489 1356 1717 1412 sanctis
1759 1357 1959 1416 Primo
1992 1367 2042 1416 et
2079 1359 2322 1417 Felicia.

180 1500 332 1555 Tunc
361 1499 570 1554 Primus
602 1505 658 1553 et
685 1496 1013 1562 Felicianus,
1047 1512 1270 1550 auream

184 1589 365 1644 Evecti
396 1589 462 1643 ad
493 1588 708 1654 urbem,
731 1587 880 1641 caede
910 1588 1106 1642 etelum
1145 1594 1482 1656 competunt.

179 1684 284 1747 Qui
316 1681 558 1756 glorioso
598 1681 726 1735 dum
756 1681 1008 1734 renident
1039 1679 1277 1733 culmine

180 1773 496 1843 Christique
525 1773 671 1828 cultu
700 1761 1040 1843 gratiilantur
1065 1771 1281 1836 sedulo,

182 1865 602 1919 Calumniantur
619 1881 647 1918 a
681 1863 926 1935 profanis
948 1865 1191 1918 Romula:

180 1957 343 2010 Cives
369 1956 514 2026 quod
547 1955 698 2010 urbis
726 1956 844 2027 lege
869 1954 1064 2009 Christi
1093 1956 1360 2009 viverent.

179 2049 533 2113 Quaeruntur,
576 2047 908 2102 exhibentur
935 2048 1099 2102 ambo
1130 2046 1355 2120 regibus

179 2139 465 2210 Trudique
495 2138 715 2203 dantur,
750 2138 891 2192 ferro
923 2138 1126 2202 onusti,
1163 2138 1214 2190 in
1247 2152 1502 2199 carcere;

181 2235 303 2298 Qua
334 2234 607 2288 sublevati
638 2232 831 2288 etelico
863 2233 1061 2288 solatio

181 2324 443 2377 Gaudent
473 2322 697 2392 superni
729 2322 874 2395 regis
903 2321 978 2375 uti
1011 2321 1237 2375 nuntio:

182 2416 323 2469 Item
362 2413 571 2468 reducti
600 2412 914 2482 principum
947 2409 1332 2480 conspectihns

184 2505 338 2558 Fano
362 2501 622 2572 applicari
651 2501 986 2570 deputantur
1013 2498 1276 2564 llerculis,

187 2594 290 2648 Cui
330 2593 441 2646 liba
472 2591 614 2646 ferre
641 2590 776 2644 forte
803 2590 848 2643 si
879 2595 1295 2644 contemnerent

187 2684 439 2736 lmmane
463 2688 632 2736 tortos
657 2680 828 2753 ﬂagra
854 2679 971 2732 dira
993 2677 1314 2732 subderent.

183 2772 483 2827 Tormenta
517 2771 658 2825 victa
691 2769 947 2824 nuntiant
973 2769 1101 2822 dum
1146 2767 1348 2820 milites

188 2864 402 2933 Legant
429 2862 672 2916 furentes
699 2862 797 2916 hos
827 2861 1080 2916 Promoto
1116 2858 1394 2929 principes

186 2954 372 3008 Cruda
403 2954 684 3008 necandos
713 2953 1015 3024 quaestione
1043 2949 1282 3022 praesidi.

187 3048 330 3100 Item
353 3045 593 3100 tenebris
611 3045 993 3114 mancipantur
1013 3043 1246 3098 carceris

189 3141 446 3210 Itemque
478 3139 600 3193 (τωΙί
621 3138 952 3192 roborantur
977 3135 1209 3190 nuntiis.

191 3227 391 3281 Plures
424 3232 671 3280 teruntur
699 3225 794 3279 ubi
827 3225 969 3290 dies,
1002 3239 1207 3294 praeses
1228 3223 1388 3291 jubet

194 3319 338 3372 Foro
368 3316 435 3370 ad
478 3315 715 3370 tribunal
743 3315 991 3370 exhiberi
1021 3314 1351 3384 praesidens;

192 3408 482 3476 Responsa
515 3405 638 3460 forti
663 3404 1005 3476 proferentes
1028 3411 1250 3474 pectore

190 3500 346 3560 Quos
372 3494 615 3566 separari
641 3493 831 3548 fraude
856 3503 1044 3547 censet
1069 3490 1324 3556 subdola,

196 3587 465 3641 Fraterna
492 3585 726 3639 credens
755 3600 894 3656 quos
926 3592 1144 3640 tuentur
1173 3584 1394 3650 robora,

199 3681 300 3735 Vel
334 3687 622 3755 segregata
657 3679 1004 3750 supprimant
1033 3678 1354 3734 certamina.

203 3771 543 3827 Felicianum
575 3771 705 3825 hinc
725 3771 924 3826 caidier
956 3771 1242 3835 mandans,
1271 3769 1386 3824 foro

204 3864 528 3933 Spectantc,
573 3860 780 3932 plumbi
812 3860 1140 3930 proterentis
1180 3859 1425 3921 verbere,

201 3953 330 4017 Aut,
362 3951 582 4024 deligat,
619 3949 882 4020 proponit
913 3958 970 4002 ut
1001 3949 1155 4003 laetos
1185 3948 1304 4002 dies

201 4047 310 4098 Aut
336 4044 642 4118 cogitandis
669 4043 932 4098 macerari
965 4041 1253 4096 machinis.

201 4137 270 4188 At
303 4133 393 4188 ille
427 4151 439 4186 :
489 4154 510 4182 α
555 4132 648 4187 Cui
676 4132 882 4187 servire
911 4131 1040 4206 legi,
1072 4130 1342 4184 serviam:

205 4230 326 4282 lere
350 4228 464 4296 jam
493 4227 771 4302 octOginta
801 4242 989 4281 cursus
1021 4234 1327 4294 temporum

203 4319 336 4373 Mihi
357 4325 548 4390 terque
569 4319 698 4373 deni
728 4327 786 4373 ut
813 4318 1099 4373 veritatem
1129 4332 1394 4386 comperi,

204 4411 372 4477 Queis
395 4412 471 4465 nil
501 4419 800 4468 retrectans
829 4410 1012 4465 seaculi
1045 4410 1114 4464 de
1145 4408 1364 4483 nugulis

203 4505 424 4560 Servire
453 4520 668 4559 summo
693 4503 969 4558 Conditori
995 4502 1231 4572 praetuli.
1273 4521 1296 4551 »

1843 4352 1898 4419 D

1910 1496 2082 1551 Stanti
2115 1499 2320 1554 renecti
2341 1500 2637 1554 destinavit
2661 1501 2834 1570 stipiti

1909 1589 2258 1660 Sudibnsqne
2292 1591 2498 1660 palmas
2519 1590 2812 1660 perforavit
2833 1609 2895 1646 ac
2919 1592 3090 1661 pedes
3117 1611 3130 1652 ;

1829 1696 1880 1763 Β
1911 1679 2118 1751 Diuque
2143 1689 2362 1747 tortum,
2392 1699 2494 1736 nec
2525 1682 2664 1736 cibis
2688 1699 2782 1752 per
2814 1690 2920 1737 tres
2953 1683 3072 1736 dies

1910 1774 2112 1827 Potnve
2145 1773 2308 1827 fovit:
2334 1773 2440 1827 alta
2476 1772 2668 1828 Christi
2691 1775 2787 1828 sed
2822 1791 3015 1829 manus

1908 1866 2011 1919 Alit
2040 1864 2275 1920 levando
2306 1867 2681 1937 protegentis;
2715 1867 2807 1937 qui
2839 1868 2931 1920 Dei

1911 1957 2041 2011 Dum
2071 1956 2230 2011 laude
2253 1957 2455 2030 gaudet
2485 1974 2810 2027 permanere
2837 1957 3133 2012 immobilis

1912 2047 2042 2100 Item
2073 2045 2304 2118 ﬂagellis
2334 2046 2635 2116 imperatur
2671 2046 2846 2111 affici;

1909 2141 2016 2195 Nec
2043 2141 2121 2195 sic
2151 2142 2433 2204 subactus,
2461 2143 2616 2196 laetus
2641 2142 2812 2196 antris
2847 2141 3103 2203 truditur,

1908 2230 2250 2302 Sanctusque
2281 2231 2497 2285 Primus
2526 2232 2889 2286 lancinandus
2919 2233 3129 2286 sistitur

1909 2318 2005 2380 Qui
2051 2317 2206 2371 valde
2235 2319 2393 2372 saevis
2414 2328 2721 2374 maceratus
2751 2320 3005 2381 fustibus.

1910 2406 2088 2460 Victor
2113 2414 2317 2462 catasta
2339 2407 2658 2462 sublevatur
2685 2410 2884 2472 editus,

1913 2494 2122 2548 Circum
2149 2497 2440 2568 ﬂagrantes
2471 2498 2780 2568 accipitque
2810 2498 3128 2569 lampades;

1914 2588 2150 2641 Invictus
2179 2589 2286 2643 alto
2315 2589 2442 2642 dum
2479 2590 2691 2644 renidet
2721 2591 2908 2660 praelio

1916 2676 2068 2730 Humi
2101 2678 2315 2731 refusus
2335 2678 2642 2747 applicatur
2667 2678 2889 2742 lectulo,

1919 2771 2324 2843 Plumbumque
2353 2772 2406 2826 in
2430 2790 2525 2827 ora
2556 2773 2795 2827 bulliens
2815 2774 2944 2827 dum
2977 2773 3222 2828 funditur

1914 2861 2225 2915 Felicianus
2257 2863 2377 2916 dira
2402 2862 2581 2917 visere
2609 2863 2843 2916 additur.

1915 2953 2266 3024 Angustiatur
2296 2970 2506 3023 praeses
2545 2953 2738 3009 ambos
2778 2954 3001 3008 intuens

1837 3064 1887 3133 Ο
1919 3041 1976 3094 In
2007 3041 2167 3094 laude
2198 3040 2391 3096 Christi
2421 3042 2644 3113 gloriari
2674 3042 3006 3107 immobiles,

1917 3133 2261 3204 Gemensque
2290 3134 2485 3200 victus,
2510 3134 2913 3204 amphitheatro
2934 3134 3071 3203 jube

1917 3225 2039 3280 Dari
2069 3225 2250 3280 furore
2282 3226 2519 3293 bestiali,
2547 3235 2604 3280 ut
2631 3227 2846 3297 expleat

1919 3314 2071 3378 Quod
2104 3330 2211 3368 non
2246 3314 2498 3387 ﬂagellis,
2531 3315 2679 3386 igne,
2713 3318 2854 3370 ferro
2884 3317 3158 3384 praevalet.

1920 3403 2063 3457 Missi
2087 3403 2275 3457 leones
2303 3403 2369 3455 ad
2403 3403 2571 3471 pedes
2603 3405 2794 3458 horum
2829 3414 2995 3458 ruunt

1926 3494 2173 3564 Agnique
2207 3493 2331 3547 facti
2361 3503 2513 3547 torva
2541 3493 2708 3547 corda
2737 3493 3010 3560 nesciunt,

1924 3583 2169 3656 Aguntur
2199 3581 2330 3646 ursi,
2364 3591 2418 3635 et
2450 3581 2502 3633 hi
2529 3581 2745 3651 piorum
2776 3581 2950 3655 gloria

1926 3671 2326 3724 lmmanitatem
2359 3677 2541 3724 mente
2583 3679 2795 3724 mutant
2819 3670 3022 3724 sobria.

1925 3760 2117 3814 Isthzec
2138 3775 2341 3814 corona
2370 3767 2641 3814 contuens
2670 3760 3033 3830 Spectantium

1925 3853 2182 3924 Mirisque
2221 3852 2346 3906 tacti
2379 3853 2545 3908 corda
2576 3852 2975 3907 decertantium

1927 3943 2150 3996 Dextras
2180 3942 2310 3996 fidei
2341 3943 2408 3997 ad
2441 3942 2593 3997 mille
2625 3942 2960 4018 quingentos
2990 3943 3191 3998 ferunt.

1928 4039 2140 4110 Angore
2171 4044 2358 4107 septus
2386 4053 2587 4107 pneses
2615 4038 2860 4108 undique
2889 4038 3111 4092 horrido

1928 4127 2185 4181 Mucrone
2210 4127 2344 4180 ceedi
2375 4127 2710 4198 gratulantes
2738 4128 3017 4198 praecipit;

1931 4217 2101 4288 Regni
2127 4232 2358 4270 coronas
2387 4215 2466 4269 sic
2492 4216 2893 4284 triumphantes
2915 4224 3125 4285 petunt,

1928 4307 2016 4361 Sic
2039 4324 2208 4380 regna
2238 4306 2361 4361 ρωΙὶ
2385 4305 2611 4380 gloriosi
2642 4307 2901 4371 subeunt,

1932 4399 2136 4470 Pioque
2159 4398 2536 4452 Numentanus
2565 4413 2733 4470 agger
2758 4397 2964 4467 cespite

1933 4494 1973 4546 A
2003 4493 2322 4547 Christianis
2360 4500 2511 4562 rapta
2539 4492 2727 4547 condit
2756 4491 3008 4566 pignora.

3415 303 3475 357 7‘l
3489 305 3518 358 4

201 4594 293 4648 Sic
330 4593 661 4665 gloriantem
695 4607 900 4662 praeses
938 4591 1138 4645 ardens
1168 4591 1412 4654 vincere,

1696 4683 1907 4740 CAPUT
1958 4686 2050 4740 III.

1537 4823 1610 4881 De
1650 4829 1855 4881 sancto
1899 4821 2191 4881 Pancrati
2210 4870 2217 4877 .

207 4960 528 5016 Pancratius
560 4975 695 5030 puer
724 4960 825 5014 hac
854 4975 1012 5034 reges
1045 4959 1146 5013 sub
1181 4966 1360 5032 strage
1393 4957 1689 5027 triumphat

207 5054 600 5122 Eternamque
626 5060 776 5122 parat
796 5052 991 5122 capitis
1015 5051 1269 5106 mercede
1298 5064 1578 5104 coronam.
1935 5051 2102 5116 Quem
2144 5061 2370 5121 patruus
2401 5051 2531 5106 fovit
2556 5052 2866 5122 Dionysius,
2897 5060 3060 5124 atque
3091 5052 3261 5106 dicari

209 5146 454 5200 Membra
485 5144 574 5214 pio
599 5144 820 5214 rapiens
849 5143 1032 5198 studio
1073 5142 1334 5197 Octavilla
1357 5147 1628 5204 venustat,
1935 5144 2103 5198 Fonte
2120 5143 2270 5197 dedit
2303 5142 2443 5208 vitae,
2479 5143 2788 5214 Christique
2810 5145 3060 5198 accendit
3087 5161 3295 5209 amore,

215 5237 370 5292 llaud
407 5237 594 5307 procul
639 5237 784 5291 Urbe
815 5243 1028 5308 tegens,
1062 5235 1232 5288 virtus
1261 5233 1354 5287 ubi
1387 5233 1550 5305 digna
1583 5236 1833 5300 petentes
1936 5235 2148 5290 Robore
2169 5234 2398 5287 ﬁrmavit
2427 5233 2544 5288 fuso
2577 5234 2784 5308 fulgere
2815 5251 3030 5300 cruore,

215 5325 449 5377 Damnat
480 5324 735 5378 inimicos
764 5323 994 5394 verique
1025 5323 1255 5378 adversa
1288 5321 1546 5373 ferentes.
1936 5326 2136 5395 Sicque
2158 5326 2303 5380 diem
2336 5325 2601 5379 claudens
2635 5327 2849 5396 pietatis
2871 5343 3003 5396 pace
3034 5327 3261 5398 quievit.

212 5412 473 5466 Traditur
505 5413 612 5466 huc
641 5412 685 5466 Si
714 5413 837 5482 quis
868 5411 1050 5465 veniat
1080 5409 1321 5480 Periuria
1351 5415 1588 5461 "11013113
1935 5419 2085 5472 Tune
2113 5419 2265 5491 virgo
2298 5418 2543 5474 illlustris
2573 5437 2754 5474 veram
2788 5429 2870 5475 est
2902 5421 3109 5475 lucrata
3144 5421 3375 5474 salutem

211 5504 414 5570 Edere,
441 5504 525 5559 vel
551 5504 671 5559 diro
702 5505 910 5575 rapitur
940 5501 1241 5572 spiramine
1275 5507 1468 5568 captus
1943 5507 2197 5577 Corporis
2226 5509 2411 5562 attritu
2439 5511 2664 5579 capiens
2705 5511 2809 5565 hoc
2837 5509 3055 5564 turbine
3084 5511 3342 5579 palmam.

212 5592 310 5648 Vel
344 5592 608 5662 delapsus
638 5592 802 5647 humo
830 5591 1024 5648 vitales
1049 5588 1450 5644 deseritauras.
1943 5595 2107 5648 Sacra
2135 5595 2243 5649 Deo
2264 5595 2470 5650 Soteris
2496 5599 2561 5668 (‘2)
2593 5606 2647 5654 et
2675 5605 2858 5654 mente
2888 5605 2944 5652 et
2973 5613 3202 5667 corpore
3234 5597 3381 5652 felix.

1938 4956 2071 5010 Hinc
2089 4955 2244 5010 multi
2269 4957 2412 5010 hunc
2440 4956 2647 5010 adeunt
2677 4957 2996 5012 discrimina
3023 4964 3170 5012 certa
3198 4964 3473 5031 rogantes,

525 5777 826 5837 PATROL.
883 5772 1218 5836 CXXXV.
