3972 6208
492 305 596 359 Ἠῦ
1250 303 1614 359 FLODOARDI
1658 305 1962 360 EANUNICI
2006 303 2332 359 REMENSIS
2372 299 2710 358 OPUSCULA
2751 297 3036 353 METRICA
3737 295 3829 350 ’716

1991 442 2198 498 CAPUT
2246 441 2330 496 ιν.

1498 555 1573 613 De
1600 557 1825 614 sanctis
1866 554 2143 625 Claudio,
2178 554 2515 612 Nicostrata
2545 559 2596 609 et
2625 551 2826 609 sociis.

494 690 750 744 Claudius
775 697 939 760 atque
964 690 1299 746 Nicostratus
1325 707 1448 746 cum
1481 692 1881 762 Symphoriano
2133 698 2181 763 Α
2212 689 2508 761 Lampadio
2530 688 2909 758 disquirantur
2938 689 3201 739 censente
3235 680 3476 736 tribuno.

494 781 845 853 Castorioque
873 781 1221 849 renidebant,
1254 783 1508 837 excidere
1539 782 1685 838 docti
2213 783 2358 848 Quos
2382 781 2474 836 ille
2499 778 2830 854 aggrediens
2859 775 3170 848 Hyperiona
3199 774 3397 829 suadet
3425 771 3671 826 adorent

491 874 777 938 Marmora,
810 874 1112 945 priscorum
1147 873 1315 929 facies
1347 873 1610 946 efﬁngere
1639 874 1708 928 ad
1738 890 2000 948 unguem.
2215 874 2508 930 Consilium
2538 872 2847 926 delatorum
2870 883 2981 941 quo
3003 875 3222 924 vertere
3248 864 3462 936 possint

491 965 840 1039 Seeptrigero
869 966 998 1020 hinc
1022 965 1170 1020 chari
1195 965 1431 1020 formant
1460 966 1528 1020 ad
1551 967 1704 1034 jussa
1727 966 1966 1031 metalla,
2216 968 2294 1022 Illi
2362 973 2694 1021 constanter.
2743 989 2761 1008 -
2809 961 3065 1016 Mannum
3145 972 3426 1029 nunquam
3485 952 3683 1021 edita‘,
3747 968 3834 1007 no-

493 1055 811 1127 Cunctaque
839 1072 938 1127 pro
969 1057 1112 1112 votis
1146 1074 1490 1128 quaecunque
1530 1057 1769 1127 inccnpta
1808 1062 2112 1129 sequuntur
3581 1047 3778 1119 [suum

494 1148 627 1201 Dum
649 1147 806 1220 signo
837 1149 1054 1202 munire
1085 1149 1262 1203 crucis
1290 1149 1573 1204 molimina
1595 1156 1789 1204 curant
2211 1151 2440 1207 Oramus
2466 1150 2755 1205 Dominum
2788 1145 2935 1212 cmli,
2969 1145 3065 1200 sed
3097 1143 3190 1216 qui
3225 1142 3463 1214 imperat
3492 1139 3618 1196 orbi

493 1233 808 1304 Simplicius
833 1233 1084 1304 quidam,
1118 1235 1307 1306 dispar
1336 1244 1542 1301 mente,
1572 1247 1687 1292 arte
1716 1236 1944 1302 sodalis,
2214 1241 2381 1294 Filius
2413 1240 2527 1309 ipse
2556 1239 2672 1304 Dei,
2697 1238 2791 1309 qui
2824 1234 3070 1291 condidit
3099 1231 3307 1296 omnia,
3331 1229 3460 1286 vivi.
3508 1252 3534 1275 ι.

499 1327 630 1379 Dum
661 1327 922 1381 comitum
952 1327 1143 1398 nequit
1166 1327 1390 1402 ingenio
1420 1311 1671 1383 conferre
1699 1328 1967 1394 laborem,
2214 1328 2467 1384 Pluribus
2488 1329 2616 1383 hinc
2647 1324 2975 1388 orsis,varia
2997 1335 3219 1394 quoque
3241 1317 3434 1373 fraude
3475 1314 3691 1385 petitos

495 1417 884 1488 Sollicitusque
908 1435 1138 1474 manens
1165 1420 1360 1490 quaerit
1381 1421 1464 1474 vel
1497 1420 1622 1491 quis
1655 1421 1797 1474 Deus
1827 1421 2022 1474 horum
2216 1422 2347 1474 Dum
2393 1427 2639 1490 perstant
2659 1418 2827 1473 validi
2857 1416 3112 1472 custodia
3151 1406 3582 1484 publicasumit;

497 1503 728 1559 Nomine
746 1505 848 1559 sub
877 1507 1036 1575 cujus
1065 1515 1171 1560 tam
1205 1516 1422 1577 compta
1449 1507 1686 1561 edantur
1715 1513 1768 1561 et
1798 1514 1942 1576 apta,
2219 1514 2392 1580 Atque
2423 1507 2530 1562 ﬁde
2562 1507 2752 1567 Christi
2777 1505 2914 1560 verti
2943 1520 3054 1560 non
3087 1517 3252 1574 posse
3284 1496 3523 1571 probati,

496 1593 929 1664 Symphorianus
949 1595 998 1648 ei
1022 1595 1123 1649 hoc
1153 1596 1336 1650 studio
1351 1604 1568 1650 secreta
1598 1595 1845 1668 roganti:
2214 1601 2473 1674 Tegmine
2503 1599 2782 1654 nudantur
2803 1596 3102 1670 ﬂagrisque
3132 1597 3390 1648 secantur
3406 1585 3602 1642 acutis.

498 1702 527 1732 α
562 1683 804 1738 Credere
826 1685 870 1738 si
895 1685 1096 1749 valeas,
1128 1685 1326 1756 inquit,
1350 1686 1657 1756 pandemus
1689 1692 1934 1739 utartem
2223 1689 2548 1760 Lampadius
2580 1688 2711 1742 dum
2733 1686 2963 1741 dilaniat
2992 1683 3366 1751 torvoimpete
3396 1682 3616 1733 sanctos

499 1773 772 1838 Invenias,
804 1774 1102 1845 capiasque
1129 1775 1317 1847 jugem
1343 1776 1465 1830 sine
1490 1776 1661 1830 limite
1690 1775 1875 1829 vitam.
1911 1798 1936 1824 ιν
2221 1781 2476 1834 Daemone
2498 1785 2802 1848 correptus,
2835 1784 2975 1830 tetro
3003 1771 3314 1827 demittitur
3339 1770 3497 1833 Orco,

498 1863 727 1934 Moxque
757 1863 864 1919 ﬁde
895 1876 1117 1921 ostensa
1144 1867 1402 1930 solidant,
1440 1875 1740 1938 sanctoque
1779 1867 1976 1937 Cyrillo
2221 1870 2429 1924 Auditis
2458 1870 2658 1941 quibus
2688 1870 2964 1942 Augustus
2987 1864 3238 1935 furiaque
3278 1861 3523 1931 repletus

498 1954 831 2008 Sacrandum
865 1957 1168 2023 assignant,
1203 1957 1328 2010 diva
1358 1974 1521 2027 quem
1546 1957 1706 2011 diluit
1737 1957 1884 2010 unda
2143 2018 2186 2032 __
2222 1963 2438 2018 Mandat
2467 1962 2544 2016 uti
2589 1960 2816 2032 plumbo
2853 1957 3013 2014 loculi
3033 1957 3306 2011 ducantur
3332 1961 3387 2007 ct
3413 1951 3526 2006 illic

503 2045 871 2117 lnformatque
902 2047 1089 2110 sacris,
1123 2058 1176 2102 et
1207 2049 1434 2118 mystica
1466 2049 1610 2103 dona
1643 2048 1847 2102 revelat
2143 2018 2190 2084 Β
2218 2054 2551 2109 Claudantur
2580 2053 2710 2117 vivi,
2742 2051 3003 2122 fluviique
3034 2055 3290 2122 tegantur
3319 2045 3374 2100 in
3409 2042 3593 2107 undis,

502 2134 608 2187 Nec
636 2134 857 2207 longum
883 2151 912 2189 a
941 2135 1184 2206 SOphicis
1215 2135 1377 2190 delati
1413 2135 1600 2189 munia
1633 2136 1827 2189 Christi
2226 2144 2351 2198 Post
2378 2158 2626 2197 mensem
2657 2141 2742 2194 bis
2771 2155 2979 2211 sexque
3007 2139 3126 2193 dies
3146 2137 3368 2191 inventa
3388 2131 3569 2188 ﬁdelis

505 2230 814 2294 Deeertare,
849 2245 951 2284 nec
981 2230 1216 2284 indictos
1245 2229 1520 2285 excudere
1544 2231 1701 2285 divos
2226 2235 2558 2290 Nicodemus
2587 2233 2811 2304 quidam
2844 2231 2989 2286 levat
3018 2229 3204 2296 undis,
3236 2228 3378 2283 alma
3409 2223 3672 2294 domique

503 2320 672 2387 Velle,
701 2321 966 2389 jubentur
994 2321 1072 2376 uti
1101 2321 1274 2378 doctae
1300 2322 1678 2379 moderamine
1711 2322 1910 2396 linguae
2226 2322 2461 2396 Pignora
2491 2339 2619 2378 cum
2649 2321 2842 2377 loculis
2868 2319 3110 2390 pretiosa
3125 2317 3329 2375 talenta
3346 2312 3612 2371 recondit.

2014 2456 2224 2511 CAPI‘T
2261 2457 2322 2514 V.

1658 2565 1736 2624 De
1762 2573 1968 2624 sancto
1995 2563 2210 2624 Severo
2241 2582 2309 2623 ac
2334 2565 2686 2626 Severiano.

506 2692 741 2748 Severus
762 2707 825 2748 ac
856 2691 1183 2746 Severianus
1212 2691 1562 2762 postmodum
1971 2711 1976 2714 ·
2224 2688 2352 2753 Quae
2383 2689 2436 2743 ni
2467 2693 2779 2759 precentur,
2810 2685 2960 2741 caede
2992 2681 3251 2755 plumbea
3282 2678 3506 2744 cadent,

505 2781 788 2852 Simulque
807 2780 1138 2845 Victorinus,
1171 2788 1336 2850 atque
1369 2781 1564 2834 horum
1597 2794 1784 2834 comes
2223 2781 2454 2836 Mactata
2485 2780 2753 2835 mandans
2785 2779 2841 2833 in
2862 2777 3042 2850 platea
3063 2790 3296 2848 corpora

506 2869 910 2939 Carpophorus,
944 2869 1048 2922 acti
1079 2868 1145 2922 ad
1163 2884 1337 2934 sacra,
1372 2867 1522 2922 nullo
1553 2867 1838 2938 subjacent
2225 2869 2466 2924 Canibus
2496 2868 2736 2939 relinqui
2763 2868 2848 2924 vel
2880 2866 3011 2921 feris
3042 2863 3384 2921 volucribus.

508 2962 683 3016 Litare
704 2978 890 3028 suasu,
915 2977 1017 3015 nec
1035 2961 1220 3027 minis,
1257 2977 1360 3015 nec
1383 2960 1668 3015 fraudibus
2224 2962 2354 3026 Quae
2388 2963 2504 3016 sole
2536 2960 2726 3033 quinto
2766 2965 2993 3030 exposta
3025 2965 3315 3030 postquam
3346 2954 3428 3010 sic
3452 2953 3638 3022 jacent

506 3053 721 3116 Queunt
749 3050 957 3105 moveri
990 3050 1131 3104 colla
1159 3050 1294 3105 dent
1319 3056 1378 3104 ut
1406 3049 1612 3120 impiis.
2227 3054 2429 3110 Levant
2460 3054 2535 3126 pii
2576 3054 2806 3109 collecta
2837 3051 3034 3107 Christi
3065 3050 3331 3107 vernulae.

509 3143 631 3197 llch
661 3143 977 3199 turbulento
999 3144 1126 3199 dum
1155 3144 1393 3199 citantur
1422 3143 1680 3215 principi,
2223 3143 2513 3199 Praemissa
2536 3144 2688 3213 juxta
2717 3142 3055 3199 collocantes
3093 3139 3291 3195 funera

504 3232 668 3287 Jubct
697 3233 1044 3304 applicentur
1079 3240 1204 3289 ante
1225 3248 1381 3288 sacra
1411 3232 1668 3303 Asclepii,
2225 3232 2323 3287 Ubi
2355 3240 2410 3289 et
2435 3232 2654 3288 coronis
2681 3231 2990 3307 gloriantur
3015 3235 3275 3301 quatuor.

2009 3356 2220 3412 CAPUT
2262 3357 2348 3411 Vl.

1858 3467 1936 3526 De
1973 3475 2180 3527 sancto
2225 3467 2492 3528 Genesio.

509 3606 793 3661 Mimorum
823 3605 1085 3677 princeps
1113 3605 1423 3678 lepidaeque
1455 3605 1722 3660 Genesius
1751 3603 1882 3659 artis
2154 3608 2203 3674 (ζ
2232 3605 2300 3660 Se
2323 3605 2595 3662 charisma
2625 3605 2721 3662 Dei
2746 3606 2876 3663 totis
2905 3605 3115 3663 ambire
3141 3604 3423 3672 medullis,

511 3695 748 3749 Vertitur
774 3695 1085 3766 etquatitur
1117 3696 1308 3750 tritura
1339 3695 1459 3760 hac,
1493 3700 1657 3764 atque
1685 3693 1967 3764 probatur,
2232 3694 2348 3758 Quo
2386 3705 2684 3751 renovatus
2710 3697 2890 3768 aquis,
2919 3695 3103 3768 pravis
3131 3695 3380 3766 rapiatur
3411 3691 3480 3749 ab
3519 3693 3682 3749 actis.

513 3789 883 3858 lnventusque
919 3787 1126 3858 probus
1154 3787 1488 3860 dignusque,
1522 3786 1635 3856 poli
1666 3786 1860 3842 horrea
1891 3784 2124 3841 scandit.
2233 3783 2410 3855 thue
2432 3784 2760 3840 sacramenti
2785 3785 3129 3856 complentes
3153 3785 3382 3856 mystica
3414 3782 3614 3838 Christi

512 3877 609 3931 Hic
638 3884 820 3931 torvos
847 3876 1010 3949 nugis
1033 3876 1248 3930 animos
1276 3875 1451 3929 lenire
1483 3881 1675 3930 suetus
2232 3872 2485 3928 Vestibus
2506 3873 2653 3928 hunc
2682 3873 2944 3930 decorant
2975 3874 3135 3940 albis,
3163 3889 3287 3928 mox
3314 3872 3489 3928 milite
3519 3879 3718 3942 raptus

513 3969 802 4040 Principis,
837 3977 1000 4040 atque
1024 3967 1169 4022 feros
1200 3967 1330 4023 ludo
1361 3984 1696 4039 componere
1727 3983 1956 4033 sensus;
2232 3961 2454 4017 Sistitur
2481 3971 2539 4016 ut
2571 3963 2699 4018 ludo
2730 3963 2914 4034 Specie
2946 3964 3177 4019 scitetur
3203 3962 3376 4017 inani.

513 4059 740 4114 Deditus
772 4063 826 4111 et
855 4057 1084 4128 placitos
1110 4057 1404 4130 grassatori
1427 4056 1594 4111 edere
1622 4062 1832 4130 gestus,
2231 4051 2324 4106 Ille
2358 4053 2517 4106 datus
2547 4068 2729 4108 coram
2761 4052 2909 4107 subit
2926 4052 3077 4108 edita
3105 4053 3296 4125 sicque
3319 4050 3565 4124 profatus

515 4149 788 4205 Festivum
818 4147 1076 4203 simulare
1104 4147 1313 4214 dolum,
1348 4148 1402 4202 in
1429 4148 1608 4203 derisa
1638 4147 1844 4203 referre
2232 4145 2487 4200 Inchoat:
2534 4165 2559 4195 «
2601 4144 2760 4211 Audi,
2791 4146 3056 4218 Auguste,
3083 4145 3224 4215 jocis
3254 4144 3530 4200 exercitus
3560 4149 3754 4198 astans

512 4239 730 4295 Crudeli
757 4237 1013 4293 infensos
1028 4238 1237 4310 captori
1268 4238 1481 4293 ludicra
1510 4237 1662 4291 ritus.
2233 4239 2427 4294 Audiat
2456 4246 2511 4294 et
2549 4239 2738 4311 populi
2769 4239 3049 4310 sapientes
3076 4239 3233 4294 urbis
3253 4240 3454 4310 opima:

515 4336 654 4410 Ergo
695 4336 786 4390 die
809 4335 1046 4406 quodam
1083 4341 1304 4389 tentans
1324 4332 1565 4387 ludenda
1597 4345 1790 4403 parare
2233 4331 2528 4386 Advertant
2553 4347 2565 4384 :
2595 4346 2698 4402 ego
2729 4329 3064 4386 Christicolae
3095 4329 3183 4384 vel
3213 4344 3418 4385 nomen
3441 4329 3754 4386 abhorrens

518 4428 780 4484 Perverso
811 4428 1106 4499 spectatori
1129 4427 1390 4498 mysteria
1421 4425 1616 4479 Christi
2234 4423 2428 4478 Christi
2455 4423 2785 4478 insultabam
2816 4422 3034 4478 famulis
3054 4423 3314 4494 ipsosque
3346 4430 3602 4493 parentes

516 4521 775 4595 Nugator,
809 4520 991 4575 medio
1023 4519 1283 4591 pr0ponit
1312 4533 1529 4573 acrama
1549 4519 1762 4574 theatro
2237 4515 2486 4572 Nominis
2515 4532 2805 4572 exsecrans
2834 4515 2994 4571 titulo
3028 4524 3137 4571 tam
3163 4515 3368 4571 risibus
3395 4524 3544 4588 apta,

515 4615 580 4670 Ut
602 4615 768 4670 cubet
793 4620 1032 4688 aagrotus
1053 4619 1361 4684 poscatque
1381 4613 1556 4667 salute
1587 4612 1879 4667 lavacrum.
2238 4612 2419 4668 Rebar
2435 4620 2495 4667 ut
2523 4617 2581 4671 in
2613 4624 2862 4672 nostrum
2888 4615 3148 4686 mysteria
3167 4623 3384 4671 vertere
3422 4613 3615 4669 ludum

517 4729 540 4752 ι-
585 4703 733 4772 Ileia,
770 4703 968 4776 inquit,
1000 4702 1194 4770 nostri,
1225 4701 1406 4775 gravis
1444 4718 1536 4770 en,
1572 4701 1730 4767 levis,
1754 4707 1973 4772 expeto,
2000 4701 2085 4755 red

1848 4707 1973 4765 ’θεον
2000 4700 2134 4755 νεά·
2238 4713 2449 4769 Niterer
2472 4711 2652 4767 excito
2675 4718 2895 4782 turpare
2922 4726 3122 4764 arcana
3152 4710 3416 4776 cachino;

1927 4793 2066 4865 [dan
2238 4805 2330 4860 Ast
2358 4810 2418 4859 ut
2446 4817 2618 4874 aquas
2646 4799 2803 4872 tetigi
2836 4798 3077 4870 ﬁdeique
3109 4798 3321 4870 profata
3353 4799 3604 4870 rependi,

514 4888 790 4964 Collegae?
821 4919 882 4928 —
917 4886 1144 4942 Fabrine
1170 4899 1384 4951 sumus:
1410 4891 1461 4938 ιε
1491 4889 1584 4938 am
1617 4884 1847 4939 Γυηοίηδ
1878 4889 2061 4940 ηοεῑτδ
2152 4911 2211 4980 D
2240 4897 2460 4954 Coelitus
2489 4894 2749 4951 emissam
2775 4891 2939 4948 video
2973 4891 3108 4946 mihi
3127 4892 3350 4948 verticis
3374 4892 3483 4948 alta

517 4983 645 5038 Esse
685 4982 858 5037 levem
889 4978 1094 5034 faciet?
1131 4999 1160 5029 ι)
1203 4976 1394 5048 Popilli
1425 4975 1605 5031 ridere
1643 4991 1847 5032 corona
2152 4975 2197 4980 —
2237 4985 2545 5042 Protexisse
2566 4998 2811 5049 manum,
2841 4980 2963 5036 coeli
2989 4996 3075 5035 me
3101 4980 3342 5036 ambisse
3361 4982 3592 5039 colonos

513 5073 747 5131 Vesani:
780 5073 872 5127 ille
901 5071 1084 5127 subit:
1130 5091 1155 5122 α
1199 5068 1394 5126 Christi
1421 5069 1546 5124 volo
1577 5067 1754 5123 cultor
1791 5066 1947 5122 obire
2236 5076 2466 5132 Lumine
2497 5073 2792 5147 fulgentes,
2826 5085 3027 5140 supero
3051 5069 3310 5142 libroque
3337 5071 3572 5127 citantes

515 5197 580 5205 --
609 5164 808 5230 Quare,
831 5159 1030 5217 aiunt?
1056 5191 1126 5200 —
1156 5159 1400 5227 Summa,
1443 5159 1555 5224 ille,
1597 5158 1688 5214 die
1709 5171 1819 5230 quo
1853 5157 2135 5234 transfuga
2234 5170 2363 5236 Quae
2393 5166 2542 5243 gessi
2566 5181 2597 5220 a
2626 5177 2799 5235 puero
2828 5162 2992 5228 mala,
3033 5160 3396 5234 delentesque
3426 5162 3646 5219 lavacro

1770 5253 1991 5325 [sumar.
2032 5277 2059 5302 ιι
2236 5259 2578 5330 Scripturam
2613 5255 2754 5308 hanc
2777 5252 2898 5323 ipso
2927 5251 3133 5306 tinctus
3165 5267 3276 5322 quo
3307 5251 3578 5307 candidus
3607 5259 3747 5309 asto.

514 5345 774 5401 Ecclesiae
806 5345 1016 5401 accitus
1052 5345 1201 5401 venit
1228 5344 1519 5410 exorcista,
1547 5343 1826 5410 sacerdos,
2235 5353 2298 5408 Et
2326 5351 2452 5405 nive
2480 5345 2800 5404 candidiore
2827 5343 2958 5399 dein
3001 5343 3298 5414 splendore
3319 5358 3571 5401 corusco.

512 5437 614 5502 Qui
657 5437 796 5493 lecto
827 5452 990 5492 secus
1012 5438 1263 5493 assidunt
1293 5437 1449 5509 quasi
1480 5436 1695 5492 lusibus
1715 5437 1868 5512 aegri.

2236 5445 2440 5517 lnclyte
2471 5459 2619 5500 nunc
2659 5440 2822 5512 igitur
2851 5439 3126 5510 princeps,
3160 5438 3464 5510 populique
3495 5454 3775 5511 sequaces.

510 5527 650 5580 Ecce
674 5534 901 5597 repente
932 5526 1042 5581 Deo
1072 5525 1263 5582 fraude
1293 5525 1592 5596 inspiratur
1618 5527 1844 5592 abacta;

2235 5537 2434 5592 Omnes
2464 5533 2557 5605 qui
2585 5547 2799 5586 mecum
2835 5530 2955 5584 haec
2975 5528 3236 5600 mysteria
3255 5534 3414 5602 gesta
3445 5529 3715 5598 probatis,

513 5614 759 5681 Dumque
787 5620 982 5690 rogant
1025 5615 1158 5684 quid
1191 5632 1286 5672 eos
1323 5614 1667 5683 vocitaverit,
1697 5616 1884 5672 omnia
1916 5631 2132 5688 ponens
2235 5626 2364 5682 Esse
2405 5626 2577 5680 Deum
2620 5635 2810 5676 verum
2850 5619 3140 5676 Dominum
3183 5631 3407 5689 quoque
3449 5618 3661 5674 credite
3697 5613 3841 5673 Chri-

508 5701 678 5756 Prisci
707 5703 847 5762 furta
877 5705 1014 5770 doli,
1052 5723 1190 5775 puro
1222 5710 1336 5778 jam
1367 5705 1534 5762 corde
1554 5705 1757 5762 fatetur
3602 5709 3783 5781 (stum.
