3972 6208
244 315 329 371 717
942 312 1023 365 DE
1062 310 1318 365 CHRISTI
1360 310 1723 365 TRIUMPHIS
1766 312 1935 366 APUD
1978 312 2244 366 ITALIAM
2286 314 2459 369 LIBRI
2503 315 2631 371 XVI.
2675 347 2743 356 --
2785 317 2907 371 LIB.
2953 319 3012 373 V.

244 447 377 501 Hunc
400 446 587 500 lumen
619 443 833 499 radiare
865 443 1045 514 pium,
1073 458 1257 497 veram
1284 442 1426 496 hanc
1453 443 1709 513 pietatem

243 538 551 608 Sumpturos
580 536 819 599 veniam,
854 536 897 588 si
924 534 1155 605 paenitet
1176 551 1317 599 esse,
1352 551 1449 604 per
1480 536 1676 604 ipsum.
1706 558 1729 580 ι»

243 627 590 696 Induperator
620 624 688 677 ad
718 626 832 677 haec
856 622 933 676 ira
962 622 1205 691 repletus
1234 638 1414 676 amara

241 715 480 770 Fastibus
512 715 679 779 hunc,
713 713 831 766 dire
870 710 1255 766 etvehementi
1288 709 1515 763 verbere
1543 714 1766 771 tortum,

245 808 489 864 Praefecto
515 806 722 861 addicit
750 804 999 859 Plutiano
1028 818 1227 876 cogere
1259 802 1430 855 sacris

240 901 539 965 Tormento,
581 898 738 967 cujus
758 896 1008 950 lacerans
1037 902 1186 949 secat
1217 895 1420 967 ungula
1441 909 1697 963 pensum;

242 992 591 1064 Lampadibus
624 998 795 1046 tostus
827 989 955 1043 fidei
998 990 1053 1042 in
1082 988 1355 1059 praeconia
1394 988 1573 1052 durat,

245 1112 265 1134 «ι
296 1086 491 1145 Praeter
514 1101 661 1151 eum,
682 1085 898 1151 dicens,
923 1100 1087 1155 quem
1107 1083 1239 1150 vidi,
1264 1098 1426 1154 quem
1458 1083 1601 1149 colo,
1621 1098 1729 1138 non
1764 1090 1845 1136 est

3448 323 3552 376 718

1872 452 1917 512 Α
1947 445 2057 499 Rex
2086 461 2184 514 pro
2213 462 2321 516 quo
2353 447 2573 501 occidar
2601 448 2645 501 si
2676 448 2879 503 millies
2911 450 3027 519 ipse
3047 451 3285 506 manebo
3318 468 3330 504 :

1944 539 2041 604 Qui
2071 536 2710 609 etepiChristum,rapiet
2737 540 2871 593 mihi
2905 541 3089 594 nullus
3118 541 3186 594 ab
3222 557 3316 597 ore
3342 559 3354 595 :

1943 630 2230 700 Nunquam
2284 644 2313 681 a
2346 628 2509 683 corde
2565 644 2689 685 meo
2749 629 3019 685 Christum
3074 638 3345 686 tormenta
3376 632 3558 703 repel-

3355 726 3487 797 [lent

1945 814 2179 870 Paenitet
2203 823 2256 870 at
2287 816 2515 873 nimium
2550 820 2793 876 horroris
2822 836 2931 891 quo
2960 820 3151 875 ccelica
3183 818 3299 885 risi,

1944 904 2129 960 Serius
2150 913 2205 961 et
2232 907 2431 981 Regem
2453 911 2599 980 quod
2630 912 2732 965 tiro
2775 911 3049 981 superbus
3080 912 3246 967 adivi.
3279 941 3307 969 ι)

1949 994 2037 1047 llis
2068 1002 2317 1065 perstans
2337 998 2592 1069 claraque
2622 1002 2714 1054 Dei
2734 1004 2836 1055 sub
2867 1004 3026 1058 laude
3044 1010 3319 1063 resultans

1948 1082 2185 1154 Martyrii
2213 1086 2433 1141 tandem
2453 1094 2712 1143 aeternam
2737 1092 2881 1161 capit
2900 1109 3032 1149 ense
3065 1112 3343 1153 coronam.

1676 1228 1886 1283 CAPUT
1929 1230 2041 1283 VII.

1574 1339 1649 1396 De
1689 1347 1899 1397 sancta
1944 1335 2159 1398 Lucia.

243 1478 439 1534 Nobilis
468 1478 631 1545 hujus
658 1492 794 1530 anus
819 1474 1018 1549 stragis
1036 1474 1196 1529 Lucia
1222 1473 1403 1547 rigore

244 1569 363 1623 Coeli
383 1568 529 1623 celsa
557 1567 693 1638 petit
721 1567 940 1620 viduam
964 1582 1126 1637 quam
1158 1565 1579 1635 pluribusannis

242 1663 425 1715 Dextra
448 1659 543 1713 Dei
574 1666 814 1713 sanctam
846 1674 1044 1728 supero
1073 1659 1305 1711 servavit
1335 1658 1557 1711 honore.

244 1750 399 1804 Filius
430 1750 569 1803 hanc
600 1748 816 1803 famulis
848 1748 1110 1802 Dominus
1140 1764 1241 1801 ceu
1272 1747 1519 1816 przecinit
1542 1747 1672 1801 olim
1699 1764 1711 1810 ;

241 1839 469 1891 Adversa
491 1836 669 1891 defert
698 1836 893 1890 Christi
931 1837 1039 1889 diis
1067 1836 1247 1890 vivere
1277 1836 1418 1909 lege.

242 1933 399 1996 Quam
425 1929 584 1999 jubet
614 1929 811 1983 adduci
872 1930 1089 1983 ductam
1132 1930 1557 2002 aggrediturque
1590 1936 1853 2000 tyrannus

242 2027 384 2091 Quod
416 2042 575 2081 cruce
604 2024 877 2080 conﬁxum
900 2025 1041 2079 colat
1070 2026 1410 2097 insultetque
1444 2028 1660 2082 sacellis
1696 2044 1707 2078 :

240 2124 424 2177 Vivere
453 2123 499 2176 si
519 2122 709 2188 libeat,
741 2121 882 2175 divis
910 2122 1043 2175 dare
1067 2123 1223 2176 thura
1257 2124 1607 2194 prOpinquet,

242 2214 349 2278 Quo
378 2213 482 2267 sibi
507 2212 733 2284 prOpitii
767 2228 865 2281 per
893 2228 1045 2266 sacra
1076 2212 1321 2266 litamina
1355 2223 1584 2282 pareant

243 2329 264 2348 «
300 2302 542 2372 Propitii,
584 2301 696 2369 illa,
720 2300 824 2355 sibi
858 2316 1060 2372 neque,
1094 2318 1197 2355 nec
1225 2302 1701 2372 cultoribusipsis,

238 2395 365 2449 Nam
396 2395 528 2448 mihi
563 2393 836 2465 propitius
862 2396 1127 2450 Dominus
1154 2412 1310 2449 meus
1348 2412 1469 2449 esse
1497 2395 1695 2461 suevit,

238 2486 343 2541 Nec
368 2487 582 2557 linquet
612 2503 804 2556 puznas
836 2502 933 2557 pro
966 2487 1121 2555 cujus
1146 2501 1329 2541 amore
1346 2498 1531 2557 parata

241 2577 814 2644 Quaslibetintuleris,
847 2595 967 2633 sum
1001 2578 1165 2643 terre,
1194 2586 1247 2633 et
1275 2579 1491 2633 vincula
1533 2587 1584 2633 et
1616 2580 1793 2653 ignes.
1823 2604 1845 2627 ιι

240 2669 552 2723 Femineum
586 2669 811 2739 capiens
841 2670 1007 2724 robur
1035 2670 1293 2741 vincique
1324 2687 1626 2741 pavescens

242 2759 483 2814 Carceris
513 2760 653 2814 hanc
684 2759 910 2813 coluber
948 2759 1171 2813 mandat
1198 2759 1350 2814 vafer
1378 2760 1571 2814 abdier
1590 2760 1783 2815 antris.

247 2851 341 2907 Hic
364 2854 649 2909 hominum
672 2854 972 2909 desolatam
1000 2854 1283 2908 fulcimine
1315 2864 1514 2908 cuncto

246 2942 356 2996 Rex
388 2957 523 2995 suus
562 2942 708 2995 haud
739 2943 930 3009 abicit,
959 2942 1082 2997 coeli
1108 2942 1364 3017 dignatur
1405 2944 1613 2998 honore

239 3033 455 3088 Tollere
486 3041 538 3089 et
564 3036 804 3090 aethereo
831 3035 1016 3090 solans
1043 3037 1285 3091 relevare
1318 3038 1517 3091 nitore.

241 3126 418 3182 Volvit
447 3132 598 3182 atrox
630 3126 799 3182 furias
826 3128 912 3182 leo
943 3136 1391 3199 temnentemque
1414 3129 1661 3198 rapinam

241 3220 479 3291 Carpere
509 3221 807 3277 bacchatur
836 3236 1129 3294 coramque
1161 3223 1386 3276 reducta
1412 3222 1573 3276 beata

240 3310 469 3365 Femina
498 3311 769 3385 subigitur
794 3311 988 3386 rigidis
1019 3312 1086 3365 ad
1126 3312 1355 3366 verbera
1377 3311 1541 3385 lignis
1573 3328 1587 3375 ;

242 3402 496 3474 Dumque
534 3403 630 3457 diu
660 3404 873 3468 teritur,
916 3403 1137 3459 subitus
1168 3412 1369 3459 tremor
1398 3403 1784 3458 incutitzedem

239 3492 656 3565 Delubrumque
680 3493 833 3548 lovis
860 3494 1013 3564 lapsu
1053 3492 1302 3547 dissolvit
1328 3493 1535 3563 Opimo,

240 3582 553 3638 Parietibus
573 3583 742 3654 lapidi
774 3590 833 3638 ut
857 3583 996 3654 lapis
1026 3584 1172 3637 haud
1202 3584 1409 3637 haerere
1432 3584 1657 3638 valeret.

239 3671 453 3728 Saevior
477 3680 529 3726 at
550 3672 728 3727 dirum
757 3673 977 3746 gravius
998 3674 1183 3745 coquit
1223 3672 1301 3727 ira
1342 3673 1613 3741 lanistam,

237 3764 549 3837 Afferrique
567 3765 772 3835 jubens
802 3766 1042 3837 amplum
1064 3767 1198 3821 vasti
1229 3766 1355 3821 aeris
1380 3769 1641 3834 ahenum,

238 3859 469 3930 Repleri
499 3858 747 3929 plumbo,
780 3861 901 3930 pice
931 3861 1174 3925 mandat,
1201 3869 1254 3915 et
1276 3860 1462 3915 omnia
1480 3860 1684 3915 circum

241 3951 468 4007 Robore
507 3952 754 4007 succindi
786 3954 954 4007 latera
982 3953 1109 4008 hinc
1126 3963 1290 4024 atque
1316 3953 1444 4007 inde
1467 3962 1692 4028 gregato

243 4039 617 4113 Immergique
644 4048 827 4095 truces
857 4042 1137 4097 victricem
1182 4042 1497 4097 Hammonis
1529 4043 1584 4097 in
1615 4043 1740 4118 igne

241 4129 365 4194 Qua
395 4129 524 4184 dum
555 4130 676 4187 laeta
702 4137 906 4202 tropma
936 4131 1111 4186 tribus
1130 4133 1276 4187 canit
1307 4132 1397 4186 illa
1414 4132 1631 4199 diebus,

243 4220 441 4276 Visere
472 4222 710 4277 crudelis
737 4229 850 4278 tota
875 4240 944 4278 an
971 4224 1285 4279 subsederit
1316 4224 1490 4279 hostis

242 4311 310 4366 In
343 4312 563 4368 cineres
580 4313 744 4388 legat,
777 4316 973 4387 recipit
1002 4316 1129 4387 quia
1160 4315 1309 4370 salva
1337 4316 1583 4383 resultet,

240 4400 362 4457 Nec
392 4400 605 4456 feritate
626 4409 782 4457 vacat
814 4404 1098 4473 perculsus
1125 4404 1365 4459 culmine
1400 4412 1565 4460 tanta:

241 4493 481 4549 Virtutis
503 4494 704 4561 lanius,
737 4494 906 4549 furias
932 4512 1115 4567 neque
1146 4513 1352 4568 ponere
1385 4506 1586 4559 motus,

242 4580 748 4652 Praecipitinsanus
777 4583 921 4640 ferro
954 4585 1292 4657 plumboque
1338 4603 1434 4658 per
1472 4587 1626 4641 urbis

242 4673 516 4728 Ductetur
530 4675 729 4729 mulier
751 4676 943 4731 victrix
965 4686 1191 4734 onerata
1216 4678 1443 4749 plateas.

240 4761 352 4815 Illa
382 4769 572 4817 ornata
604 4780 793 4820 means
819 4766 1080 4837 gravibus
1111 4783 1209 4836 per
1230 4768 1471 4839 compita
1497 4768 1704 4837 baccis,

239 4852 479 4907 Accedit
506 4853 722 4909 foribus
750 4854 885 4910 civis
906 4856 991 4911 cui
1026 4856 1383 4912 Geminianus

245 4942 605 5017 Cognomen,
646 4944 862 5016 pollens
891 4947 1091 5018 opibus
1133 4948 1227 5019 qui
1249 4948 1408 5004 thure
1439 4956 1669 5019 penates

1949 1474 2272 1529 Innumeros
2294 1474 2481 1530 suftire
2511 1478 3050 1555 solensstolidoigne
3083 1485 3317 1553 colebat,

1950 1565 2125 1635 thue
2157 1567 2377 1622 domum
2408 1571 2703 1638 pertransit
2734 1573 2850 1627 ovis
2890 1578 3178 1631 mactanda
3220 1580 3460 1634 tonantis

1952 1655 2024 1707 En
2048 1655 2232 1711 subito
2259 1658 2413 1712 oculis
2442 1659 2557 1713 visa
2582 1668 2663 1713 est
2686 1661 2893 1731 allapsa
2924 1665 3178 1719 columba

1952 1745 2012 1797 Et
2033 1761 2199 1815 super
2228 1745 2482 1821 efﬁgians
2524 1757 2604 1803 tcr
2641 1750 2895 1824 stigmata
2923 1754 3230 1810 Gcminiani

1953 1833 2103 1888 Clara
2135 1837 2313 1891 crucis
2336 1848 2501 1908 caput
2529 1840 2724 1894 annisu
2753 1842 3073 1898 moderante
3100 1846 3322 1905 resedit.

1955 1924 2003 1977 Is
2034 1940 2255 1996 quoque
2283 1927 2592 1996 suspiciens
2620 1930 2743 1984 cceli
2775 1932 2880 1985 alta
2914 1941 3195 2003 patescere
3217 1939 3393 1992 cernit

1954 2012 2379 2085 Proripiensque
2407 2016 2607 2090 fugam,
2651 2018 2820 2073 celeri
2850 2021 2984 2091 petit
3012 2023 3216 2094 impete
3246 2042 3497 2098 campum

1953 2105 2065 2168 Qua
2094 2106 2291 2160 mulier
2310 2108 2507 2162 virtute
2539 2110 2707 2164 animi
2744 2118 3012 2168 tormenta
3044 2115 3298 2191 fatigans,

1953 2196 2308 2252 Praevalidum
2339 2197 2474 2253 duro
2506 2208 2695 2255 tractat
2723 2203 3016 2260 luctamine
3045 2208 3273 2276 bellum,

1949 2291 2328 2361 Certantisque
2357 2300 2547 2360 petens
2579 2311 2751 2364 prono
2774 2299 3005 2371 vestigia
3037 2315 3199 2354 cursu

1951 2384 2187 2439 Cernere
2209 2386 2357 2456 quod
2385 2403 2598 2442 cessum
2632 2392 2823 2464 pangit
2877 2408 3029 2447 sacra
3077 2410 3308 2449 munera
3340 2411 3575 2465 poscens

1953 2474 2067 2536 Quo
2099 2474 2237 2528 duce
2269 2476 2501 2545 sytlereo
2534 2477 2811 2533 Protasius
2844 2480 2921 2535 ire
2936 2483 3195 2538 sacerdos

1956 2564 2278 2635 Praecipitur
2300 2566 2538 2639 divoque
2566 2570 2784 2624 avidum
2820 2589 3055 2645 purgare
3090 2575 3300 2629 lavacro

1953 2657 2111 2711 Jussa
2133 2658 2294 2731 gerit,
2330 2676 2576 2732 puroque
2594 2662 2768 2717 virum
2796 2672 2975 2720 sacrat
3004 2684 3033 2719 a
3058 2666 3182 2721 nive
3220 2668 3453 2737 piatum,

1959 2748 2140 2803 Tertia
2172 2750 2239 2803 ab
2273 2751 2402 2805 inde
2434 2752 2553 2806 dies
2584 2754 2829 2809 victricia
2861 2756 3006 2811 bella
3030 2757 3287 2812 reformat

1962 2842 2092 2898 Cum
2127 2862 2256 2917 rege
2288 2846 2591 2902 fEneadum
2626 2849 2750 2904 laeta
2782 2851 2960 2905 tirone
2986 2854 3219 2919 recenti,

1957 2936 2267 2993 Tormentis
2296 2957 2436 3011 quos
2468 2942 2561 2997 ille
2592 2945 2750 2999 n0vis
2780 2948 3070 3019 pinnisque
3094 2950 3330 3019 repertis

1959 3027 2197 3098 Impetit,
2232 3030 2427 3101 hisque
2458 3030 2649 3087 furens
2688 3036 2857 3090 cassis
2889 3037 3097 3093 addicit
3124 3041 3295 3095 atroci

1957 3124 2126 3186 Quem
2160 3126 2397 3180 truciore
2428 3128 2514 3181 via
2545 3134 2695 3182 retur
2732 3131 2922 3186 saevire
2964 3132 3194 3202 lanistae,

1961 3210 2225 3281 Suppleat
2262 3220 2321 3267 ut
2351 3214 2395 3267 si
2425 3215 2557 3285 quid
2580 3222 2800 3272 torturae
2833 3220 2975 3273 desit
3006 3220 3061 3273 in
3090 3222 3293 3277 hostes.

1962 3304 2053 3358 Ille
2085 3305 2219 3377 quid
2255 3306 2486 3380 ingestis
2503 3309 2682 3364 valeat
2712 3312 3086 3381 superaddere
3117 3316 3371 3383 volvens,

1887 3424 1935 3491 Ο
1960 3396 2235 3491 Victorum
2269 3398 2446 3471 rigido
2479 3401 2722 3456 cervices
2744 3403 2942 3459 robore
2956 3405 3134 3459 tundit

1967 3484 2197 3555 Moxque
2229 3487 2345 3541 solo
2378 3487 2599 3543 incusso
2638 3505 2926 3560 procerum
2948 3492 3076 3546 terit
3101 3493 3235 3549 aedis
3256 3494 3446 3551 adacta
3480 3515 3494 3561 ;

1966 3576 2213 3631 Victores
2243 3584 2433 3632 contra
2466 3580 2611 3649 capit
2635 3580 2767 3635 hinc
2787 3581 3096 3652 apofrasius
3127 3598 3313 3651 arma;

1966 3666 2218 3737 Quinque
2247 3667 2347 3721 sub
2362 3668 2465 3723 hoc
2484 3670 2693 3739 palmas
2724 3676 2777 3723 et
2814 3672 3164 3743 septuaginta
3194 3687 3495 3744 capessunt

1966 3758 2064 3822 Qui
2100 3758 2233 3831 juga
2262 3759 2547 3816 subierant
2579 3760 2773 3817 Christi
2806 3763 3105 3817 virtutibus
3135 3766 3259 3831 acti,

1965 3850 2107 3913 Quas
2146 3851 2289 3906 Deus
2327 3852 2380 3907 in
2413 3851 2632 3907 famulis
2662 3855 2800 3909 miro
2828 3855 3081 3926 patrabat
3109 3856 3343 3912 honore.

1966 3942 2178 3998 Funera
2211 3952 2330 4015 post
2356 3963 2612 4017 quorum,
2640 3948 2810 4016 judex
2842 3948 3089 4017 abjectus
3118 3948 3173 4003 in
3200 3950 3377 4005 undas

1966 4032 2364 4105 Praecipitatur,
2406 4053 2608 4108 equum
2638 4038 2779 4093 (luce
2810 4040 3159 4095 concutiente
3187 4040 3411 4095 sinistro

1972 4124 2089 4179 Alto
2121 4140 2150 4177 a
2182 4132 2347 4194 ponte
2376 4132 2570 4195 petens
2599 4127 2761 4180 imam
2796 4128 3081 4183 demersus
3108 4129 3367 4199 abyssum
3392 4148 3409 4194 ;

1973 4211 2212 4282 Corpore
2244 4212 2501 4267 Taenareo
2534 4229 2655 4267 cum
2686 4222 2873 4269 mente
2904 4223 3125 4270 voratus
3153 4217 3303 4271 hiatu
3336 4235 3348 4270 :

1974 4304 2105 4358 Nam
2142 4304 2356 4357 miserae
2382 4305 2590 4359 exuviae
2622 4305 2774 4359 nullo
2818 4313 2942 4376 post
2974 4306 3156 4362 littore
3186 4308 3334 4363 visae.

1978 4393 2101 4448 Post
2127 4400 2315 4448 contra
2328 4394 2561 4448 athletas
2588 4401 2840 4463 portenta
2870 4405 3077 4467 tr0pa3a
3107 4397 3347 4453 nitentes

1979 4487 2229 4562 Insurgat
2258 4489 2461 4565 Stygiis
2489 4488 2819 4564 Megalesius
2841 4493 3113 4566 anguibus
3140 4500 3293 4547 actus

1980 4580 2327 4653 lnvictosquc
2359 4582 2601 4652 probans
2631 4582 2783 4637 nullo
2805 4585 3120 4654 superarier
3149 4591 3267 4639 astu

1975 4670 2303 4744 Aggreditur
2330 4671 2515 4745 gladio
2547 4673 2772 4727 mittens
2802 4680 2953 4728 trans
2983 4673 3180 4744 sydera
3213 4673 3380 4729 ferro.

1894 4731 1947 4798 ί)
1978 4760 2186 4830 Inclyta
2215 4761 2461 4815 membra
2500 4763 2641 4834 rapit
2671 4763 2871 4818 mulier
2899 4763 2986 4817 cui
3020 4763 3250 4818 Maxima
3273 4780 3472 4819 nomen

1982 4848 2156 4921 thue
2186 4850 2589 4921 triumphantes
2622 4853 2781 4908 decet
2811 4851 2966 4909 abdit
2998 4854 3207 4909 honore
3240 4861 3488 4909 venusto.

1743 5056 1951 5113 CAPUT
2000 5057 2139 5113 VIII.

1413 5166 1491 5227 De
1518 5169 1744 5228 sanctis
1772 5168 2125 5229 Marcellino
2159 5178 2209 5228 et
2245 5166 2439 5227 Petro.

240 5298 372 5355 Hoc
401 5299 749 5356 Marcellinus
777 5303 879 5359 sub
900 5319 1076 5378 agone
1106 5305 1410 5378 Petrusque
1442 5306 1784 5378 triumphant

237 5390 499 5454 Quorum
528 5391 912 5447 multimodam
947 5393 1138 5448 Petrus
1164 5394 1434 5449 exorcista
1466 5394 1777 5465 palaestram

235 5484 519 5540 Luctatus
546 5486 805 5559 gravidas
833 5488 1050 5543 clausus
1082 5488 1311 5543 limabat
1338 5490 1569 5545 alienas.

240 5572 507 5630 Carceris
522 5575 783 5633 obsessor
803 5584 1025 5652 gnatam
1052 5577 1344 5633 obsidione
1376 5576 1600 5632 dolebat

240 5660 538 5719 Daemonis
559 5663 858 5733 astrictam,
892 5665 1183 5722 Dominum
1210 5681 1376 5737 quem
1415 5666 1646 5721 credere
1670 5666 1859 5721 Petrus

1994 5305 2248 5361 Hortatur
2278 5305 2550 5360 Christum
2582 5288 2783 5360 Summi
2814 5306 3063 5380 genitum
3090 5324 3213 5363 esse
3232 5311 3495 5376 tonantis,

1990 5399 2105 5463 Quo
2136 5398 2343 5454 sobolis
2376 5404 2533 5461 pacta
2561 5400 2739 5453 valeat
2768 5400 3007 5473 gaudere
3026 5401 3222 5456 salute.

1995 5508 2019 5537 «
2050 5488 2214 5543 Miror
2251 5488 2566 5553 consilium,
2610 5488 2851 5558 prudens
2877 5488 3372 5562 Artemiusinquit,

1986 5580 2059 5633 Te
2088 5581 2232 5635 Deus
2260 5597 2453 5636 eruere
2480 5582 2622 5635 haud
2656 5582 2800 5652 potis
2830 5589 2913 5637 est
2931 5589 3077 5649 tuus,
3111 5591 3166 5639 et
3187 5585 3322 5640 colis
3352 5585 3531 5655 ipsum

1988 5668 2165 5738 Ipsius
2195 5678 2254 5725 ut
2283 5671 2471 5741 plagas
2498 5677 2551 5724 et
2579 5670 2797 5727 vincula
2831 5672 3055 5727 nomine
3090 5680 3272 5743 portes
