3972 6208
420 314 526 367 719
1181 304 1545 362 FLODOARDI
1588 304 1891 360 CANONICI
1937 304 2261 358 HEMENSIS
2303 302 2638 356 OPUSCUIA
2680 301 2994 356 METllICA.
3644 300 3728 354 720

424 444 522 507 Qui
557 443 767 496 salvare
787 456 963 493 meam
990 439 1188 509 poterit
1207 439 1254 492 si
1286 437 1470 492 favero
1484 436 1692 507 prolem
1722 434 1750 488 ?
2062 441 2107 502 Α
2140 432 2289 485 Ilunc
2312 433 2476 485 simul
2504 431 2808 499 expediens
2836 431 3031 485 ambos
3066 431 3319 501 perducit
3344 431 3401 483 in
3429 429 3581 483 aedes

423 533 580 602 Atqui
610 531 707 600 (ait
739 530 848 594 ille)
881 529 1021 582 Deus
1048 529 1187 582 valet
1236 528 1365 582 hinc
1397 543 1554 581 meus
1584 526 1842 581 omnibus
1867 534 2030 596 atque
2137 527 2253 591 Quo
2286 543 2462 595 nuper
2489 525 2595 580 laeti
2622 528 2761 581 votis
2786 532 2838 578 et
2868 526 3029 579 laude
3060 526 3325 581 vacabant

420 621 604 675 Puenis
637 621 871 689 eripere,
903 625 958 672 at
985 625 1202 688 prastat
1227 625 1432 672 certare
1453 617 1695 670 duellum
2134 619 2387 674 Consiliis
2416 617 2631 672 munire
2656 633 2826 672 novos
2856 618 3174 671 C(BIEslibus
3202 632 3395 689 agnos,

420 713 670 777 Fortiter,
702 721 963 766 aeternum
996 718 1053 765 ut
1081 710 1289 765 valeam
1321 720 1543 781 captare
1563 710 1920 780 triumphum.
2136 708 2466 777 Praecipicns
2497 714 2618 777 post
2648 706 2747 760 hac
2772 705 2986 760 censori
3018 706 3279 760 accedere
3309 705 3466 759 duro.

420 802 648 856 Credere
680 802 726 856 si
765 817 852 856 me
880 802 982 867 vis,
1009 808 1216 865 custos,
1245 799 1544 874 geminabo
1570 806 1814 863 catenas,
2136 800 2460 853 Albescente
2486 799 2611 869 polo
2642 798 2820 853 noctis
2850 796 2977 850 dum
3010 803 3148 851 tetra
3179 795 3467 859 recedunt,

419 892 490 946 Te
513 907 736 964 quoque
761 892 817 946 in
851 890 961 945 ima
991 890 1339 946 tenebrarum
1362 891 1465 947 sub
1489 891 1707 947 vincula
1736 890 1911 945 solum
2137 891 2432 963 Dispositis
2462 892 2757 945 luctatores
2787 894 3113 959 repetuntur
3140 884 3209 939 ab
3241 884 3431 939 antris.

420 983 728 1039 Detrudens
752 997 933 1038 cavete
960 982 1391 1038 claustraomnia
1419 992 1533 1039 tuta
1561 984 1891 1057 relinquam,
2139 985 2301 1048 Queis
2324 986 2548 1040 minime
2573 980 3132 1048 inventis,Artensius
3152 978 3505 1049 ipsejubetur

422 1073 688 1126 Omnibus
710 1082 764 1126 et
783 1071 1026 1138 credam,
1050 1071 1096 1125 si
1123 1080 1175 1126 te
1198 1072 1341 1126 Deus
1371 1081 1531 1127 eruet
1552 1072 1686 1127 istis.
1726 1095 1745 1122 ιι
1986 1108 1993 1119 .
2139 1075 2368 1140 Arctari,
2401 1084 2567 1145 atque
2594 1073 2714 1126 deis
2744 1087 2897 1125 sacra
2930 1068 3331 1123 ferrclitamina
3356 1066 3502 1138 cogi,

422 1165 519 1219 Dat
557 1164 749 1217 Petrus
776 1179 1060 1216 assensum
1092 1178 1151 1217 se
1181 1163 1301 1231 ejus
1330 1170 1557 1217 testatur
1582 1164 1649 1217 ad
1678 1164 1825 1217 aedes
2140 1166 2299 1219 Stans
2328 1165 2431 1219 sub
2463 1166 2674 1220 honore
2698 1164 2789 1217 Dei
2813 1179 2936 1216 cum
2970 1162 3129 1233 prole
3151 1178 3213 1215 ac
3243 1159 3480 1231 conjuge
3511 1156 3668 1211 fortis

425 1256 745 1324 Venturum,
776 1273 883 1312 non
911 1257 976 1310 ad
1009 1257 1237 1311 libidum
1271 1256 1584 1312 tentaminis
1611 1255 1834 1328 (inquit)
2139 1258 2358 1312 Rudere
2391 1257 2681 1311 mandatur
2704 1255 2909 1323 junctis
2940 1254 3224 1309 affectibus
3253 1251 3404 1315 abdi,

428 1349 484 1405 Id
514 1351 604 1405 lict
634 1349 880 1411 humani,
910 1350 1045 1420 quin
1073 1350 1140 1405 ad
1166 1350 1389 1405 deitatis
1419 1352 1541 1404 Iesu
2140 1348 2379 1403 Caeditur
2401 1349 2518 1419 ipse
2543 1348 2766 1420 quidem
2800 1347 2984 1420 gladio
3015 1364 3116 1418 per
3143 1345 3331 1399 limina
3362 1349 3564 1413 cryptae

424 1440 651 1494 Lumina
682 1439 950 1493 demersis
979 1439 1263 1494 hominum
1297 1440 1593 1511 pandenda
1620 1439 1892 1494 tenebris.
2142 1438 2279 1492 Filia
2309 1455 2433 1493 cum
2462 1444 2635 1492 matre
2662 1437 2894 1506 abjectae
2924 1437 3183 1507 saxisque
3206 1441 3405 1490 notata:

426 1533 541 1597 Ille,
571 1537 735 1601 caput
764 1512 1021 1602 quatiens
1052 1548 1064 1583 :
1100 1531 1284 1585 nimiis
1314 1531 1510 1585 delirat
1539 1531 1627 1587 hic
1659 1540 1813 1587 actus
2143 1526 2365 1583 Mortem
2400 1528 2698 1583 evadentes
2728 1526 2954 1598 capiunt
2976 1527 3094 1581 sine
3125 1524 3297 1579 limite
3318 1523 3509 1589 vitam,

423 1622 736 1678 Tormentis
761 1620 916 1692 (inlit)
952 1640 966 1687 ;
997 1632 1283 1694 preperat,
1309 1633 1606 1695 narretque
1627 1624 1821 1699 jugali.
2143 1623 2403 1677 Ductores
2424 1636 2547 1674 esse
2590 1620 2752 1674 laniis
2783 1628 2908 1675 ante
2936 1635 3031 1674 ora
3055 1620 3297 1674 ferentes

427 1718 500 1772 En
534 1717 717 1772 subito
741 1716 937 1783 noctis,
968 1718 1141 1772 solem
1160 1718 1547 1774 claudentibus
1574 1719 1805 1784 umbris,
2143 1716 2427 1771 Terrorem
2460 1716 2752 1782 incutiunt,
2785 1715 3025 1771 comitati
3046 1714 3207 1785 plebe
3239 1710 3515 1783 frequenti

428 1810 616 1862 Petrus
644 1808 823 1873 adest,
853 1809 1165 1865 veneranda
1195 1812 1374 1865 crucis
1395 1810 1677 1885 signacula
1702 1817 1924 1882 gestans
1956 1828 1970 1872 ;
2069 1835 2119 1903 Β
2147 1807 2441 1864 Carniﬁces
2470 1808 2574 1878 ipsi
2602 1807 2909 1862 retinentur
2929 1803 3286 1874 etintercepti

428 1901 507 1954 Illi
539 1901 658 1969 ejus
688 1900 841 1954 strati
876 1902 1110 1971 pedibus
1133 1902 1371 1957 clamare
1401 1920 1700 1974 supernum
2070 1892 2115 1903 ν
2147 1904 2325 1968 Stant,
2348 1917 2502 1956 sacra
2533 1900 2663 1955 dum
2713 1900 3001 1955 celebrans
3063 1907 3409 1951 consummat
3450 1892 3552 1948 rite
3575 1908 3759 1947 sacer-

429 1989 557 2044 Esse
587 2007 870 2063 unumque
900 1992 1094 2059 Deum,
1149 1992 1438 2047 Dominum
1488 1992 1609 2047 sine
1641 1992 1867 2069 ﬁgmine
1890 1991 2046 2048 Chri-
3551 1987 3689 2058 ld°5~

1294 2136 1299 2141 .
1792 2088 1972 2161 [stum.
2150 2094 2211 2142 At
2239 2086 2586 2142 confessores
2608 2085 2711 2139 sibi
2739 2088 2851 2154 jam
2875 2080 3097 2138 differre
3119 2097 3376 2137 curonam

428 2173 560 2227 Filia
580 2190 703 2228 mox
727 2175 943 2245 plenam
972 2175 1140 2231 sumit
1164 2176 1389 2231 Paulina
1415 2177 1673 2245 salutem,
2154 2181 2446 2235 IIorrentes
2473 2185 2699 2248 partam,
2733 2174 2996 2247 pepulum
3027 2175 3287 2228 secedere
3307 2172 3592 2233 mandant,

431 2266 490 2321 Et
522 2266 812 2333 Christum,
847 2284 985 2339 quos
1026 2269 1117 2322 illa
1135 2268 1333 2323 domus
1360 2269 1656 2337 retinebat,
1680 2272 1914 2327 adorant
1942 2313 1950 2323 .
2152 2269 2220 2322 Se
2251 2266 2445 2322 vinclis
2467 2266 2630 2327 ultro,
2662 2264 2860 2340 gladiis
2892 2282 2951 2318 se
2983 2272 3182 2333 sponte
3224 2262 3480 2316 ferentes.

430 2356 687 2411 Daemone
718 2373 777 2411 se
808 2357 1021 2411 Domini
1046 2356 1341 2429 profitente
1369 2359 1560 2432 vigore
1591 2360 1902 2417 subactum.
2152 2361 2290 2432 Ergo
2322 2375 2489 2413 canes
2516 2358 2689 2413 rabidi
2722 2356 2872 2411 nulla
2904 2355 3199 2411 dulcedine
3224 2354 3353 2409 moti

428 2444 691 2516 Vulgatur
721 2446 1152 2517 circumpositiS,
1195 2448 1473 2519 curritque
1506 2448 1745 2503 virorum
2150 2449 2469 2504 Praemissos
2496 2449 2590 2504 ubi
2626 2447 2950 2511 dilacerant,
2979 2454 3295 2516 acuuntque
3316 2443 3553 2498 furorem

429 2536 729 2589 Tercentus
758 2536 932 2603 major
960 2553 1191 2604 cuneus,
1233 2555 1509 2611 sexusque
1535 2542 1765 2595 secundi
2153 2543 2267 2596 Non
2300 2548 2514 2611 ponunt
2542 2554 2819 2610 proceres,
2839 2545 3041 2592 aeterna
3076 2536 3319 2606 trophtea
3348 2541 3602 2606 petentes

432 2626 675 2695 Amplior
702 2625 1260 2696 irrumpitnumerus,
1282 2630 1597 2700 spectacula
1623 2631 1767 2686 clara
2153 2633 2389 2689 Nexibus
2412 2632 2696 2697 invadunt,
2721 2631 2994 2702 nodisque
3024 2630 3091 2684 ad
3127 2629 3323 2684 robora
3346 2628 3609 2700 jungunt,

433 2712 610 2766 Visuri
641 2712 945 2784 dantesque
979 2716 1075 2770 Dei
1106 2716 1380 2785 praeconia
1410 2718 1627 2772 summi.
2152 2725 2420 2795 Quodque
2477 2722 2655 2777 ferant
2711 2720 2919 2776 lethum
2970 2725 3268 2791 properant
3326 2717 3563 2791 rogitare
3594 2715 3775 2789 magi-

432 2800 565 2855 Tum
591 2801 779 2856 Petrus
811 2803 1183 2858 Marcellinum
1214 2805 1569 2876 cupientibus
1601 2806 1709 2861 illis
3488 2807 3699 2880 [strum.

435 2896 600 2949 Sacra
626 2896 810 2950 subire
832 2905 1009 2963 vocat,
1043 2906 1271 2953 cunctos
1292 2899 1410 2970 qui,
1444 2900 1731 2973 presbyter
1758 2902 1959 2971 almus,
2157 2905 2205 2959 Is
2234 2911 2423 2959 monet
2451 2901 2653 2958 abduci
2685 2900 2740 2954 in
2767 2899 2973 2971 sylvam
3006 2916 3128 2971 qua:
3160 2900 3341 2955 Ninra
3371 2903 3559 2952 vocata

433 2987 619 3041 Abluit
650 2988 976 3059 ablutosque
1012 2989 1104 3061 pio
1127 2992 1406 3046 connectit
1435 2992 1565 3047 ovili
2155 2996 2407 3054 Candida
2435 2994 2572 3049 facta
2595 2993 2701 3064 piis
2724 3008 2971 3060 nemora,
3003 3000 3167 3063 atque
3198 2989 3301 3046 sub
3336 2989 3520 3044 abdita
3544 2988 3707 3043 caedi.

433 3080 792 3151 Sacratosque
825 3080 1149 3155 reosjungit
1187 3085 1415 3139 custode
1449 3086 1683 3152 solutos,
2156 3088 2457 3143 Obscurum
2480 3086 2629 3141 ducti
2662 3087 2718 3140 in
2739 3085 2938 3141 saltum
2969 3084 3234 3155 lucosque
3265 3082 3367 3137 sub
3404 3080 3546 3135 altos

434 3168 674 3268 l:lexibus
704 3176 1012 3240 exemptos,
1045 3171 1191 3226 vitiis
1212 3188 1351 3244 quos
1379 3174 1603 3246 expedit
1631 3176 1763 3231 atris
2078 3202 2127 3268 ρ
2159 3180 2368 3234 Avulsis
2397 3179 2632 3250 spatium
2665 3178 2832 3233 cazdis
2864 3176 2970 3231 sibi
3004 3174 3255 3229 sentibus
3286 3179 3498 3243 aptant,

439 3261 796 3331 Comperiens
833 3278 1031 3318 censor
1051 3263 1275 3319 mandat
1296 3264 1402 3319 sibi
1430 3266 1613 3321 sistier
1638 3267 1852 3334 ambos,
2087 3261 2127 3268 ν
2160 3271 2332 3342 Inque
2364 3269 2539 3323 vicem
2572 3268 2835 3339 suplices,
2865 3265 3019 3338 pacis
3039 3265 3145 3320 sibi
3167 3275 3224 3319 ut
3253 3265 3441 3318 oscula
3469 3263 3669 3328 libant,

436 3352 827 3423 Presbyterum
859 3360 1022 3425 atque
1054 3356 1400 3426 exorcistam,
1435 3357 1687 3429 latusque
1708 3359 1969 3414 sacerdos
2155 3359 2288 3414 Vota
2315 3374 2460 3433 genu
2490 3358 2684 3411 dantes
2708 3356 2882 3427 posito
2912 3355 3010 3409 sed
3050 3354 3216 3410 corde
3232 3354 3431 3418 levato,

433 3442 591 3510 Vera,
633 3444 726 3497 ubi
753 3444 1126 3515 prosequitur,
1154 3445 1395 3500 dictante
1427 3445 1609 3503 furore
1624 3449 1853 3517 jubetur
2160 3449 2489 3505 Lethiferum
2523 3458 2777 3520 prompta
2796 3447 3035 3522 gladium
3061 3446 3276 3501 cervice
3297 3448 3598 3516 receptant.

436 3531 762 3587 Carnificum
792 3533 1116 3588 saevistundi
1147 3551 1244 3605 per
1272 3534 1482 3591 viscera
1513 3537 1733 3612 pugnis.
2160 3544 2431 3617 Virgineaa
2455 3543 2690 3617 gemmis
2721 3541 2921 3596 animae
2961 3540 3210 3595 visuntur
3240 3546 3444 3594 etauro

436 3621 708 3679 Deﬁciunt
741 3625 892 3692 lanii,
925 3642 1083 3680 sacer
1113 3627 1505 3698 insuperabilis
1537 3637 1698 3684 astat.
2162 3634 2439 3688 Praecultze
2462 3634 2649 3705 specie
2682 3648 2894 3704 supera:
2921 3632 3227 3687 cultoribus
3253 3630 3392 3684 aulae

436 3716 753 3785 Sejunctum
782 3717 911 3772 inde
945 3719 1098 3774 Petro
1130 3720 1359 3774 densata
1398 3720 1628 3792 cuspide
1652 3723 1776 3777 vitri
2164 3726 2317 3780 Celsa
2356 3724 2545 3779 subire
2579 3724 2713 3795 poli,
2746 3724 2945 3779 coelum
2970 3730 3263 3794 penetrare
3298 3736 3394 3791 per
3419 3734 3603 3785 auras,

440 3806 581 3859 Trux
609 3806 815 3860 nudum
841 3806 1002 3874 jubet
1029 3807 1261 3862 insterni
1291 3809 1567 3880 cazcisque
1599 3806 1821 3867 latebris
2167 3812 2420 3869 Carnifici
2443 3814 2562 3869 hmc
2591 3830 2855 3869 concessa
2886 3812 3024 3868 truci
3051 3818 3298 3883 spectare
3332 3806 3606 3871 feruntur,

444 3898 688 3951 Luminis
713 3899 972 3953 auxilium
1002 3898 1204 3953 auferri
1237 3899 1555 3972 victumque
1588 3904 1777 3978 negari
2166 3902 2267 3968 Qui
2299 3902 2431 3957 dum
2459 3902 2574 3957 visa
2607 3901 2797 3968 refert,
2826 3900 2996 3956 torvis
3021 3900 3151 3953 dum
3182 3896 3416 3969 paenitet
3445 3894 3606 3960 actis,

445 3986 675 4059 Ingemit
700 3986 922 4060 abjungi
956 3987 1146 4042 Petrus
1171 4003 1426 4060 saevoque
1459 3997 1690 4059 tyranno
1724 4009 1739 4046 :
2160 3993 2279 4046 Jam
2310 3991 2497 4046 senior
2517 3991 2640 4045 vita:
2670 3991 2872 4045 meruit
2901 4004 3054 4043 sacra
3085 3988 3232 4042 dona
3258 4003 3359 4057 per
3386 3985 3581 4039 undas.

448 4099 467 4125 ι
506 4078 633 4131 Cum
660 4078 903 4133 vocitent
923 4079 1156 4147 subjecti
1186 4080 1408 4153 (inquit)
1441 4089 1492 4136 te
1522 4081 1660 4139 forte
1692 4100 1950 4141 serenum
2162 4084 2336 4157 Digne
2360 4083 2542 4137 danda
2570 4082 2688 4137 solo
2706 4088 2963 4156 retegunt
3001 4096 3099 4134 sua
3123 4078 3370 4133 membra
3404 4075 3574 4137 beati,

444 4196 472 4223 «ι
505 4173 736 4227 Nubilus
766 4189 826 4228 es
859 4191 956 4245 per
984 4184 1181 4230 cuncta
1201 4175 1308 4231 tuis
1335 4179 1660 4234 tenebrosus
1690 4183 1914 4237 etactis.
1944 4208 1966 4225 -
2159 4176 2285 4239 Quae
2319 4173 2557 4228 Firman
2588 4174 2729 4227 levat
2758 4170 3072 4242 pariterque
3102 4167 3324 4234 Lucilla,
3354 4172 3600 4221 venustae

440 4262 530 4315 Sic
568 4277 790 4333 quoque
820 4262 1125 4339 constringi
1148 4264 1265 4335 ipse
1295 4266 1473 4332 datur,
1505 4268 1587 4323 sic
1619 4271 1853 4326 nexibus
1880 4272 1992 4327 indi

2167 4263 2445 4337 Sanguine
2471 4268 2755 4329 matronae,
2787 4260 2990 4315 mentis
3017 4272 3176 4331 mage
3196 4256 3408 4311 lumine
3440 4253 3621 4319 clarae,

442 4352 761 4423 Arctarique
794 4353 967 4424 pedes
1003 4355 1135 4431 ligni
1168 4359 1470 4428 pressantis
1499 4358 1670 4415 hiatu.
2168 4357 2605 4428 Admonilmque,
2636 4371 2805 4427 specu
2834 4354 3045 4426 positus
3073 4350 3352 4408 Tiburtius
3381 4348 3540 4404 almis

444 4443 718 4517 Astrigera
757 4443 1005 4502 desolato
1046 4449 1285 4503 caelestis
1309 4450 1567 4506 alumnus
2084 4499 2138 4517 η
2166 4450 2281 4514 Qua
2308 4449 2467 4506 ﬂoret
2491 4449 2703 4505 meritis
2730 4455 2940 4503 sacrata
2961 4448 3017 4501 in
3048 4454 3205 4515 septa
3235 4441 3563 4498 recondunt.

444 4534 771 4606 Presbytero
800 4539 1000 4592 summi
1032 4538 1247 4614 legatur
1275 4540 1343 4594 ab
1373 4558 1499 4597 arce
1518 4545 1779 4608 tonantis,
2084 4499 2142 4568 D
2171 4547 2434 4601 Damasus
2461 4545 2579 4600 haec
2607 4544 2887 4616 quondam
2921 4557 3043 4614 quae
3070 4553 3393 4610 percussore
3415 4533 3629 4590 ferente

445 4625 614 4700 Erigit
645 4628 793 4685 hunc
818 4629 1015 4705 plagis,
1044 4633 1268 4703 proprio
1292 4634 1596 4691 circumdat
1623 4638 1851 4706 amictu,
2168 4638 2520 4710 Compererat
2547 4637 2734 4693 stricto
2764 4636 2893 4692 licet
2921 4633 3068 4689 edita
3087 4631 3331 4688 carmine
3360 4629 3563 4705 vulgat.

446 4715 680 4788 Proripit
711 4720 767 4774 in
798 4719 1038 4792 cippoac
1068 4721 1210 4778 ferro
1240 4739 1348 4795 qua
1379 4724 1570 4782 Petrus
1594 4728 1836 4800 agebat;

1946 4861 2157 4917 CAPUT
2195 4862 2283 4917 XI.

1648 4991 1725 5051 De
1759 4992 1988 5054 duobus
2022 4997 2245 5055 sanctis
2281 4988 2599 5054 Felicibus.

445 5118 759 5191 Presbyteri
790 5120 976 5177 divina
1005 5122 1117 5178 duo
1145 5139 1245 5195 per
1270 5140 1424 5182 sacra
1444 5126 1716 5197 nitebant,
2168 5133 2352 5201 Cujus,
2381 5139 2442 5189 ut
2468 5130 2690 5187 insuffat
2714 5132 2967 5203 patribus
2996 5129 3266 5201 suplicata
3294 5130 3523 5187 vetustis

443 5210 681 5268 Nomine
699 5212 931 5280 Felices,
960 5213 1151 5269 felices
1180 5216 1397 5273 actibus
1417 5220 1601 5286 ambo,
2169 5222 2291 5289 Ora,
2321 5224 2474 5279 velut
2492 5230 2657 5281 vento
2688 5221 2899 5289 folium,
2920 5232 3069 5278 vasta
3108 5238 3218 5278 aera
3256 5222 3546 5278 labascunt

442 5306 660 5361 Fratres
686 5307 805 5380 lege
835 5306 954 5371 Dei,
986 5322 1251 5382 germano
1288 5313 1562 5386 sanguine
1604 5313 1817 5368 fratres.
2172 5312 2311 5366 Hinc
2328 5311 2465 5367 alias
2483 5313 2661 5369 victor
2687 5313 2854 5368 simili
2878 5312 3152 5367 deductus
3177 5313 3246 5368 ad
3270 5328 3392 5368 aras

443 5397 740 5465 Correptus
768 5396 959 5453 senior
984 5412 1276 5469 procerum
1297 5401 1538 5458 dictante
1564 5403 1750 5460 furore
2176 5402 2403 5457 Insultat
2427 5404 2564 5472 Maja
2591 5403 2780 5478 genito
2806 5402 3002 5458 virtute
3027 5402 3211 5468 relisa,

440 5485 656 5546 Iudicis
686 5488 965 5545 invehitur
993 5499 1207 5547 secreta
1235 5493 1303 5547 ad
1334 5495 1562 5550 numina
1592 5495 1819 5551 Dracchi
2176 5494 2284 5549 Nec
2313 5494 2418 5548 dea
2443 5494 2691 5550 venatrix
2712 5509 2952 5565 arcuque
2973 5501 3029 5547 et
3064 5494 3337 5551 arundine
3358 5504 3572 5552 terrens

444 5584 639 5639 Ereus
665 5584 900 5658 urgebat
930 5584 1148 5643 Pelusia
1176 5604 1332 5645 sacra
1363 5591 1587 5663 Serapis
2172 5585 2290 5638 Oris
2320 5582 2491 5638 ﬂabra
2515 5586 2595 5655 pii
2624 5594 2830 5641 restare
2859 5585 2927 5639 ad
2955 5586 3140 5641 tenuia
3179 5587 3352 5643 fortis.

448 5668 713 5724 Hebraeos
731 5672 865 5727 olim
903 5673 1046 5728 duce
1067 5678 1161 5747 qui
1188 5676 1439 5735 Tricante
1462 5680 1701 5752 subegit,
2169 5678 2378 5735 Judicis
2392 5680 2462 5733 ad
2490 5682 2679 5737 sedem
2712 5686 2837 5752 post
2857 5680 3002 5735 clara
3029 5682 3275 5751 tropbma
3303 5681 3579 5747 reductus,
