3972 6208
183 200 295 253 721

181 323 502 377 Tormento
537 320 786 393 erigitur,
819 334 931 390 quo
969 319 1212 372 carmine
1247 327 1390 373 tanta
1426 330 1646 392 rogatur

180 413 323 466 Tam
360 411 481 464 dira
508 419 627 464 acta
655 409 829 476 dedit,
862 410 1018 463 divos
1049 426 1154 480 qua
1179 409 1367 462 fraude
1403 410 1622 482 refregit

191 525 218 554 α
257 505 383 557 Non
416 503 723 565 malefacta,
753 502 952 572 inquit,
985 510 1131 561 sunt.
1176 509 1229 555 at
1262 502 1402 554 bene
1426 503 1563 556 facta
1584 506 1822 558 tonantis

187 593 319 645 Non
353 592 470 644 haec
487 591 674 644 fraude
704 591 887 664 vigent
908 590 1042 660 quin
1070 590 1229 642 laude
1260 591 1815 662 Deiomnipotentis.-

187 681 416 735 Censor
448 683 577 735 item
613 683 755 751 legat
784 680 1049 734 vertenda
1078 679 1146 733 ad
1177 680 1299 733 fana
1331 681 1545 733 beatum
1579 699 1591 710 ·

189 776 262 828 At
291 788 367 826 ne
396 772 536 827 forte
559 772 681 826 solo
707 770 869 825 solito
899 787 1052 824 sacra
1084 771 1234 824 arida
1253 778 1433 842 cegat,

185 869 331 927 Quae
362 861 519 915 viridi
553 861 698 934 viget
723 862 993 914 assistens
1027 860 1208 913 radice
1236 860 1458 920 sacello.

184 955 425 1008 Arboris
450 955 691 1007 orandas
721 952 947 1006 frondes
968 959 1022 1006 et
1057 951 1252 1005 robora
1285 949 1506 1004 mandat

185 1047 292 1099 Ille
327 1061 518 1116 preces
545 1043 715 1098 effusa
745 1052 934 1098 censet
966 1045 1227 1098 radicitus
1257 1044 1418 1097 arbos

181 1135 426 1190 Corruat
457 1144 710 1190 evertens
749 1135 912 1208 longo
942 1151 1094 1188 sacra
1128 1141 1377 1205 tempore
1411 1141 1572 1198 tecta,

180 1228 443 1298 Amplius
473 1229 560 1282 hic
590 1229 747 1281 vanis
777 1245 846 1281 ne
877 1226 1226 1297 decipiantur
1257 1228 1468 1290 inanes,

186 1318 311 1370 Ima
346 1326 539 1386 petens
567 1317 734 1370 robur
763 1326 934 1386 paret,
966 1325 1238 1385 praecepta
1260 1317 1501 1380 facessit,

184 1410 369 1463 Obvia
400 1409 526 1462 fana
557 1412 681 1463 terit
707 1409 960 1479 quatiens
991 1418 1270 1478 vastatque
1311 1409 1636 1479 premitque,

189 1501 713 1571 Atqueminutatim
748 1516 1018 1571 spargens
1049 1501 1276 1570 protrita
1311 1500 1544 1560 revellit.

182 1596 460 1668 Cognitor
491 1596 602 1646 lnec
627 1609 852 1647 sumens
873 1593 1034 1658 jubet
1068 1594 1212 1646 hunc
1245 1595 1420 1646 ultore
1454 1594 1626 1647 subiri

189 1686 360 1747 Ense,
393 1685 631 1754 ferisque
659 1682 798 1746 dari,
833 1681 1287 1748 communiajura
1321 1684 1528 1752 negari.

183 1775 667 1827 Tramitedeeretn
696 1781 894 1826 metam
930 1773 1228 1825 scandebat
1268 1772 1465 1842 agonis

195 1865 382 1917 La-tus
413 1870 467 1915 et
491 1862 805 1915 accelerans
835 1869 986 1930 parta
1014 1861 1256 1931 gaudere
1283 1876 1488 1914 corona

193 1959 256 2008 At
289 1957 466 2029 magis
496 1963 553 2008 ut
583 1953 751 2006 niteat
779 1953 988 2008 socium
1025 1954 1167 2006 Deus
1190 1953 1430 2023 applicat
1453 1963 1671 2008 auctum

821 197 902 250 DE
941 195 1196 249 CHRISTI
1237 196 1594 250 'I‘IIIL'III’IIIS
1635 197 1802 250 AI’L'D
1847 195 2111 251 ITALIAM
2155 196 2326 250 LIBRI
2370 196 2500 249 XIV.
2547 226 2604 234 -
2653 194 2754 248 LIB
2821 195 2928 249 VII.

3447 197 3548 252 722

1850 327 1899 392 Α
1927 321 2024 384 Qui
2053 322 2179 374 dum
2206 322 2343 375 scita
2357 321 2505 390 capit
2526 321 2811 391 credisque
2845 321 3024 375 edicta
3051 321 3275 376 Ii'andaa

1930 415 2133 468 Obvius
2162 413 2368 468 addicit
2396 422 2706 484 promptum
2740 430 2797 466 se
2828 414 2894 467 ad
2921 431 3088 484 regna
3117 417 3326 470 tenenti

1928 505 2092 560 OIIert
2115 505 2281 559 exitio
2312 521 2539 558 currens
2559 503 2977 574 apprehendere
3020 505 3254 574 palmam
3291 524 3304 559 :

1927 596 2169 665 —Atque
2201 610 2326 667 ego,
2373 594 2698 664 proclamat,
2730 592 2835 666 legi
2869 593 3176 647 summittar
3204 593 3385 648 eidem

1929 688 2040 753 Qua
2075 688 2212 741 nitet
2245 687 2332 740 hic
2371 687 2578 749 senior,
2601 686 3003 757 Dominumque
3032 687 3210 756 ipsum
3241 688 3362 742 colo
3388 687 3539 741 Chri-

3235 777 3418 848 [stum,
3443 800 3466 827 »

1929 871 2020 924 IIis
2052 869 2261 940 rapitur
2289 868 2450 923 dictis
2483 876 2536 922 et
2566 877 2755 924 sancta
2777 885 2874 939 per
2895 869 3082 923 oscula
3104 870 3326 938 junctus

1916 959 2108 1013 Felicis
2137 957 2294 1028 parili
2321 958 2534 1012 meritis
2566 957 2670 1012 sub
2711 958 3156 1030 stragejugatur,

1918 1051 1977 1104 Et
2007 1048 2168 1101 simul
2209 1055 2464 1102 exsectus
2485 1047 2749 1101 caelorum
2782 1047 2849 1099 ad
2890 1046 3090 1116 gaudia
3121 1047 3293 1118 surgit
3327 1066 3341 1112 ;

1920 1139 2089 1205 Hujus
2115 1146 2236 1207 post
2259 1152 2460 1191 nomen
2494 1139 2622 1206 quia
2653 1136 2935 1190 nescivere
2976 1138 3210 1191 minoris

1918 1227 1995 1280 0b
2027 1228 2197 1280 decus
2224 1226 2413 1279 infusae
2445 1227 2682 1279 vocitant
2713 1226 2926 1280 virtutis
2958 1228 3256 1281 Adauctum

1917 1317 2172 1388 Aggressi
2209 1318 2369 1371 tacita
2395 1317 2529 1383 justi
2559 1317 2662 1371 sub
2697 1327 2857 1372 nocte
2886 1319 3131 1373 laborem

1919 1410 2034 1472 Qua
2064 1417 2272 1463 vastum
2305 1411 2566 1465 convulsa
2600 1411 2778 1463 sinum
2814 1411 3149 1480 patefecerat
3175 1413 3338 1464 arbos

1923 1497 2158 1568 Corpora
2189 1500 2417 1552 humant
2440 1499 2796 1569 conduntque
2831 1499 2901 1567 pii
2937 1499 3133 1552 tellure
3161 1499 3422 1570 triumphi
3464 1519 3477 1564 ;

1919 1589 2231 1644 Tabescens
2258 1590 2428 1643 livore
2461 1591 2618 1662 nigro
2648 1606 2843 1644 manus
2876 1591 3127 1659 improba
3160 1596 3328 1644 tentat

1847 1643 1896 1708 Β
1922 1679 2132 1733 Vellere
2165 1679 2414 1748 deposita
2447 1643 2648 1750 insigni
2679 1680 2746 1732 de
2783 1695 2906 1731 rure.
2935 1643 3164 1742 talenta,

1920 1771 2130 1841 Quique
2152 1779 2316 1824 ruunt
2346 1771 2501 1840 Operi
2544 1771 2701 1824 furiis
2743 1776 3027 1838 raptantur
3053 1769 3248 1821 Averni

1919 1860 2186 1931 Tempore
2216 1878 2322 1932 qua
2351 1862 2502 1932 pacis
2532 1862 2790 1916 fabricata
2821 1860 3076 1913 educitur
3108 1860 3232 1913 aula

1921 1958 2209 2028 Martyrum
2240 1965 2294 2010 et
2325 1956 2521 2010 illustri
2565 1959 2838 2026 pneculta'
2865 1964 3069 2027 tropaea
3101 1956 3281 2010 nitela.

1708 2101 1917 2154 CAPIT
1965 2101 2026 2154 X.

1271 2221 1346 2277 De
1375 2230 1579 2277 sunclu
1611 2223 1994 2295 Chrysogono
2032 2232 2082 2279 et
2116 2225 2454 2280 .-l-nastasia.

194 2362 609 2433 Chrysogonum
643 2359 694 2411 in
719 2358 913 2412 vinclis
936 2358 1216 2411 Anastasia
1251 2359 1467 2412 fovebat

198 2450 454 2505 I'Iuribus
487 2451 599 2502 lnec
629 2447 790 2501 etiam
821 2447 1010 2501 solatia
1042 2447 1192 2517 plura
1228 2447 1433 2502 ferebat
1461 2465 1474 2512 ;

207 2545 338 2597 Nam
374 2544 455 2596 vir
485 2543 567 2596 hic
600 2559 886 2595 asscrvans
917 2557 1092 2594 annOs
1121 2541 1392 2615 ergastula
1415 2541 1578 2594 binos

195 2633 439 2688 Plurima
474 2631 793 2701 perpetitur,
825 2630 1015 2684 Christi
1042 2629 1147 2682 sub
1178 2631 1421 2693 nomine,
1447 2638 1617 2683 victor

196 2727 433 2794 Insuper
466 2733 516 2775 et
549 2722 739 2776 Rufum
774 2723 1058 2776 custodem
1085 2722 1319 2792 acquirit
1348 2729 1399 2775 et
1431 2722 1549 2790 ejus

194 2821 435 2889 Quaeque
467 2824 682 2886 reperta
713 2816 973 2870 clientela
1005 2825 1086 2870 est
1127 2832 1346 2869 servare
1389 2824 1635 2885 penates,

195 2912 323 2964 Cum
367 2927 475 2981 qua
516 2909 874 2963 vincitovans
932 2908 1197 2962 Dominus
1238 2908 1538 2962 certamine
1581 2916 1809 2962 mactus.

194 2999 534 3053 Anastasiam
559 2998 779 3066 eonjux,
814 3014 881 3051 ne
914 2997 1148 3053 invisere
1181 2998 1352 3068 possit

192 3091 514 3147 Carceribus
544 3091 751 3162 positos
782 3106 920 3162 quos
975 3090 1165 3145 Christi
1202 3098 1256 3144 ut
1289 3089 1533 3144 membra
1567 3090 1806 3158 colebat,

195 3182 453 3236 Obscuris
480 3181 648 3234 solam
683 3179 1321 3250 injicienspenetralibus
1347 3179 1515 3232 abdit.

197 3270 459 3324 Praeclara
492 3269 603 3322 haec
629 3279 750 3324 ortu
780 3268 1004 3333 celebri,
1039 3268 1352 3337 przeclarior
1381 3276 1527 3334 actu,

199 3366 350 3418 Szevo
391 3363 608 3417 addicta
639 3363 777 3428 viro,
813 3362 951 3418 votis
982 3370 1036 3416 at
1063 3362 1247 3416 dedita
1275 3363 1508 3430 Christo,

199 3457 371 3510 Haeret
397 3464 582 3510 mente
614 3456 739 3528 piis,
771 3457 930 3511 caecis
953 3457 1179 3511 obsessa
1211 3456 1452 3512 latebris.

198 3548 545 3622 Chrysogono
577 3548 672 3601 sed
704 3565 810 3602 anu
841 3550 1030 3622 gerula
1072 3549 1158 3619 pia
1190 3557 1489 3622 grammata
1531 3550 1741 3624 legans,

206 3636 391 3708 Signat
418 3635 492 3690 uti
528 3652 744 3706 parvam
781 3637 982 3692 sacrari
1019 3638 1267 3708 praestitit
1301 3639 1464 3692 undis

202 3723 369 3778 Mater
399 3741 542 3790 eam,
576 3725 698 3779 diva
722 3742 843 3796 qua?
869 3727 1156 3799 relligionis
1190 3727 1399 3782 nitebat

202 3818 358 3884 Cujus
392 3828 513 3890 post
547 3820 790 3891 requiem
823 3821 1128 3894 infidijuga
1156 3821 1272 3876 dira
1305 3823 1480 3878 mariti

207 3910 524 3980 Sumpserit,
563 3918 615 3963 at
647 3927 819 3964 nexus
850 3911 1097 3965 morbum
1129 3912 1352 3966 mentita
1382 3915 1599 3978 refutet,

207 4000 363 4055 Nocte
390 3999 482 4055 die
507 4001 717 4055 Domini
747 4000 1065 4071 amplexans
1094 4001 1328 4074 vestigia
1354 4001 1482 4056 Jesu
1519 4020 1532 4066 ;

207 4090 291 4143 Vir
318 4106 439 4145 cum
472 4091 750 4160 sacrilegis
775 4091 894 4158 ejus
925 4091 1255 4162 patrimonia
1284 4100 1520 4149 vastans.

207 4183 268 4236 Se
299 4183 542 4236 tenebris
574 4199 802 4236 mersam
830 4183 1206 4254 penetralibus
1236 4184 1408 4256 egerit
1440 4184 1569 4238 atris

213 4273 294 4327 llis
319 4291 540 4346 quoque
581 4291 901 4345 corpoream
931 4274 1156 4343 jamjam
1181 4273 1459 4328 dimittere
1491 4275 1655 4328 vitam

210 4368 473 4431 Autumet,
497 4366 568 4419 ob
601 4365 867 4419 Christum
899 4364 1147 4438 gaudens
1176 4380 1336 4434 quam
1384 4381 1587 4434 ponere
1621 4364 1807 4425 malit;

209 4458 465 4513 Tristetur
489 4459 585 4511 sed
613 4475 768 4527 epes,
812 4458 951 4513 cmlo
983 4474 1118 4528 quas
1152 4457 1294 4511 vovit
1323 4456 1388 4510 ad
1422 4474 1597 4510 assem

212 4551 418 4616 Virtuti,
455 4551 642 4605 invisis
681 4550 948 4604 scelerum
980 4549 1314 4603 famulentur
1342 4550 1550 4604 amicis.

215 4667 235 4688 σ-
267 4642 454 4707 Quare,
490 4657 645 4696 serve
679 4639 796 4706 Dei,
820 4639 1049 4711 sulaplex
1075 4652 1125 4692 te
1155 4639 1439 4710 deprecor,
1476 4638 1667 4710 inquit,

211 4731 333 4786 Ores
359 4731 628 4784 instanter
651 4729 936 4784 Dominum
961 4729 1043 4782 vel
1069 4729 1231 4781 corda
1256 4727 1460 4801 jugalis

212 4827 469 4901 Subjuget
500 4825 617 4896 ipse
649 4826 776 4891 sibi,
810 4825 892 4880 vel
920 4825 963 4878 si
996 4824 1143 4878 videt
1178 4825 1302 4897 igne
1331 4823 1653 4886 vorandum,

216 4915 362 4969 Ferre
393 4915 570 4968 locum
599 4913 812 4981 jubeat,
844 4913 1015 4966 satius
1045 4911 1190 4982 quod
1220 4911 1384 4965 credo
1407 4926 1626 4982 negare.

215 5008 370 5070 Quam
401 5006 688 5061 Dominum
723 5005 1038 5074 fontemque
1070 5019 1288 5056 manere
1320 4998 1807 5060 fatentibusillum,

212 5099 370 5153 Tes'is
387 5097 630 5151 Christus
660 5094 814 5148 adest
845 5094 1014 5166 quod,
1043 5093 1153 5160 jam
1185 5091 1229 5144 si
1257 5090 1426 5144 libera
1459 5090 1676 5160 (legam,

213 5186 521 5239 Sanctorum
554 5183 776 5236 lia-robo
801 5181 1035 5253 pedibus
1061 5195 1358 5250 curamque
1382 5177 1596 5247 piorum

213 5275 374 5328 Mente
403 5273 553 5326 velut
590 5271 730 5340 ccepi
766 5270 915 5344 vigili
947 5284 1203 5321 exercere
1237 5268 1503 5322 laborem.
1543 5288 1566 5317 ι)

217 5365 474 5420 Rescribit
509 5363 765 5435 precibus
797 5363 928 5417 fusis
949 5360 1238 5415 confessor
1259 5362 1323 5414 ad
1359 5361 1456 5411 ista
1492 5377 1504 5410 :

215 5451 689 5509 «Turbinibustibi
717 5450 923 5505 nutanti
950 5449 1248 5520 mundique
1274 5447 1528 5520 procellis

213 5547 464 5602 Adveniet
506 5559 738 5615 propere
764 5543 1018 5614 gradiens
1056 5558 1225 5610 sUper
1269 5554 1486 5610 aequora
1521 5541 1802 5598 Christus;

1927 2361 1984 2414 Et
2016 2361 2125 2414 fera
2154 2361 2404 2435 belligeri
2431 2361 2582 2416 fauce
2618 2363 2781 2417 incita
2815 2363 2983 2417 flabra
3005 2364 3260 2418 draconis

1925 2454 2038 2507 L'no
2072 2455 2329 2524 przecepti
2364 2456 2621 2524 reprimet
2663 2473 2914 2511 sermone
2938 2457 3118 2510 relisa.

1924 2543 2084 2617 Ergo,
2115 2544 2280 2597 maris
2307 2545 2453 2598 velut
2486 2546 2539 2598 in
2575 2546 2779 2609 medio,
2807 2547 3074 2616 patienter
3100 2547 3333 2600 adorans

1921 2635 2154 2706 Expecta
2197 2637 2486 2691 Dominum
2528 2654 2650 2692 cum
2684 2646 2871 2692 sancto
2901 2647 3084 2693 mente
3119 2641 3408 2710 propheta,

1920 2725 2269 2779 Proclamans
2303 2745 2315 2780 :
2350 2727 2480 2798 quid
2511 2745 2598 2782 me
2635 2727 2861 2781 turbans
2891 2728 3071 2782 anima
3105 2746 3249 2799 aegra
3292 2729 3483 2796 fatigas
3511 2731 3534 2781 Ὺ

1921 2816 2051 2870 Fide
2077 2826 2166 2872 tuo
2196 2818 2248 2872 in
2283 2820 2536 2886 Domino,
2573 2836 2770 2890 nempe
2824 2821 3003 2890 ipsum
3053 2838 3244 2890 pressa
3276 2821 3488 2876 fatebor
3519 2841 3530 2876 ;

1919 2909 2040 2978 Ipse
2073 2911 2178 2965 mei
2214 2914 2477 2981 praeclara
2510 2913 2679 2979 salus,
2706 2913 2951 2984 etgloria
2983 2913 3183 2966 vultus.

1917 2999 2157 3054 Muneris
2193 3001 2420 3055 zelhcrei
2449 3002 2735 3075 geminum
2761 3000 3150 3072 amplexabere
3179 3002 3384 3056 donum
3419 3021 3431 3056 :

1914 3091 2045 3143 Cum
2080 3089 2175 3144 tibi
2201 3090 2500 3142 reddentur
2541 3098 2773 3152 terrena,
2807 3106 3048 3158 superna
3087 3090 3362 3155 ferentur;

1918 3184 2159 3253 Namque
2195 3183 2318 3236 ideo
2353 3182 2614 3236 Dominus
2646 3182 2871 3253 longum
2929 3182 3072 3235 bona
3116 3183 3380 3249 protrahit
3409 3185 3541 3242 alta,

1917 3271 1992 3324 Ne
2022 3270 2091 3323 sit
2113 3270 2218 3322 vile
2243 3270 2390 3340 quod
2417 3269 2674 3338 impertit,
2706 3271 2812 3321 cita
2847 3286 2950 3322 neu
2986 3270 3110 3321 data
3141 3270 3378 3339 migrent
3414 3288 3426 3334 ;

1917 3362 2024 3415 Nec
2048 3360 2290 3422 turbere,
2313 3361 2416 3430 piis
2445 3361 2593 3430 quod
2635 3360 2913 3429 quondam
2943 3361 3176 3412 adversa
3205 3369 3528 3430 sequantur,

1917 3453 2007 3506 IIis
2038 3453 2295 3524 equidem
2318 3468 2496 3522 neque
2522 3450 2801 3519 deciperis
2833 3451 2964 3520 quin
3001 3447 3103 3502 fixa
3136 3451 3407 3517 probaris.

1920 3545 2065 3599 Haud
2100 3544 2195 3599 tibi
2241 3561 2337 3615 per
2369 3542 2648 3598 hominem
2685 3552 2900 3596 constat
2931 3543 3181 3597 defensio
3217 3550 3372 3597 tuta:

1869 3616 2044 3691 :Nam
2080 3636 2404 3692 maledictus
2429 3636 2593 3690 homo
2626 3633 2679 3687 in
2703 3634 2987 3688 hominem
3019 3650 3172 3704 spem
3202 3650 3411 3704 ponere
3444 3634 3533 3688 ni-

3300 3728 3463 3798 [tens,

1919 3820 1978 3874 Et
2018 3819 2343 3875 benedictus
2399 3819 2566 3873 homo
2611 3817 2666 3870 in
2704 3816 2929 3872 Domino
2973 3829 3124 3884 spem
3174 3815 3337 3889 figere
3394 3832 3528 3886 gau-

3287 3908 3459 3978 [deus

1927 4005 2169 4074 Denique
2202 4012 2394 4058 cuncta
2419 4019 2548 4058 cave
2580 4002 2732 4075 vigili
2756 3999 3071 4072 peccamina
3101 4007 3304 4054 mente.

1923 4095 2281 4165 Christijussa
2320 4102 2495 4158 tenes,
2520 4095 2639 4162 ejus
2659 4094 2853 4148 solatia
2883 4107 3088 4163 quaere,

1921 4184 2020 4238 Ille
2042 4185 2150 4238 cito
2173 4183 2401 4254 aspiciet
2425 4183 2623 4252 placito
2642 4182 2744 4235 sibi
2775 4191 3023 4249 tempore
3047 4195 3258 4242 versus,

1921 4276 2045 4329 I’ost
2073 4275 2247 4328 noctis
2280 4273 2536 4328 tenebras
2569 4272 2818 4326 ﬂorentia
2845 4270 3052 4324 lumina
3092 4286 3347 4322 cernens.

1917 4371 2042 4426 Post
2074 4370 2268 4423 hiemis
2286 4370 2540 4445 glaciem,
2577 4370 2760 4423 Ιζοτρευ
2791 4376 2910 4436 post
2935 4367 3105 4438 frigus
3131 4367 3402 4430 (IIHCIIIIII,

1917 4466 2089 4516 Aurea
2119 4478 2283 4514 verna
2318 4461 2414 4514 tibi
2448 4460 2668 4524 cedent,
2701 4457 3044 4528 spirantibus
3075 4456 3271 4510 austris
3306 4473 3317 4508 :

1915 4550 2044 4604 Tum
2071 4551 2273 4619 pressis
2292 4550 2393 4603 sub
2423 4564 2604 4602 amore
2637 4547 2728 4601 Dei
2778 4544 3069 4615 praesentia
3093 4543 3344 4614 praebens

1924 4639 2307 4708 Nexorumque
2339 4637 2524 4691 levans
2553 4633 2815 4690 solamine
2847 4632 3065 4686 vincula
3098 4631 3321 4694 blando,

1922 4730 2151 4783 Siderea
2183 4729 2422 4799 accipies
2453 4735 2506 4781 et
2537 4726 2643 4780 fine
2673 4722 2915 4778 carentia
2946 4723 3110 4776 dona.
3150 4743 3168 4768 ι

1921 4820 2090 4894 Erigit
2117 4819 2202 4872 his
2229 4821 2472 4873 animum
2504 4817 2731 4890 caligine
2759 4814 2945 4866 clausa
2976 4814 3182 4886 virago,

1921 4910 2123 4964 Lumen
2158 4916 2213 4960 ut
2239 4908 2471 4961 interius
2504 4910 2775 4976 nequeant
2806 4899 3025 4955 fuscare
3054 4898 3299 4954 tenebrae
3335 4915 3348 4950 :

1918 5003 2126 5059 Fortior
2165 5008 2217 5054 at
2245 5003 2413 5071 pollet
2436 4996 2718 5070 pressuris,
2739 4993 2952 5066 gaudet
2981 5007 3184 5064 agone,

1917 5091 2140 5165 Angitur
2169 5091 2358 5144 infelix
2386 5089 2584 5152 socius,
2617 5083 2972 5150 cumulatque
2997 5081 3245 5134 furorem
3282 5100 3297 5148 ;

1917 5188 2108 5242 Atterit
2133 5187 2417 5242 obsessam
2451 5192 2684 5256 potuque
2711 5175 2960 5244 ciboque
2992 5183 3202 5242 negato
3241 5195 3258 5240 ;

1921 5283 2012 5335 Vix
2037 5280 2302 5351 impendit
2325 5295 2539 5351 aquam,
2563 5273 2911 5333 consumpta:
2945 5272 3215 5351 utmorte
3247 5257 3447 5335 jugalis

1918 5349 2169 5422 Liberius
2197 5349 2505 5423 dominetur
2526 5371 2687 5430 opum
2711 5367 2851 5422 quas
2881 5351 3098 5403 deserat
3131 5349 3280 5406 ina-

1915 5464 2044 5526 Qua:
2069 5465 2238 5535 recipi
2270 5481 2328 5518 se
2354 5464 2464 5532 jam
2497 5465 2719 5528 Sperans
2744 5448 2866 5498 ha‘c
2909 5458 3033 5535 ossa
3062 5439 3323 5512 relegat,

1915 5532 2253 5612 Consolatori
2289 5573 2299 5608 :
2340 5582 2362 5600 ι·
2390 5554 2530 5610 Finis
2558 5540 2693 5600 mihi
2722 5548 2982 5604 θοι-ρους
3010 5532 3194 5584 instat.
3242 5548 3261 5582 :
