3972 6208
318 240 422 293 723

1072 230 1440 288 FLODOARDI
1484 229 1784 285 CANONICI
1832 227 2161 284 REMENSIS
2204 229 2541 285 OPUSCULA
2580 228 2884 286 METRICA.

3553 234 3663 289 724

321 372 444 425 Esto
475 382 689 423 memor
714 365 908 431 nostri,
936 364 1181 420 tenebris
1209 363 1447 419 animam
1490 360 1870 437 egredientem
1967 366 2017 431 A
2047 360 2140 414 llle
2180 360 2366 416 ferens
2394 360 2565 416 sacris
2592 360 2778 416 divina
2796 360 3081 417 sororibus
3108 376 3234 418 orsa

324 465 446 533 Ipse
476 468 537 515 ut
568 457 832 527 suscipiat
859 456 1037 527 patior
1068 471 1164 526 pro
1186 456 1344 523 cujus
1374 470 1562 509 amore

326 554 493 622 Hujus
516 567 654 605 anus
683 549 811 604 inici
846 549 1007 603 nobis
1036 565 1155 619 quae
1183 548 1419 619 coeperis
1445 562 1563 602 ore.

327 644 421 697 llle
450 641 553 695 sub
584 641 703 694 hzec
734 656 746 691 :
783 658 803 687 ι
840 638 1041 692 Lucem
1099 652 1324 708 semper
1371 635 1694 707 progredior
1732 633 1943 688 umbris

325 736 546 790 Constat
572 739 627 786 et
655 738 858 802 aegroto
893 730 1101 784 licitum
1143 736 1467 799 exspectare
1497 729 1730 782 salutem
1758 744 1774 793 ;

325 824 496 877 Vitam
531 828 652 892 post
679 828 910 876 mortem
940 837 952 873 :
980 820 1060 875 sic
1090 835 1202 874 uno
1230 818 1338 873 fine
1364 818 1623 873 fatiscunt

327 912 519 968 Omnia
548 909 812 965 mundani
842 909 926 963 vel
952 909 1073 963 laeta
1101 908 1187 963 vel
1216 924 1415 979 aspera
1443 923 1657 973 cursus,

329 1008 445 1071 Quo
464 1005 537 1059 sit
566 1020 695 1075 spes
723 1004 934 1059 maestis
965 1003 1220 1076 desitque
1249 1002 1509 1074 superbia
1546 1002 1708 1069 laetis,

328 1097 614 1153 Veliﬁcant
632 1111 743 1151 uno
763 1102 964 1150 nostrm
986 1102 1158 1150 vecta:
1179 1110 1399 1166 aequore
1427 1092 1660 1165 cymbae,

331 1188 561 1261 Remige
582 1185 663 1239 sic
690 1200 801 1239 uno
832 1183 1047 1238 cunctis
1076 1184 1245 1238 corda
1275 1190 1398 1238 acta
1430 1181 1702 1238 feruntur.

335 1278 432 1331 llic
472 1274 627 1329 firma
658 1289 813 1328 nexze
831 1273 1084 1344 quaedam
1116 1288 1381 1346 compage
1413 1271 1613 1326 carinae

334 1369 575 1424 Turbine
606 1368 833 1438 pulsatae
863 1372 1126 1435 superant
1156 1364 1296 1420 vada
1333 1364 1550 1419 concita
1574 1362 1727 1433 ponti
1760 1380 1775 1427 ;

337 1458 626 1513 Nonnullis
643 1456 878 1512 trabium
902 1455 1042 1509 male
1064 1456 1259 1525 capula
1282 1454 1474 1523 juncta
1504 1453 1745 1523 phaselis

336 1551 653 1623 Tranquillo
686 1549 987 1603 admissum
1015 1546 1169 1600 rimis
1199 1546 1342 1617 parit
1369 1561 1591 1618 aequore
1634 1550 1883 1616 pontum,

342 1644 403 1697 Et
423 1644 535 1698 cito
567 1642 889 1712 dispereunt
919 1637 1181 1693 tricantes
1221 1652 1470 1708 quaerere
1513 1643 1750 1707 portum.

339 1735 430 1787 Ast
459 1731 754 1793 animistu,
784 1743 951 1783 verna
989 1727 1083 1781 Dei
1114 1727 1294 1781 crucis
1327 1726 1457 1781 inde
1475 1735 1703 1797 trOpzea,

343 1828 546 1895 Aptans
576 1833 627 1877 te
669 1821 921 1887 Domino,
952 1834 1063 1890 quo
1094 1827 1384 1890 postquam
1416 1824 1540 1873 vota
1569 1816 1785 1871 subibis

342 1915 577 1986 Martyrii
608 1914 879 1969 scandens
906 1912 1104 1983 palmae
1122 1927 1246 1966 cum
1260 1910 1501 1965 culmine
1527 1911 1595 1964 ad
1628 1910 1825 1980 ipsum.
1858 1934 1881 1958 υ

344 2007 451 2060 Nec
480 2020 631 2059 mora
656 2004 869 2075 legatus
899 2002 1212 2076 peregrinis
1239 2001 1472 2056 Publius
1490 2002 1604 2056 oris

345 2092 524 2159 Efﬂat,
552 2101 606 2146 et
644 2091 920 2165 egelidum
944 2097 1232 2146 revocatur
1257 2105 1457 2160 corpus
1480 2090 1536 2143 in
1563 2089 1759 2145 urbem

345 2187 627 2262 Conjugis.
672 2188 779 2242 Hoc
808 2186 925 2242 viso
958 2186 1216 2241 custodes
1248 2186 1438 2239 limina
1466 2184 1726 2256 linquunt

346 2275 759 2349 Diﬁ‘ugiuntquc
793 2293 807 2341 ;
842 2275 1070 2346 probum
1105 2281 1219 2329 tuta
1239 2274 1523 2329 Anastasia
1550 2281 1728 2330 vatem

350 2374 563 2444 Expetit
584 2388 847 2427 enarrans
871 2372 1249 2443 lacrymasque
1276 2380 1330 2425 et
1359 2371 1562 2445 gaudia
1590 2370 1836 2425 miscens

349 2466 490 2529 Quid
520 2464 743 2531 factum,
778 2463 869 2535 pia
895 2464 1229 2537 contingerit
1259 2463 1480 2518 oracula
1510 2477 1797 2533 quorsum.

352 2554 544 2608 Libera
573 2554 652 2608 sic
690 2553 886 2607 vinclis
910 2552 1220 2607 vinctorum
1246 2551 1459 2606 servula
1501 2549 1696 2605 Christi

352 2648 529 2702 Enitet
559 2661 844 2701 asservans
870 2646 1164 2719 ergastula,
1193 2652 1316 2700 vota
1345 2644 1683 2699 ministrans.

351 2739 565 2793 Arbiter
586 2737 644 2791 in
675 2744 898 2791 sanctos
929 2736 1094 2805 hujus
1122 2745 1230 2790 tam
1248 2736 1421 2805 pestis
1442 2733 1656 2789 acerbae

352 2829 618 2884 Mactabat
649 2836 815 2883 testes
845 2828 1104 2898 aquilinm
1136 2827 1188 2880 in
1223 2826 1471 2898 partibus
1500 2826 1627 2900 agni
1657 2845 1672 2892 ;

354 2923 464 2977 Nec
495 2920 626 2975 satis
655 2928 737 2973 est
768 2919 915 2973 lanio
940 2926 1273 2989 praesentum
1297 2917 1567 2990 sanguine
1600 2915 1757 2991 tingi,

356 3011 633 3064 Romanos
672 3022 833 3060 enses
856 3005 1022 3059 latum
1051 3005 1183 3076 quin
1205 3004 1486 3079 Spargitin
1517 3004 1710 3060 orbem
1744 3022 1760 3070 ;

357 3095 681 3151 Carceribus
699 3101 878 3149 servat
903 3109 1043 3166 quos
1073 3092 1398 3164 praefectura
1424 3110 1523 3165 per
1543 3092 1736 3148 urbem

356 3191 483 3246 Diro
516 3190 742 3245 mandat
782 3189 871 3263 agi
908 3188 1132 3263 gladio;
1164 3188 1268 3242 sibi
1298 3188 1505 3243 mittier
1530 3189 1732 3243 almum

359 3282 768 3355 Chrysogonum
794 3298 808 3346 ;
840 3279 1093 3351 sequitur
1120 3287 1247 3333 voto
1277 3279 1459 3353 gravis
1490 3295 1598 3334 aere
1628 3278 1903 3345 ministra,

358 3372 641 3445 Largaque
670 3368 941 3425 devinctis
981 3369 1141 3422 etiam
1178 3367 1266 3423 hic
1304 3368 1573 3422 solamina
1605 3367 1836 3439 praebet,

359 3462 609 3533 Denique
642 3460 1025 3536 Chrysogonus
1053 3460 1353 3535 grassantis
1381 3460 1434 3514 in
1461 3476 1555 3515 ora
1586 3460 1846 3514 draconis

364 3555 682 3621 Perductus,
716 3554 923 3625 petitur
950 3552 1182 3624 laqueis,
1216 3551 1565 3623 quatiturque
1593 3551 1856 3605 secundis

365 3644 655 3707 Suadetur,
686 3643 771 3697 vel
806 3642 1124 3714 praefectus,
1148 3641 1233 3697 vel
1265 3640 1457 3696 consul
1489 3640 1682 3695 adoret

363 3732 598 3787 Numina
628 3731 1002 3797 Romulidum,
1036 3746 1145 3785 neu
1173 3737 1397 3799 spernat
1418 3743 1573 3782 sacra
1605 3735 1912 3797 parentum.

369 3848 393 3870 «
440 3823 615 3877 Unum
645 3821 743 3890 (ait
770 3820 876 3879 ille]
910 3821 1082 3874 Deum
1116 3827 1440 3873 veneratum
1470 3816 1676 3871 mentis
1690 3816 1879 3882 adoro,

366 3915 541 3970 Corde
563 3914 685 3969 colo
717 3912 939 3984 suplici,
973 3910 1206 3965 sinceris
1236 3924 1546 3981 prosequor
1575 3910 1730 3964 actis.

365 4008 681 4062 Vestrorum
712 4005 1005 4058 simulacra
1036 4003 1201 4058 deum
1232 4017 1352 4073 qua)
1370 4016 1510 4056 vana
1540 4001 1846 4072 probantur

370 4100 563 4170 Utpote
594 4096 930 4152 daemonicas
956 4102 1323 4150 contemnens
1343 4108 1572 4149 exsecro
1596 4094 1804 4149 thecas.

370 4194 594 4248 Famine
623 4207 731 4264 quo
761 4190 1014 4263 pandens
1045 4188 1214 4244 animi
1248 4188 1623 4259 insuperabile
1654 4189 1843 4255 robur,

365 4284 644 4341 Terminat
663 4283 963 4358 egregiam,
995 4282 1253 4338 desectus
1277 4282 1436 4346 colla,
1478 4281 1805 4352 palaestram,

373 4374 612 4429 Membra
637 4371 924 4427 salutifero
961 4370 1183 4443 populis
1200 4386 1270 4425 ne
1295 4371 1419 4440 jure
1442 4371 1703 4435 niterent,

373 4465 563 4520 Livore
593 4463 864 4534 mquoreis
893 4462 1149 4518 demersa
1174 4462 1429 4516 lavantur
1453 4462 1511 4515 in
1543 4460 1725 4515 undis.

372 4562 435 4616 At
460 4574 569 4614 non
600 4558 790 4613 nereio
812 4564 1150 4629 praesumpta
1179 4565 1440 4613 vorantur
1471 4556 1621 4610 hiatu

374 4650 492 4706 Non
520 4649 588 4704 ad
612 4624 834 4721 portum
857 4624 1162 4715 hostia-vel
1193 4647 1468 4718 inhospita
1494 4647 1696 4711 littora,
1730 4624 1853 4701 laeta

375 4742 695 4795 Sanctarum
717 4738 785 4793 ad
811 4738 984 4793 saltus
1013 4736 1245 4793 veniunt
1268 4736 1449 4811 legata
1469 4751 1743 4801 sororum,

377 4829 616 4901 Cyoniae,
644 4828 908 4901 Hyrenes,
939 4828 1284 4902 Agapesque,
1315 4842 1484 4882 senex
1517 4825 1611 4880 ubi
1638 4826 1820 4896 justus

378 4923 650 4981 Conderet
689 4923 808 4978 haec
834 4922 1016 4977 Zoilus
1036 4929 1188 4978 casto
1216 4920 1487 4976 servanda
1517 4920 1707 4975 cubili.

380 5014 647 5071 Panditur
676 5014 938 5070 indeseni
962 5030 1071 5086 qua
1100 5013 1170 5067 sit
1199 5019 1363 5084 caput
1390 5026 1616 5085 {equore
1648 5017 1887 5077 vectum,

383 5110 785 5179 lnventumquc
813 5107 964 5163 velut
982 5113 1193 5162 sectum
1218 5121 1343 5161 mox
1372 5106 1527 5160 caede
1558 5104 1764 5160 recenti

384 5194 675 5268 Deligitur,
708 5195 1041 5267 propriaque
1071 5210 1237 5266 super
1264 5194 1482 5249 cervice
1504 5193 1735 5249 locatur.

387 5287 529 5341 Pace
554 5282 743 5337 fruens
772 5290 976 5356 martyr
1003 5299 1314 5357 superaque
1344 5283 1402 5337 in
1433 5284 1555 5337 luce
1586 5282 1803 5349 beatus,

388 5379 512 5448 Ipse
542 5374 627 5428 sui
658 5376 927 5432 curatoris
956 5391 1167 5431 memor
1195 5391 1315 5432 esse
1338 5374 1599 5445 probatur
1626 5390 1640 5438 ;

389 5473 785 5537 Apparensque
823 5468 943 5521 seni
974 5468 1243 5522 dictarum
1268 5466 1416 5521 bella
1451 5480 1700 5521 sororum

387 5560 508 5613 Jam
542 5559 828 5625 patranda,
862 5559 1077 5631 piaeque
1103 5560 1266 5616 docet
1291 5559 1540 5615 solamen
1570 5558 1804 5613 alumnae

396 5644 552 5697 Hunc
579 5652 858 5711 sumptum
889 5647 967 5700 ire
997 5646 1180 5701 datam
1206 5654 1520 5703 sanctorum
1549 5647 1683 5701 sede
1738 5645 2004 5719 quietem.

1982 1684 2032 1751 B

2043 450 2145 505 Ter
2170 451 2387 507 decimo
2415 452 2733 523 explicitum
2765 452 2917 506 testis
2947 459 3075 522 post
3102 453 3219 509 sole
3250 454 3593 528 triumphum

2044 543 2198 597 Celsa
2219 544 2325 597 sibi
2355 544 2573 599 scandit
2602 545 2909 615 penetralia
2937 553 3177 616 martyre
3200 552 3376 616 parta,

2045 635 2297 710 Pignoris
2327 636 2525 691 eximia
2558 636 2682 691 lecti
2706 636 2965 691 mercede
2997 643 3236 707 recepta.

2046 725 2180 779 Hinc
2210 726 2264 779 in
2284 726 2572 796 pmdictas
2601 732 2883 798 grassante
2914 725 3128 780 latrone
3161 740 3400 793 sorores,

2047 820 2111 876 Ut
2151 820 2255 874 sibi
2280 820 2381 874 fert
2400 820 2638 889 jussum,
2664 836 2774 875 non
2806 819 3013 875 deserit
3038 820 3182 875 alma
3207 819 3464 875 ministra

2048 912 2276 967 Carcere
2304 912 2556 965 detrusas
2583 910 2865 966 Anastasia
2885 910 3132 977 sodales,

2052 1004 2388 1074 lmpendens
2412 1002 2694 1077 geminum
2727 1002 2949 1073 pietatis
2982 1017 3212 1057 munere
3232 1001 3455 1056 victum.

2053 1096 2164 1150 Nec
2193 1096 2377 1150 minus
2408 1094 2957 1169 indignosrebusque
2994 1093 3227 1165 foroque
3256 1091 3532 1164 repulsos,

2055 1184 2289 1241 Nomine
2318 1185 2571 1255 sydereo,
2602 1184 2815 1259 gremio
2836 1183 3121 1257 genitricis
3150 1182 3378 1253 adoptat
3404 1200 3417 1236 :

2057 1271 2248 1326 Omnia
2288 1273 2520 1327 sollicite
2551 1288 2773 1338 curans,
2808 1270 3139 1343 patrimonia
3160 1271 3300 1326 coelo

2059 1365 2307 1420 Condere
2339 1364 2669 1436 deposcens,
2698 1364 2842 1420 votis
2871 1380 3153 1435 operaque
3192 1362 3470 1426 laborans,

2057 1459 2133 1512 Ne
2164 1474 2271 1529 qua
2301 1457 2471 1512 latere
2502 1458 2645 1511 sinat
2674 1457 2835 1512 terris
2865 1473 2987 1528 qum
3019 1463 3241 1511 voverat
3269 1454 3461 1517 astris;

2059 1548 2427 1602 Grassatorem
2460 1546 2661 1602 etenim
2694 1545 2946 1617 sequitur
2974 1546 3068 1617 qui
3097 1552 3277 1616 strage
3318 1544 3539 1615 piorum

2060 1640 2225 1693 Ardet
2254 1638 2459 1709 ubique
2493 1636 2595 1692 loci
2624 1644 2804 1692 vastas
2831 1634 3117 1691 effundere
3144 1635 3326 1690 caedes

2062 1736 2135 1788 Ac
2163 1734 2313 1789 velut
2344 1732 2770 1804 haudquaquam
2795 1730 2973 1785 valeat
2995 1728 3241 1800 reperire
3263 1727 3543 1782 necandos

2063 1831 2177 1895 Qua
2204 1828 2418 1901 pergit;
2462 1828 2682 1881 ductare
2708 1826 2891 1880 studet
2917 1824 3019 1879 sub
3050 1823 3231 1878 vincla
3262 1828 3533 1892 repertos,

2064 1920 2207 1983 Quos
2237 1918 2379 1971 inter
2408 1916 2688 1971 Macedum
2720 1915 2893 1969 dictas
2921 1912 3175 1985 perducit
3206 1911 3274 1965 ad
3301 1910 3472 1965 urbes

2065 2008 2364 2061 Germanas
2394 2005 2548 2059 nullo
2579 2004 2780 2059 sudore
2809 2002 3020 2057 abtrice
3050 2000 3346 2070 dirempta,

2065 2098 2194 2162 Qua:
2226 2096 2372 2151 celso
2400 2103 2625 2167 superat
2655 2095 2821 2150 corde
2850 2107 3115 2163 scruposa
3153 2090 3362 2144 viarum

2066 2189 2347 2259 Quamque
2370 2204 2644 2259 supernus
2674 2202 2829 2242 amor
2859 2200 2956 2255 per
2973 2183 3128 2247 dura,
3156 2195 3255 2252 per
3282 2177 3454 2233 ardua
3470 2176 3616 2233 tollit

2065 2278 2359 2333 Pharsalia:
2390 2292 2648 2349 quaerens
2674 2282 2832 2346 aptos
2863 2273 2931 2328 ad
2963 2272 3084 2326 dira
3114 2270 3398 2325 ministros
3430 2285 3446 2334 ;

2063 2368 2205 2422 Trux
2233 2369 2319 2423 leo
2346 2366 2601 2422 victrices
2629 2364 2771 2436 rapit
2800 2364 2905 2418 huc
2942 2361 3010 2416 ad
3041 2376 3187 2416 saeva
3204 2374 3443 2422 sorores,

2069 2462 2211 2523 Quas
2240 2459 2328 2530 pia
2358 2456 2581 2511 solatrix
2610 2470 2764 2510 acres
2794 2469 2905 2508 non
2932 2451 3077 2507 inter
3105 2466 3315 2527 agones

2071 2547 2303 2611 Deserit,
2338 2545 2482 2600 haud
2515 2550 2720 2598 mactas
2748 2549 2871 2613 post
2895 2541 3039 2596 clara
3071 2547 3275 2610 trepaea
3304 2537 3566 2610 relinquit
3599 2557 3614 2608 ;

2074 2642 2274 2713 Hisque
2310 2646 2643 2693 aeternorum
2676 2634 2869 2690 festiva
2898 2631 3101 2704 palatia
3130 2630 3308 2687 nactis

2075 2734 2411 2807 Regnorum,
2446 2729 2624 2784 meriti
2654 2728 2843 2783 thecas
2865 2725 3015 2781 cultu
3047 2732 3205 2780 ornat
3233 2722 3476 2778 honoris.

2076 2826 2250 2895 Hujus
2270 2841 2369 2896 per
2398 2822 2600 2877 multos
2619 2819 2836 2891 superis
2866 2818 3046 2889 legata
3069 2816 3323 2887 supellex

2079 2920 2208 2973 Dum
2241 2916 2411 2987 pollet
2431 2914 2594 2969 celsis
2614 2913 2727 2982 jam
2759 2908 3185 2981 centuplicanda
3216 2906 3441 2961 talentis

2028 3051 2046 3070 η
2080 3009 2143 3063 In
2169 3010 2326 3065 terris
2350 3022 2553 3081 augere
2583 3005 2813 3071 bonum,
2848 3002 3070 3075 pietatis
3092 3006 3301 3055 amator

2080 3105 2195 3159 Non
2226 3101 2405 3156 renuit
2425 3099 2646 3171 gemina
2677 3099 2818 3152 hanc
2846 3103 3113 3168 praestans
3172 3095 3407 3151 retinere
3446 3093 3702 3158 lucerna,

2081 3199 2214 3252 Dum
2239 3193 2601 3267 parilijungit
2633 3191 2974 3247 Theodotem
3006 3191 3129 3245 luce
3165 3190 3482 3244 micantem.

2082 3288 2338 3345 Hostibus
2370 3288 2485 3341 haac
2509 3284 2728 3340 addicta
2754 3300 2916 3357 sagax
2949 3282 3376 3352 evaderejcurat,

2083 3377 2362 3443 Mundani,
2396 3375 2535 3430 saltu
2568 3382 2711 3430 astra
2732 3383 2951 3445 petens,
2985 3369 3332 3444 laqueamina
3360 3368 3512 3434 retis,

2081 3469 2401 3539 Zelantique
2435 3482 2599 3539 proco
2630 3465 2739 3520 sibi
2768 3464 2955 3520 debita
2983 3463 3190 3535 praedia
3216 3463 3496 3534 linquens,

2083 3562 2328 3617 Nectitur
2347 3560 2601 3615 aetherem
2634 3557 2818 3613 studio
2850 3556 3157 3612 exercenda
3187 3555 3462 3629 magistrae

2086 3653 2352 3721 Quaelibet
2381 3659 2506 3722 apta
2536 3650 2650 3706 foro
2681 3650 2901 3705 discens
2930 3648 3251 3719 impendere
3279 3648 3443 3703 ccelo.

2091 3749 2215 3803 Haec
2243 3746 2425 3802 omnis
2452 3760 2584 3800 cura
2614 3743 2903 3809 ambabus,
2937 3742 3053 3796 haec
3078 3741 3196 3795 sola
3226 3738 3449 3811 cupido,

2092 3838 2289 3893 Matres
2318 3842 2379 3890 ut
2402 3833 2624 3909 genitis,
2645 3831 2838 3887 solatia
2858 3830 3102 3903 pendere
3115 3828 3345 3896 sanctis,

2085 3928 2403 3986 Subsidium
2432 3926 2570 3981 ferre
2599 3924 2860 3999 indignis,
2884 3923 3013 3977 dare
3036 3921 3235 3978 robora
3255 3920 3415 3985 tritis,

2086 4018 2405 4075 Praesidium
2440 4015 2677 4087 pavidis,
2711 4010 2968 4086 suﬂ‘ragia
2999 4010 3216 4066 tradere
3242 4007 3473 4075 maestis,

2091 4108 2234 4163 Latis
2259 4106 2399 4162 coelo
2429 4103 2648 4175 Opibus,
2676 4100 2956 4172 raptisque
2978 4098 3047 4154 ad
3072 4098 3257 4153 sidera
3278 4096 3465 4167 justis.

2089 4200 2355 4267 Quaesitos
2385 4196 2545 4253 solito
2576 4195 2812 4249 lustrans
2838 4190 3116 4265 ergastula
3154 4197 3350 4256 mater,

2089 4296 2225 4349 Dum
2252 4287 2449 4361 probat
2479 4286 2742 4343 emeritos
2768 4284 3051 4340 Anastasia
3071 4282 3360 4358 migrasse,

2009 4350 2063 4416 Ι)
2095 4387 2164 4441 Se
2189 4350 2445 4455 lacrymis
2475 4380 2776 4437 desolatam
2807 4374 3014 4431 solatur
3042 4350 3251 4433 amicis.

2096 4478 2223 4542 Quae
2252 4474 2383 4529 ﬂetu
2413 4470 2633 4526 madida
2670 4482 2766 4523 ora
2796 4465 2981 4539 rigans
3010 4478 3170 4517 secus
3199 4466 3357 4516 antra
3384 4464 3604 4529 reperta

2097 4567 2376 4638 lntrepido
2409 4561 2677 4619 Christum
2707 4560 2831 4614 nisu
2860 4556 2990 4628 quia
3013 4554 3154 4609 fassa
3188 4550 3425 4628 roganti,

2095 4658 2344 4714 Traditur
2384 4653 2582 4726 Illyrici
2609 4651 2810 4722 stipato
2832 4648 2955 4716 jure
2980 4642 3184 4700 forensi

2098 4749 2379 4815 Praefecto,
2410 4746 2728 4816 scitansque
2758 4741 2944 4795 datum
2986 4734 3350 4791 nihilominus
3380 4731 3472 4787 ille

2074 4840 2306 4912 Accipit
2336 4836 2616 4913 egregium
2634 4843 2826 4890 tenero
2859 4830 2960 4886 sub
2994 4835 3218 4900 pectore
3244 4824 3413 4881 robur

2100 4910 2711 4999 Quaerentique'genus,
2739 4933 3071 4990 causamque
3104 4915 3353 4971 interrita
3383 4910 3609 4984 pandit:

2099 5026 2398 5089 Adventus,
2429 5021 2452 5077 J
2462 5036 2615 5077 esum
2646 5032 2812 5088 super
2840 5022 2987 5068 astra
3007 5011 3204 5067 sedere
3232 5006 3499 5080 profatur,

2104 5122 2547 5189 Praesentemque
2576 5114 2694 5170 solo
2712 5110 2919 5167 sanctis
2940 5107 3211 5164 solamina
3240 5104 3383 5159 ferre
3416 5119 3431 5167 ;

2103 5211 2215 5265 Nec
2244 5214 2409 5282 negat
2438 5206 2524 5260 his
2548 5221 2608 5260 se
2637 5199 2926 5258 sollicitam
2942 5194 3181 5252 servisse
3212 5191 3515 5247 ministram

2108 5299 2254 5364 Quos
2283 5279 2710 5368 impugnarunt:
2745 5284 2975 5357 trepidis
3004 5283 3222 5338 auxisse
3255 5279 3526 5353 vigorem,

2108 5391 2268 5444 Arma
2297 5386 2539 5452 dedisse,
2570 5383 2714 5438 viam
2746 5382 3104 5440 monstrasse,
3137 5374 3350 5427 levasse
3371 5368 3619 5424 laborem

2110 5482 2205 5536 His
2228 5495 2288 5534 se
2316 5479 2590 5533 desertam
2613 5474 2974 5547 queriturque
3014 5472 3242 5539 repente
3274 5462 3546 5527 relictam,

2111 5568 2322 5625 (Emula
2345 5567 2477 5622 cord
2495 5586 2512 5619 ι
2541 5566 2631 5638 ρίο
2662 5568 2786 5634 post
2807 5560 2907 5616 hos
2931 5558 3145 5615 fervore
3177 5555 3469 5617 ferentem,
