3972 6208
201 281 303 335 725
812 276 895 331 DE
936 274 1193 330 CHRISTI
1232 274 1592 329 TRIUMPHIS
1633 274 1803 330 APUD

203 408 417 480 ﬂosque
447 406 607 480 sequi
638 405 917 477 cupidam,
961 404 1090 459 hinc
1119 412 1175 460 et
1212 412 1402 474 aperto
1430 403 1636 459 lumine
1677 421 1820 475 pau-

1619 496 1750 565 [sam

200 588 316 652 Quo
348 593 477 657 post
505 592 755 640 exactum
788 584 1009 640 tandem
1036 584 1265 657 vestigia
1286 601 1513 639 censum

200 680 322 750 Ipsa
352 678 789 749 triumphantum
820 678 887 731 ad
919 677 1113 733 crulos.
1148 676 1233 731 vel
1264 692 1387 730 sera
1417 685 1713 748 sequatur;

198 770 561 841 Comperiens
598 768 800 824 claram
837 784 1041 839 praeses
1069 768 1362 842 gentisque
1395 775 1589 842 togatm

196 862 377 932 Stirpe
407 870 604 927 satam,
633 860 749 934 regi
778 861 924 915 ducit
958 860 1285 931 depromere
1314 860 1539 932 dignum

197 952 266 1006 Se
298 949 598 1022 praetextati
633 950 885 1005 sobolem
917 966 1134 1003 servare
1169 950 1496 1020 prehensam

198 1040 542 1096 Christicolae
558 1046 710 1094 tanto
737 1045 903 1093 sexta
926 1038 1226 1092 nodamine
1255 1047 1465 1108 captam

198 1130 434 1185 Nomine
465 1130 569 1183 sub
609 1128 829 1193 Christi,
857 1128 1116 1201 jugulum
1140 1143 1261 1197 qua:
1292 1128 1533 1197 pendere
1566 1127 1732 1181 malit.

196 1222 454 1292 Praecipit
482 1220 572 1275 ille
604 1220 783 1275 datam
824 1220 1005 1275 studio
1036 1219 1306 1273 servarier
1336 1220 1508 1283 omni,

195 1311 357 1365 Iussa
390 1320 585 1364 tenens
614 1309 747 1379 quid
780 1323 975 1362 censor
1000 1314 1146 1379 agat.
1179 1323 1300 1377 quin
1334 1324 1561 1361 munera
1589 1317 1773 1379 ponat.

198 1399 447 1471 Exquirit
475 1398 761 1469 praefectus
787 1414 943 1468 opes,
974 1397 1301 1467 patrimonia
1326 1398 1532 1467 poscit;

195 1492 487 1562 Accipiens
516 1490 766 1561 impensa
799 1490 946 1560 polo,
990 1488 1493 1559 Iibaminaprofert.

197 1585 408 1640 Probra
448 1584 617 1638 Deum
649 1582 896 1653 capiens,
931 1583 1125 1636 insana
1145 1582 1365 1637 oracula
1396 1591 1603 1643 censet,

199 1676 523 1729 Dementem
546 1672 777 1727 demens
808 1671 1028 1733 vocitat,
1064 1670 1260 1741 probat
1292 1670 1383 1724 illa
1416 1671 1727 1738 socordem,

201 1762 623 1833 Invalidumque
662 1761 848 1816 animo
877 1760 1021 1813 veris
1051 1776 1341 1813 secernere
1372 1759 1522 1814 falsa.

198 1861 449 1925 Quwstor
480 1859 626 1913 dicta
656 1858 821 1913 refert
851 1858 987 1930 regi,
1022 1856 1148 1912 furit
1172 1858 1261 1909 ille
1295 1858 1583 1927 requirens

198 1948 370 2002 Milite
411 1963 521 2018 quo
562 1945 721 2000 fixam
762 1952 1007 2016 superet,
1040 1945 1200 2016 queis
1233 1946 1667 2010 dimicetarmis,

198 2036 533 2091 Sacricolam
568 2034 831 2089 eximium
855 2035 1082 2104 capiens
1110 2050 1274 2088 uxore
1300 2042 1605 2097 vacantem,

195 2125 383 2181 Tradit
412 2125 541 2180 huic
579 2124 663 2179 vel
696 2123 1064 2188 subdendam,
1098 2122 1356 2193 fanoque,
1386 2124 1679 2194 thoroque,

195 2216 295 2271 Vel
319 2215 365 2268 si
397 2214 675 2280 restiterit,
707 2212 1071 2286 subigendam
1106 2211 1341 2265 tormine
1366 2211 1533 2266 letho.

196 2304 299 2358 Ille
322 2303 505 2357 datam
532 2302 781 2373 gaudens
801 2300 949 2355 varia
976 2300 1029 2353 in
1064 2299 1369 2370 penetralia
1399 2300 1570 2365 ducit,

195 2390 495 2445 Dissimilis
524 2390 736 2444 diversa
763 2403 993 2443 monens
1026 2387 1342 2441 discrimina
1370 2387 1499 2442 belli
1523 2405 1533 2439 :

198 2487 339 2541 Hinc
362 2486 626 2561 gladium,
658 2484 784 2538 hinc
810 2500 1024 2549 aurum,
1054 2499 1301 2554 gemmas
1329 2484 1476 2546 hinc,
1514 2484 1639 2537 inde
1669 2492 1818 2539 cata-

1584 2577 1712 2647 [stas
1733 2594 1747 2639 ;

195 2668 453 2724 Mollibus
491 2668 619 2723 hinc
650 2667 807 2722 cunis
844 2668 1059 2742 argenti
1090 2675 1256 2721 strata
1290 2667 1596 2740 refulgent;

196 2762 429 2836 Ignibus
451 2760 577 2815 inde
601 2759 729 2814 feris
757 2759 883 2814 ferri
919 2769 1037 2814 usta
1066 2760 1291 2835 grabata
1323 2760 1612 2825 renident;

197 2857 335 2912 Inde
366 2871 511 2927 penu
542 2855 779 2925 dapibus
810 2855 977 2909 nimia
1003 2856 1145 2926 stipe
1178 2855 1291 2909 dite
1320 2855 1611 2919 refertum;

195 2950 334 3003 Inde
365 2964 532 3018 specu
562 2946 804 3002 tenebris
830 2947 1095 3018 testisque
1122 2946 1386 3001 horrescit
1409 2948 1603 3001 acutis.

197 3042 329 3105 Quae
354 3056 543 3095 verum
568 3039 744 3093 lutum
767 3038 923 3093 fortis
957 3046 1149 3093 testata
1179 3039 1387 3112 virago,

203 3127 436 3183 Cernere
466 3144 525 3182 se
554 3127 805 3182 cumulos
822 3128 1117 3198 Opulentos
1146 3136 1386 3182 stercora
1413 3138 1626 3195 censet,

202 3220 400 3275 Ferrea
430 3220 611 3275 vincla
639 3219 750 3291 poli
784 3219 1021 3291 pretiosa
1052 3219 1280 3274 monilia
1311 3219 1478 3277 ducit.

201 3313 297 3367 Ille
330 3319 532 3383 putans
560 3313 737 3382 spatio
768 3329 798 3366 a
828 3314 983 3367 cmlis
1014 3313 1079 3365 ad
1113 3320 1291 3367 terrea
1326 3315 1486 3375 volvi,

202 3406 326 3459 Fert
355 3405 594 3459 triduum
616 3404 799 3458 invitae
823 3406 934 3473 jam
954 3406 1181 3475 jamque
1213 3422 1455 3475 superna
1480 3405 1711 3470 tenenti,

200 3498 523 3570 Allegatque
550 3496 742 3550 decem
772 3512 930 3567 sagas
959 3504 1270 3566 pervertere
1301 3497 1487 3562 corda,

201 3586 533 3641 Indomitam
563 3584 711 3639 visco
736 3585 1015 3656 laqueisvc
1047 3584 1213 3659 ligare
1246 3586 1576 3639 columbam.

204 3677 351 3730 Hanc
382 3675 489 3731 illae
514 3674 682 3728 variis
709 3680 975 3729 attentarit
1005 3674 1241 3728 retibus:
1274 3692 1487 3741 aurum,

201 3766 469 3820 Ardentes
492 3779 746 3837 gemmae,
780 3763 1073 3835 Parthique
1108 3763 1358 3818 feruntur
1384 3766 1583 3819 odores

204 3855 297 3908 llla
326 3854 453 3925 polo
484 3852 668 3907 deﬁxo
697 3852 912 3919 oculos,
944 3854 1194 3923 elataque
1221 3855 1449 3924 palmas,

202 3943 317 3997 Stat
349 3941 607 4013 precibus
645 3941 883 4006 haerens,
919 3957 1021 3995 nec
1052 3942 1217 3995 corda
1247 3958 1351 3996 nec
1381 3958 1475 3996 ora
1506 3942 1817 4008 reﬂectens,

200 4036 316 4090 Non
348 4050 531 4089 escam
561 4049 885 4089 somnumve
919 4040 1133 4103 petens,
1164 4050 1399 4089 sensuve
1440 4035 1798 4109 pigrescens;

202 4126 494 4182 Cornicum
528 4134 585 4179 ut
612 4140 778 4179 voces
804 4125 986 4197 aquila
1007 4134 1305 4195 spernente
1338 4126 1627 4193 fatiscunt;

202 4222 291 4277 Sic
313 4220 418 4275 fusi
449 4236 663 4284 suasus,
694 4220 918 4274 immota
947 4221 1049 4273 hac
1071 4227 1270 4284 stante,
1300 4221 1603 4276 labascunt.

204 4313 425 4368 Cessum
450 4313 543 4367 ubi
574 4323 697 4383 post
722 4313 958 4383 spatium
992 4311 1281 4367 muliebria
1314 4312 1420 4366 tela
1450 4314 1610 4367 relisa

207 4402 497 4474 Improbus
535 4401 797 4456 insistens
822 4402 1026 4456 athleta
1058 4401 1303 4455 libidinis
1330 4403 1503 4467 audit,

208 4496 526 4566 Irrumpens
543 4495 823 4563 sacrajam
867 4501 1119 4564 penetrat
1147 4511 1245 4565 per
1271 4503 1395 4549 vota
1421 4496 1681 4561 dicatum,

209 4584 409 4639 Nititur
439 4584 724 4655 amplexus
744 4584 954 4638 ccelesti
982 4583 1186 4638 inferre
1218 4584 1433 4654 puellie,

208 4676 379 4741 Quem
409 4675 594 4730 subito
626 4675 855 4749 cingens
885 4675 1129 4730 tenebris
1156 4675 1364 4730 aorasia
1390 4676 1553 4729 vallat

208 4772 369 4844 Gyrat
394 4770 560 4826 inane
586 4771 804 4837 domus,
836 4770 1031 4826 Christi
1053 4770 1374 4843 contingere
1402 4786 1611 4824 servam

208 4861 523 4926 Invalidus;
556 4860 753 4916 surdos
783 4876 953 4915 vacuo
984 4866 1142 4915 vocat
1171 4876 1295 4913 aere
1326 4859 1517 4919 divos:

208 4954 377 5018 Queis
409 4951 628 5007 tandem
660 4952 867 5018 elusus,
910 4951 1189 5022 pestisque
1221 4952 1400 5024 rigore
1430 4959 1673 5017 coactus,

206 5043 462 5096 Astantes
488 5040 700 5096 foribus
729 5040 972 5095 clamans
1000 5040 1128 5105 ciet,
1152 5040 1346 5111 hisque
1379 5050 1651 5112 receptus,

211 5136 491 5202 Evehitur,
514 5136 802 5209 cultasque
834 5137 928 5190 diu
960 5136 1206 5191 defertur
1235 5136 1302 5190 ad
1334 5152 1474 5199 aras,

210 5225 376 5279 Sacra
406 5223 544 5290 litat,
576 5224 740 5278 vitam
774 5240 803 5278 a
832 5225 1027 5279 mortis
1060 5224 1380 5278 ductoribus
1410 5232 1548 5291 orat,

212 5313 343 5367 Orsa
369 5312 517 5383 capit
542 5328 602 5367 se
624 5312 791 5387 digna
818 5312 927 5383 pati
961 5312 1311 5365 dementibus
1337 5312 1505 5376 ausis,

212 5403 606 5473 Tartareasque
621 5403 800 5474 agitur
823 5409 1011 5473 raptus
1035 5402 1325 5472 tysiphone
1356 5402 1458 5456 sub
1484 5402 1720 5456 umbras.

216 5496 410 5550 Libera
442 5493 693 5549 bellatrix
722 5494 886 5549 socia:
917 5494 1152 5569 magalia
1180 5494 1327 5560 visit,

218 5587 279 5641 Et
309 5585 415 5641 sibi
445 5591 601 5661 gesta
630 5584 741 5638 Deo
768 5584 1062 5639 Theodotze
1092 5600 1155 5638 ex
1184 5582 1376 5637 ordine
1408 5584 1630 5653 pandit:

216 5672 444 5730 Solibus
483 5677 651 5743 atque
672 5671 768 5726 Dei
797 5678 990 5728 noctes
1022 5672 1073 5726 in
1106 5670 1362 5726 laudibus
1392 5671 1618 5725 addunt.

1846 275 2111 331 ITALIAM
2155 278 2328 333 LIBRI
2371 279 2499 335 XIV.
2544 311 2609 319 —
2653 281 2773 336 LIB.
2817 282 2929 337 VII.

1851 412 1897 475 Α
1930 406 2173 461 Bebricia
2206 408 2416 463 interea
2443 409 2752 465 Tlieodotes
2781 412 2915 467 urbe
2947 414 3153 483 petitor

1926 498 2257 563 Adveniens,
2290 499 2490 569 Opibus
2509 502 2668 568 jnsta:
2701 503 3021 572 perfunctus
3044 506 3253 578 inique,

1930 588 2072 643 Hanc
2104 590 2210 643 sibi
2240 592 2494 646 connecti
2521 592 2702 648 studio
2732 594 2995 667 flagrabat
3022 596 3183 653 inerti

1928 681 2174 752 Dumque
2206 682 2325 739 dies
2354 700 2493 739 vano
2527 684 2785 740 insistens
2812 688 2935 742 terit
2966 688 3169 760 impete
3195 693 3396 762 plures,

1930 774 2142 830 Invenit
2174 777 2313 833 hanc
2344 778 2545 847 pariter
2569 796 2693 850 qua:
2713 781 2934 837 roboret
2972 799 3067 839 ore
3096 786 3361 851 sodalem,

1928 864 2093 926 Quam
2136 864 2281 919 feros
2310 866 2589 937 abripiens
2621 870 2834 923 censori
2866 871 3071 926 addicit
3101 877 3291 939 atroci,

1930 956 2261 1030 Primatique
2286 976 2397 1014 sua!
2437 960 2772 1017 Theodotem
2806 964 3041 1019 destinat
3066 965 3235 1022 urbis.

1926 1051 2019 1104 Ille
2040 1052 2180 1120 piam
2215 1054 2409 1107 sceleri
2446 1055 2629 1109 nitens
2653 1056 3003 1112 substernere
3034 1067 3175 1114 tetro

1927 1138 2058 1190 Dum
2082 1138 2281 1208 probat
2311 1140 2667 1212 intrepidam,
2704 1152 2891 1197 natum
2924 1146 3026 1199 sub
3048 1148 3280 1201 tormina
3311 1149 3541 1219 primum

1928 1230 2165 1283 Destinat
2195 1231 2489 1297 Evodium,
2524 1235 2678 1302 pueri
2715 1236 2975 1305 praicelsa
3002 1238 3211 1307 profata

1924 1321 2244 1393 Indignaris,
2280 1323 2465 1395 ﬂagris
2486 1333 2541 1379 et
2569 1327 2757 1379 matris
2792 1328 2844 1380 in
2879 1344 2972 1382 ora
3000 1329 3236 1393 lacessit,

1924 1411 2140 1465 Robora
2164 1412 2251 1465 cui
2278 1412 2514 1483 genitrix
2544 1416 2787 1469 cumulat
2816 1432 3070 1471 sermone
3102 1418 3239 1473 virili

1922 1505 2259 1559 Verberibus
2292 1514 2500 1560 testans
2535 1508 2617 1561 his
2643 1510 2846 1581 gaudia
2879 1526 3096 1565 sumere
3128 1511 3343 1566 Christi.

1926 1595 2143 1650 Arbiter
2176 1597 2376 1667 impuri
2410 1598 2501 1651 dat
2524 1602 2842 1655 scortatoris
2875 1602 3157 1656 honestam

1855 1705 1899 1769 η
1926 1690 2192 1745 Sordibus
2226 1691 2429 1755 addici,
2467 1694 2695 1761 posthac
2736 1695 3117 1749 meretricibus
3148 1697 3294 1751 addi.

1926 1779 2144 1832 Incesto
2170 1786 2370 1832 castam
2408 1780 2527 1833 nisu
2558 1789 2859 1835 temerante
2888 1784 3092 1853 petenti

1924 1872 2157 1927 Naribus
2178 1874 2463 1928 exundans
2492 1874 2675 1929 valido
2701 1875 2817 1929 ﬂuit
2843 1877 3052 1947 impete
3083 1879 3325 1949 sanguis,

1926 1965 2213 2033 Improbus
2243 1972 2296 2019 et
2325 1965 2521 2019 clamat
2547 1966 2806 2033 juvenem
2840 1967 3051 2041 fulgore
3078 1969 3340 2023 nitentem

1924 2054 2136 2107 Auratze
2159 2054 2329 2108 vestis
2348 2054 2618 2109 solamina
2637 2056 2840 2109 dedere
2863 2057 3044 2121 matri,

1928 2143 2093 2211 Cujus
2124 2151 2323 2217 agente
2356 2144 2543 2199 datum
2568 2162 2753 2217 pugno
2785 2146 2889 2199 sibi
2921 2147 3146 2201 naribus
3177 2148 3361 2202 ictum.

1928 2230 2174 2303 Praecipit
2208 2232 2298 2285 hic
2336 2248 2535 2287 censor
2566 2241 2774 2288 vastum
2805 2235 3128 2289 succendier
3162 2235 3359 2307 ignem.

1928 2319 1988 2373 Et
2018 2321 2161 2373 trina
2193 2336 2316 2374 cum
2342 2321 2494 2389 prole
2524 2337 2656 2394 rogo
2689 2323 2999 2394 demergier
3016 2323 3237 2377 almam.

1924 2413 2051 2477 Quae
2090 2422 2276 2487 grates
2308 2416 2535 2470 Domino
2566 2416 2832 2483 referens,
2864 2417 3145 2471 benedicit
3173 2426 3400 2473 ovantcr

1923 2503 2328 2573 Omnipotcntis
2351 2505 2466 2558 lieri
2490 2521 2714 2572 nomen,
2739 2507 3031 2561 clementia
3063 2507 3223 2575 cujus

1923 2595 2157 2668 Pignore
2188 2612 2245 2649 se
2287 2612 2508 2667 proprio
2536 2614 2637 2651 nec
2664 2600 2826 2653 saeclo
2853 2606 3069 2669 separat
3092 2599 3215 2665 isto,

1921 2687 2031 2741 Nec
2061 2687 2262 2757 patitur
2289 2687 2487 2743 Christi
2520 2690 2795 2743 confessio
2826 2701 3011 2745 sancta
3051 2692 3262 2757 revelli,

1923 2776 2031 2829 Sed
2064 2791 2165 2830 nec
2195 2778 2440 2847 martyrii
2470 2779 2668 2833 sinitur
2694 2780 2799 2835 sub
2830 2797 3006 2855 agone
3031 2782 3289 2853 relinqui.

1923 2871 2124 2926 C(elica
2154 2888 2280 2926 cum
2317 2874 2461 2928 natis
2493 2876 2709 2930 scandit
2739 2876 2819 2931 sic
2859 2878 3059 2947 praevia
3089 2878 3282 2932 victrix
3310 2898 3325 2941 ;

1931 2963 2131 3033 Illyrici
2165 2965 2458 3035 praefectus
2490 2966 2649 3021 hians
2678 2968 2910 3039 Opplere
2939 2985 3231 3024 crumenas

1840 3062 1889 3127 α
1918 3055 2165 3119 Munere,
2201 3065 2500 3126 proventus
2536 3067 2799 3114 matronae
2821 3059 3137 3127 obsederat,
3162 3061 3372 3116 abdens

1925 3145 2242 3200 Romuleam
2266 3146 2516 3200 claustris
2546 3157 2775 3202 matrem
2808 3150 3037 3205 custode
3058 3150 3331 3221 frequenti

1922 3237 2237 3307 Obseptam,
2269 3245 2595 3309 tentansque
2620 3240 2862 3293 animum
2906 3240 3007 3293 sub
3037 3250 3281 3309 pectore,
3314 3257 3481 3294 sexus

1924 3328 2150 3391 Infirmi,
2184 3328 2448 3393 validum,
2491 3330 2685 3383 suadet
2720 3340 2991 3401 pra3cepta
3021 3332 3264 3405 magistri

1923 3422 2163 3493 Explcat,
2192 3431 2247 3475 et
2278 3422 2421 3476 facili
2452 3438 2652 3475 census
2675 3423 2781 3476 sibi
2811 3423 2938 3478 dote
2964 3424 3205 3478 remittat

1920 3512 2274 3566 Temnentem
2308 3520 2559 3563 temnens
2583 3511 2826 3565 imitetur
2866 3528 3094 3565 munera
3128 3512 3420 3572 Christum,

1924 3601 2016 3654 Illa
2041 3609 2223 3653 terens
2259 3598 2411 3652 tit-ma
2441 3598 2675 3653 calentia
2698 3598 2907 3668 spicula
2933 3615 3150 3668 parma;

1928 3711 1947 3737 σ
1993 3689 2217 3742 Vertere
2246 3703 2333 3741 me
2358 3686 2615 3742 mandata
2638 3687 2803 3756 jubes
2824 3704 2947 3759 quae
2982 3687 3227 3743 Christus
3247 3686 3439 3761 egenis

1924 3781 2191 3851 Praacipit,
2228 3780 2343 3851 ipse
2374 3778 2472 3834 tibi
2494 3778 2742 3850 locuples
2767 3780 3079 3851 impendier
3108 3797 3294 3842 orans,

1923 3874 2057 3928 Dum
2091 3887 2267 3943 neque
2287 3879 2337 3926 te
2365 3888 2553 3925 mensa
2583 3872 2809 3946 dignum
2842 3872 3148 3927 decreverit
3174 3878 3383 3932 auctor,

1925 3964 2262 4037 Pauperibus
2286 3964 2416 4035 poni
2440 3965 2782 4037 quamjussit
2813 3982 2998 4022 amore
3030 3964 3289 4036 benigno.

1926 4056 2148 4109 Munera
2199 4054 2331 4125 quin
2379 4053 2424 4107 si
2482 4062 2663 4110 nostra
2712 4055 2927 4123 juvant,
2988 4054 3136 4126 quod
3200 4066 3361 4123 egere
3420 4066 3552 4119 pro-

3307 4140 3474 4213 [baris

3440 290 3545 347 726

1924 4217 2191 4286 Accipito,
2216 4224 2267 4271 et
2296 4216 2463 4290 largis
2481 4215 2608 4270 fidei
2638 4217 2843 4271 ditesce
2868 4218 3106 4273 talentis.

1926 4307 2173 4377 Dumque
2201 4306 2411 4360 alterna
2443 4312 2653 4371 serunt,
2682 4321 2879 4360 censor
2910 4305 3137 4360 rationis
3168 4302 3354 4373 Opimo

1850 4424 1903 4490 ι)
1930 4400 2200 4455 Deficiens
2230 4400 2401 4454 antris
2432 4399 2713 4454 victricem
2746 4400 2953 4454 claudit
2982 4398 3168 4469 opacis

1931 4492 2376 4564 Impugnansqne
2404 4488 2567 4543 minis
2597 4505 2794 4559 panem
2823 4489 2912 4544 vix
2941 4504 3064 4544 sero
3090 4487 3378 4542 ministrat.

1930 4580 1993 4632 At
2020 4577 2281 4632 Dominus
2297 4578 2516 4631 cliaram
2539 4577 2593 4630 in
2625 4576 2871 4630 tenebris
2894 4592 3001 4631 non
3028 4575 3224 4645 linquit
3245 4574 3544 4631 alumnam,

1932 4666 2065 4721 Huic
2097 4665 2398 4720 rcdhibens
2425 4665 2680 4720 comitem
2721 4666 2928 4719 dudum
2963 4662 3205 4720 caelestia
3234 4671 3475 4723 nactam;

1929 4755 2040 4810 Nec
2080 4756 2280 4826 patitur
2310 4754 2549 4810 desolari
2579 4755 2846 4809 solamine
2869 4755 3039 4821 dulci,

1928 4843 2189 4898 Noctibus
2226 4844 2429 4916 insigni
2468 4843 2799 4899 Theodotem
2833 4844 3036 4897 lumine
3063 4839 3299 4895 cinctam

1932 4936 2445 5007 Sedibusasuperis
2474 4939 2542 4991 ad
2573 4954 2716 4993 caaca
2744 4938 2950 4992 cubilia
2976 4939 3187 5010 legans,

1935 5027 2029 5083 Cui
2060 5028 2320 5083 socianda
2354 5030 2500 5101 polo,
2533 5037 2593 5084 ut
2630 5038 2818 5085 sancto
2849 5030 2955 5085 sibi
2984 5029 3229 5083 vinxerat
3260 5034 3403 5090 actu,

1936 5118 2057 5173 Haec
2085 5116 2318 5187 dapidus
2352 5134 2619 5182 mensam,
2648 5118 2910 5190 varioque
2943 5118 3141 5173 decore
3165 5124 3404 5186 paratam

1937 5217 2254 5286 Apponens,
2281 5213 2593 5284 pariterque
2627 5228 2818 5283 preces
2844 5214 2912 5267 ad
2943 5213 3123 5267 sidera
3144 5211 3341 5267 tollens

1939 5308 2173 5363 rEtherei
2194 5308 2439 5363 solamen
2479 5308 2529 5362 ei
2553 5306 2818 5361 fundebat
2838 5307 3060 5371 amoris,

1938 5397 2204 5451 Sensibus
2232 5404 2286 5451 et
2316 5396 2496 5451 carnis
2525 5413 2781 5468 superum
2814 5394 3172 5466 impendebat
3197 5395 3478 5449 honorem.

1941 5490 2142 5543 Caelica
2175 5505 2345 5561 regna
2372 5499 2563 5560 petens
2594 5488 2799 5544 ccelesti
2823 5495 2882 5542 ut
2912 5488 3033 5542 luce
3052 5487 3252 5540 niteret

1944 5582 2249 5652 [)ivinoque
2282 5584 2393 5653 poli
2422 5584 2689 5659 gauderet
2715 5582 2935 5638 nectare
2965 5581 3136 5653 pasci.

1947 5670 2056 5724 lloc
2087 5669 2181 5723 ubi
2206 5678 2290 5724 ter
2310 5673 2469 5728 denae
2501 5674 2830 5729 decorantur
2851 5671 3058 5728 lumine
3088 5678 3279 5727 noctes
