3972 6208
407 270 509 323 727
1161 263 1524 318 FLODOARDI
1570 261 1872 314 CANONICI
1916 258 2243 313 REMENSIS
2285 257 2621 311 OPUSCULA
2662 255 2974 311 METRICA.
3650 261 3756 315 728

410 398 686 453 Deferisse
717 396 877 449 fame.
911 394 1176 463 tctrisque
1203 391 1525 445 horroribus
1557 390 1729 443 hostis
2049 393 2094 457 Α
2132 409 2151 430 σε
2196 385 2313 441 Νοη
2360 385 2493 439 mihi
2537 385 2695 440 tollet
2736 384 2848 448 (ait)
2906 383 3180 440 Christum
3230 395 3288 441 et
3319 386 3413 458 qui
3446 388 3659 444 vertice
3688 390 3755 444 de

411 488 555 541 Ilauc
589 492 735 538 ratus
765 481 989 553 inquirit
1020 489 1200 535 tamen
1229 497 1296 534 an
1314 481 1398 532 vel
1434 478 1622 532 fraude
1652 478 1896 548 supersit
3435 475 3608 546 [ηιριε
3659 503 3682 525 ,,

411 578 622 633 Fortius
654 576 745 629 illa
778 576 987 649 vigens,
1018 574 1323 645 meliusque
1354 582 1568 643 reperta
1601 573 1875 626 nitescens
2121 566 2291 630 Quem
2335 566 2463 619 dum
2505 564 2861 639 magniﬁcam
2888 564 3096 620 celebri
3138 566 3244 621 sub
3284 568 3496 623 honore
3527 585 3754 625 sorores

408 666 633 720 Pellitur
664 665 910 736 undique
940 680 1126 719 curam
1158 665 1354 718 vincta:
1393 666 1549 719 hoste.
1573 664 1804 724 ferente,
1956 682 1959 685 ·
2122 658 2300 711 Altera
2327 657 2622 712 ﬂuctisono
2652 658 2807 727 ponti
2836 654 3034 711 vallata
3061 674 3309 726 susurro,

407 758 733 827 Mutatisque
760 756 997 829 sigillato
1025 756 1347 811 custodibus
1376 764 1532 812 antro
2122 748 2303 802 Altera
2334 763 2536 802 vesano
2561 746 2841 802 turbarum
2870 746 3044 801 libera
3061 754 3233 813 motu,

405 848 683 920 Mergitur,
717 854 771 900 et
807 846 1049 900 tenebris
1079 846 1210 899 latet
1239 846 1426 901 abdita
1458 862 1649 901 mense
1679 846 1924 900 secundo
2125 839 2317 917 Christi
2352 838 2493 894 facta
2522 839 2617 893 Dei
2644 839 2938 909 praesentia
2970 848 3193 909 pectora
3224 849 3470 907 sumunt,

406 941 513 994 Nec
542 950 701 993 sueto
724 940 791 993 de
822 954 975 993 more
1004 947 1183 992 tamen
1216 938 1481 991 solamina
1510 939 1731 1003 desunt,
2125 931 2295 1001 Inque
2326 928 2424 982 sali
2451 928 2655 993 mediO,
2685 926 2924 982 statione
2953 927 3129 998 quieti

406 1032 513 1086 Nec
539 1033 758 1085 charam
781 1031 981 1101 linquit
1002 1030 1258 1085 comitem
1290 1030 1490 1084 dilecta
1516 1030 1752 1084 sodalis:
2128 1026 2235 1077 Ceu
2267 1029 2474 1093 portus,
2503 1038 2627 1077 cum
2660 1030 2819 1076 nocte
2851 1021 3000 1075 diem
3032 1021 3153 1077 sine
3179 1022 3679 1097 turbinejungunt.

406 1125 468 1178 At
498 1124 657 1178 solito
679 1122 933 1176 refovens
962 1121 1278 1177 caelestibus
1296 1121 1493 1175 educat
1516 1121 1678 1185 escis,
2125 1114 2304 1168 Tertia
2334 1113 2424 1167 lux
2467 1120 2640 1167 terras
2673 1112 2976 1182 palmarum
3005 1114 3234 1168 nomine
3254 1114 3430 1169 dictas

409 1216 614 1270 Clarior
634 1215 727 1269 illa
749 1215 950 1279 nitens,
983 1214 1255 1284 hilarique
1279 1212 1561 1285 augustior
1589 1228 1705 1277 ore,
2129 1206 2271 1271 Fert,
2300 1221 2421 1276 quae
2453 1204 2735 1259 nonnullis
2758 1204 2909 1258 vario
2940 1206 3241 1260 certamine
3270 1206 3439 1259 tresis

410 1309 541 1361 Ilum
571 1308 711 1377 dape
742 1307 979 1370 siderea,
1011 1306 1249 1376 divoque
1277 1305 1576 1359 nutrimine
1599 1305 1773 1366 iIorel,
2128 1295 2443 1349 Gaudentes
2472 1294 2704 1366 fulgere,
2736 1294 2845 1365 piis
2875 1303 3149 1365 augentur
3170 1302 3225 1349 et
3253 1295 3392 1350 istis.

413 1399 659 1470 Liquitur
690 1398 863 1451 hostis
886 1398 1055 1457 iners,
1085 1396 1321 1466 nisuque
1353 1394 1552 1448 fatiscit
1575 1394 1775 1447 inermi
2128 1388 2461 1459 Praicipiens
2492 1388 2722 1443 coluber
2751 1388 2955 1459 quibus
2984 1396 3281 1461 egerentur
3309 1389 3495 1445 arenis

414 1487 753 1557 Ueslituique
776 1494 935 1540 tuens
974 1486 1079 1539 hoc
1105 1501 1164 1537 se
1190 1483 1495 1543 molimine.
1527 1489 1696 1537 tentet
2128 1480 2396 1549 Spectari,
2426 1486 2648 1533 teneant
2674 1480 2885 1533 alacres
2912 1496 3035 1550 quae
3070 1497 3217 1547 rura,
3246 1480 3508 1551 capessit,

411 1584 485 1634 Au
522 1579 700 1651 pelagi
727 1577 977 1630 invictam
1011 1574 1171 1627 terris
1202 1580 1367 1643 queat
1398 1573 1602 1626 abdere
1643 1573 1881 1643 lymphis
2128 1568 2190 1623 Ut
2222 1568 2460 1634 valeant,
2514 1569 2648 1640 quid
2688 1575 2874 1642 agant,
2937 1568 3208 1623 Christum
3253 1570 3403 1641 quod
3443 1570 3618 1624 corde
3666 1587 3767 1626 sc-

410 1672 844 1740 Admiscensque
875 1667 985 1720 reis
1006 1665 1267 1736 Thetydis
1290 1665 1451 1732 jubet
1474 1665 1655 1718 indier
1680 1664 1864 1718 undis.
2052 1706 2092 1740 η
3401 1664 3685 1735 [quantula

414 1764 651 1817 Flatibus
686 1768 806 1815 acta
849 1760 979 1813 ratis
1015 1766 1228 1812 vastum
1257 1758 1570 1828 raptaturiu
1599 1771 1819 1827 aequor;
2052 1754 2095 1770 "
2127 1756 2221 1809 Ille
2254 1754 2441 1809 furens
2469 1770 2643 1809 sazvos
2672 1754 2873 1808 celerat
2900 1754 3084 1827 legare
3116 1754 3411 1809 ministros

413 1853 688 1907 Fluctibus
714 1858 879 1922 atque
909 1849 1039 1904 feris
1061 1848 1293 1919 spoliata
1321 1847 1598 1903 addicitur
1618 1848 1805 1914 armis,
2125 1847 2443 1902 Crescentes
2469 1846 2772 1917 reprimant
2801 1846 2923 1900 nisu
2953 1846 3046 1918 qui
3079 1846 3333 1917 quolibet
3364 1864 3536 1903 ausus

415 1946 499 1998 Bis
537 1943 825 2018 sexagenis
853 1940 1019 1996 sociis
1055 1947 1281 1995 onerata
1307 1939 1594 2013 tegendis;
2125 1939 2391 1993 Maturant
2421 1938 2595 1992 rabidi
2627 1946 2903 2009 praecepta
2943 1945 3163 2008 patrare
3187 1938 3423 1992 lanistae.

416 2038 750 2108 Iludivagam
777 2034 910 2088 lethi
940 2033 1159 2087 fremitu
1188 2031 1469 2103 quatiente
1499 2031 1763 2097 carinam,
2123 2031 2257 2084 Tum
2287 2037 2500 2084 mentes
2526 2030 2767 2083 mulcere
2795 2028 2959 2093 dolis,
2996 2037 3203 2083 terrere
3237 2029 3490 2103 ﬂagellis,

413 2134 746 2187 I’raisentem
777 2127 1042 2200 expositis
1069 2128 1341 2183 intentant
1367 2128 1551 2182 omnia
1580 2135 1832 2181 mortem.
2128 2118 2364 2173 Imitare
2395 2119 2653 2183 humiles.
2683 2118 2844 2172 donis
2875 2117 3018 2171 ferre
3050 2116 3242 2171 Ultima
3274 2118 3463 2183 duris;

415 2226 731 2281 Astauimas
754 2229 977 2279 horrore
1008 2224 1200 2296 legens
1229 2223 1465 2277 educere
1498 2223 1617 2277 diro
2128 2213 2189 2267 Λι
2218 2228 2327 2267 non
2359 2212 2614 2286 egregios
2645 2228 2860 2273 δυτυῐηι
2896 2227 3006 2266 ηοη
3030 2211 3261 2266 Vlline”!
3294 2211 3574 2287 frangunt.

417 2316 827 2385 Cunctipotens,
852 2312 1067 2367 famula
1093 2313 1306 2382 trepida
1336 2313 1437 2365 sub
1464 2319 1608 2367 sorte
1634 2311 1880 2367 sodalem
2126 2304 2241 2358 Non
2303 2320 2450 2359 mors
2532 2304 2671 2374 ipsa,
2743 2303 2957 2358 animos
3032 2309 3330 2374 properant
3409 2304 3477 2358 ad
3561 2304 3764 2360 funera

413 2407 594 2470 Mittit,
620 2405 861 2459 nutantis
882 2404 1087 2459 relevet
1107 2419 1228 2475 quae
1251 2404 1418 2457 corda
1449 2406 1735 2458 tumultus.
3469 2395 3680 2466 [fortes

413 2497 797 2566 Approperans
826 2496 997 2549 aethra
1011 2494 1293 2548 Theodote
1324 2494 1569 2565 margine
1597 2494 1811 2564 cymba!
2128 2493 2215 2545 Bis
2254 2500 2472 2547 centum
2514 2490 2604 2545 hic
2630 2489 2853 2544 subiere
2884 2488 2982 2543 viri
3007 2489 3158 2544 vario
3188 2490 3394 2543 aethera
3421 2489 3614 2554 ductu,

415 2586 681 2647 Sulisidit;
715 2584 1049 2655 firmamque
1079 2584 1294 2637 animos
1331 2584 1399 2637 de
1431 2599 1615 2653 puppe
1646 2583 1915 2649 labantes,
2127 2586 2272 2650 Quos
2312 2585 2679 2659 septingentis
2711 2584 3045 2639 comitantur
3064 2600 3244 2657 agone
3278 2584 3494 2653 puella).

416 2677 704 2746 Componit
731 2676 896 2730 celeri
917 2681 1169 2728 sternens
1202 2674 1411 2728 tumida
1443 2691 1665 2745 mquora
1694 2682 1849 2740 nutu,
2134 2682 2195 2734 At
2225 2681 2435 2735 ductrix
2467 2681 2692 2735 robusta
2721 2695 2919 2733 manus
2948 2680 3206 2743 exercita,
3242 2679 3364 2733 ﬁxis

418 2767 473 2819 lit
504 2766 687 2819 solans
708 2764 962 2819 comitem
992 2763 1205 2817 vinctos
1228 2763 1389 2816 simul
1408 2763 1637 2817 advocat
1667 2764 1847 2818 astris.
2132 2772 2321 2827 Vincta
2352 2772 2521 2842 pedes
2562 2771 2720 2842 palis,
2754 2770 2965 2824 medios
3005 2770 3239 2825 exsultat
3270 2771 3324 2824 in
3360 2770 3538 2845 ignes,

418 2857 774 2912 EUliChianUS
804 2873 900 2911 005
928 2857 1070 2910 ίῐιῑοῐ·
1101 2857 1305 2926 Ρίθιίιιϐ
1338 2872 1536 2909 SOI‘CM
2135 2864 2531 2933 Exsultansque
2561 2862 2799 2916 animam
2832 2860 3101 2915 radiantia
3132 2860 3274 2915 tollit
3301 2860 3356 2915 in
3374 2870 3539 2916 astra.
3638 2910 3641 2911 ν

417 2951 677 3010 l‘ollebat,
710 2950 801 3019 qui
838 2965 963 3003 rura
1002 2956 1054 3001 et
1080 2964 1217 3018 opes
1247 2949 1497 3001 amittere
1527 2948 1797 3021 gaudens,
2134 2953 2314 3006 Funus
2333 2950 2625 3021 Apollonia
2662 2949 2850 3003 matris
2879 2955 3130 3003 servante
3156 2946 3304 3003 ﬁdeli

419 3038 578 3091 Fixus
606 3052 791 3091 amore
824 3037 913 3091 Dei
949 3038 1282 3108 contempsit
1310 3038 1512 3111 gaudia
1532 3038 1701 3093 saecli.
2058 3075 2104 3138 (ἶ
2134 3044 2410 3109 Curatum,
2439 3041 2725 3112 multoque
2757 3048 2813 3095 ut
2851 3040 3040 3095 condit
3070 3047 3311 3097 aromate
3341 3042 3613 3107 membra,

416 3132 513 3197 Qui
546 3132 806 3201 quotiens
836 3129 1066 3200 quiesita
1097 3131 1273 3201 palam
1307 3138 1653 3201 promoverat
1684 3146 1841 3186 orsa:
2058 3116 2104 3138 Η
2135 3134 2375 3189 Basilica:
2398 3132 2603 3189 fabrica
2633 3131 2950 3203 celebrique
2978 3131 3180 3186 decore
3201 3138 3480 3195 venustat,

2131 3225 2376 3280 Christus
2404 3232 2459 3279 et
2486 3224 2746 3279 emeritos
2776 3222 3091 3296 insignibus
3121 3229 3285 3296 auget
3315 3224 3575 3279 honores.

1664 3368 1982 3424 CAPITULA
2030 3369 2206 3424 LIBRI
2248 3368 2498 3424 OCTAVI.

593 3467 721 3524 CAP.
770 3470 812 3524 I.
854 3500 909 3508 -
941 3472 1014 3524 De
1038 3471 1403 3538 persecutione
1429 3471 1753 3524 Maximiani
1780 3473 1830 3523 et
1858 3473 2042 3523 sancto
2070 3468 2318 3523 Marcello
2350 3482 2503 3537 papa
2530 3468 2798 3536 sociisque
2831 3467 3028 3535 ipsius.

772 3539 838 3593 lI.
863 3571 930 3579 -
954 3543 1027 3595 De
1058 3545 1249 3596 sancta
1273 3542 1483 3595 Lucina
1509 3545 1559 3595 ct
1578 3546 1736 3594 sociis
1757 3546 1889 3608 ejus.

771 3611 861 3666 III.
928 3644 952 3650 —
1001 3616 1075 3666 De
1113 3615 1314 3667 sanctis
1351 3615 1558 3666 Joanne
1594 3617 1642 3666 et
1682 3613 1886 3679 Crispo.

772 3682 854 3736 IV.
894 3714 951 3722 -
989 3686 1062 3737 De
1096 3689 1251 3738 santo
1282 3686 1529 3737 Erasmo.

771 3754 832 3806 V.
864 3785 932 3793 —
965 3757 1036 3808 De
1062 3756 1277 3809 Sanctis
1306 3755 1484 3811 Sossio
1505 3758 1555 3807 et
1581 3756 1861 3808 Januario.

770 3825 938 3879 Vl.—
961 3827 1034 3879 De
1063 3831 1250 3880 sancto
1280 3827 1520 3879 Domino.

773 3897 880 3951 VII.
906 3927 974 3935 —
1004 3900 1077 3950 De
1104 3904 1291 3950 sancta
1326 3896 1585 3949 Barbara.

774 3967 909 4021 VIII.
942 3997 1008 4007 —
1041 3968 1115 4019 De
1128 3969 1330 4021 sanctis
1361 3966 1601 4021 Secundo
1630 3970 1678 4020 et
1705 3967 2025 4021 Alexandro

773 4038 856 4092 IX.
892 4068 957 4077 —
989 4041 1063 4092 De
1081 4042 1263 4092 sancto
1298 4038 1585 4091 Theodoro.

771 4110 834 4163 X.
859 4139 926 4149 —-
958 4112 1028 4163 De
1056 4113 1257 4163 sanctis
1296 4109 1485 4176 Felice,
1532 4111 1738 4163 Victore
1763 4112 1919 4176 atque
1950 4107 2170 4160 Nabore.

773 4181 859 4235 XI.
901 4210 971 4219 —
999 4183 1074 4236 De
1094 4184 1295 4235 sanctis
1333 4181 1674 4249 Carpophoro
1704 4183 1753 4233 et
1780 4180 2150 4233 Abundantio.

773 4252 884 4307 XII.
921 4284 983 4291 —
1015 4255 1091 4307 De
1119 4257 1300 4307 sancto
1329 4253 1582 4319 Gregorio
1612 4257 1868 4318 martyre.

770 4322 910 4379 XIII.
944 4354 1010 4362 —
1040 4328 1114 4379 De
1145 4329 1328 4379 sancto
1360 4323 1559 4379 Sabino
1589 4325 1832 4392 episcopo
1861 4325 1908 4374 et
1938 4322 2095 4375 soccis
2127 4321 2260 4388 ejus.

772 4395 901 4448 XIV.
933 4425 995 4434 —
1024 4398 1097 4450 De
1122 4398 1324 4451 sanctis
1359 4395 1523 4448 Felice
1549 4397 1599 4447 et
1637 4396 1946 4447 Fortunato.

774 4465 877 4520 XV.
911 4497 981 4506 -
1031 4470 1103 4522 De
1128 4472 1318 4522 sancta
1342 4466 1508 4532 Afra.

775 4538 902 4591 XVI.
936 4568 1005 4577 —
1033 4542 1107 4593 De
1132 4544 1315 4593 sancto
1344 4538 1573 4604 Eusebio
1608 4551 1777 4604 papa.

773 4609 928 4663 XVII.
965 4639 1032 4649 -—
1061 4609 1127 4663 De
1156 4615 1338 4664 sancto
1373 4602 1661 4662 Timotheo.

776 4680 952 4734 XVIII.
992 4713 1051 4719 -—
1082 4683 1156 4734 De
1185 4682 1388 4735 sanctis
1416 4681 1630 4733 Marino
1659 4681 1709 4731 et
1739 4676 2041 4731 Amalchio.

774 4752 904 4807 XIX.
939 4783 1004 4792 ο-
1032 4755 1106 4806 De
1133 4757 1321 4805 sancta
1352 4753 1575 4817 Agnete.

773 4823 880 4877 XX.
914 4855 979 4863 —
1012 4828 1087 4879 De
1114 4828 1301 4877 sancta
1332 4822 1738 4877 Emerentiana.

778 4894 882 4950 XXI
934 4925 1002 4935 —
1042 4898 1115 4950 De
1152 4896 1356 4948 visione
1380 4896 1668 4962 parentum
1692 4894 1892 4946 sanctae
1918 4890 2164 4958 Agnetis.

1704 4995 2020 5051 CAPITULA
2062 4991 2237 5047 LIBRI
2286 4989 2463 5045 NONI.

601 5094 723 5151 CAP.
782 5098 803 5150 I
833 5127 900 5137 —
931 5101 1006 5153 De
1041 5101 1228 5152 sancto
1260 5097 1542 5151 Valentino
1569 5097 1833 5166 episcopo.

714 5232 715 5235 η
780 5168 846 5222 II.
879 5200 948 5209 -
976 5174 1050 5226 De
1076 5173 1278 5224 sanctis
1306 5169 1569 5224 Anthimo
1595 5172 1643 5222 et
1669 5167 1928 5223 Maecium.

776 5241 869 5294 111.
901 5273 969 5281 -
998 5245 1072 5296 De
1099 5244 1296 5310 septem
1324 5240 1614 5307 fratribus.

776 5313 858 5366 IV.
902 5344 956 5352 —
981 5316 1054 5368 De
1081 5317 1265 5366 sancto
1294 5313 1597 5378 Bonifacio.
1787 5380 1797 5384 _
1941 5382 1946 5384 Α
1978 5379 2029 5384 __
2117 5375 2127 5384 ,

776 5384 835 5437 V.
872 5415 934 5424 —
960 5388 1033 5439 De
1068 5385 1272 5437 sanctis
1303 5384 1590 5450 Gorgonio,
1613 5380 1873 5435 Dorotheo
1901 5382 1950 5433 et
1969 5379 2231 5433 Mamimo.

777 5455 858 5508 VI.
897 5485 963 5495 -—
990 5458 1065 5510 De
1082 5456 1286 5509 sanctis
1308 5456 1507 5509 Luccia
1533 5457 1582 5506 et
1597 5454 1809 5507 Λεσϐία.
1836 5522 1839 5523 ν
2010 5521 2043 5523 θ
2189 5515 2223 5523 __
2326 5518 2335 5523 _
2467 5514 2498 5523 η

776 5525 885 5578 VII.
910 5556 979 5564 —
998 5530 1075 5580 De
1098 5527 1301 5579 sanctis
1325 5525 1599 5587 Archelio,
1630 5522 1942 5593 Hyppolito,
1977 5515 2253 5575 Vincentio
2290 5518 2338 5567 et
2366 5515 2523 5567 sociis
2549 5528 2749 5567 eorum.

778 5594 915 5648 VIII.
950 5626 1015 5634 —
1046 5599 1122 5649 De
1145 5599 1329 5647 sancto
1346 5595 1626 5648 Silvestre.

782 5664 866 5717 IX.
898 5692 969 5704 -—
994 5668 1067 5718 De
1092 5664 1299 5731 synodo
1323 5679 1443 5731 qua:
1468 5666 1619 5729 facta
1645 5668 1724 5717 est
1743 5663 1842 5717 sub
1871 5664 2002 5729 ipso.

782 5732 842 5784 X.
879 5760 949 5773 —
976 5735 1049 5785 De
1075 5734 1354 5789 Gallicana
1382 5737 1431 5785 et
1461 5735 1791 5789 Constantia.
