3972 6208
234 273 344 327 729
832 275 912 329 DE
953 274 1211 330 CHRISTI
1251 276 1614 333 TRIUMPIIIS
1654 277 1824 336 .IPUD
1864 282 2133 339 ITALIAM
2174 285 2347 342 LIBRI
2389 287 2519 342 XIV.
2563 320 2630 329 —
2672 288 2792 344 LIB.
2838 288 2974 345 VIII.
3469 289 3573 345 730

564 402 805 457 Xl.—De
828 406 1031 457 sanctis
1058 406 1392 473 martyribus
1420 409 1626 461 Joanne
1650 413 1701 463 et
1728 411 1914 468 Paulo.

563 473 855 529 XII.-—De
881 478 1085 529 sanctis
1109 479 1394 539 Januario.
1424 480 1698 534 Gordiano
1715 485 1766 535 ct
1792 486 1967 538 sociis.

562 545 697 616 XIII.
736 576 791 584 —
828 549 903 600 De
931 553 1118 601 structo
1145 550 1440 616 Pigmenio.

563 614 691 669 XIV.
726 646 778 655 -
812 619 885 670 De
902 621 1106 672 sanctis
1141 614 1408 679 Herculio,
1444 622 1693 676 Itilarino
1723 630 1769 677 et
1799 628 1982 680 sociis.

562 686 664 740 XV.
711 718 770 727 —
803 690 877 743 De
905 693 1108 743 sanctis
1140 691 1343 751 Prisco,
1376 693 1705 747 Prisciliano
1734 700 1783 749 et
1813 700 2036 752 cmteris.

1515 821 1744 879 CAPITIJ
1757 824 1832 879 LA
1872 825 2046 882 LIBRI
2080 828 2326 885 DECIMI.

420 944 541 998 Car.
584 946 695 999 I.—
726 947 1018 999 Desanctis
1048 946 1233 999 Marco
1258 950 1307 998 et
1332 944 1480 999 Julio
1509 949 1791 1017 episcopis.

593 1017 658 1081 II,
692 1019 837 1071 —De
866 1020 1051 1071 sancto
1072 1017 1301 1071 Eusebio
1321 1020 1477 1085 epit,
1511 1022 1668 1085 Greg.
1701 1024 1750 1073 et
1781 1020 1964 1074 Oresio
1980 1022 2332 1089 presbyteris.

566 1089 657 1142 III.
678 1118 747 1126 —
768 1091 842 1142 Dc
871 1090 1076 1141 sanctis
1106 1091 1360 1150 Damaso,
1394 1089 1715 1157 Hieronymo
1752 1096 1799 1145 ct
1832 1092 2051 1145 Siricio.

565 1160 646 1213 IV.
690 1191 731 1196 ~
772 1161 844 1212 De
868 1161 1067 1234 sanctis
1095 1161 1421 1234 Innocentio,
1457 1162 1659 1215 Zosimo
1689 1168 1737 1215 et
1752 1163 2322 1234 Bonifacioepisc0pis.

561 1232 617 1284 V.
651 1259 719 1269 —
752 1232 824 1282 De
848 1232 1052 1283 sanctis
1080 1230 1337 1285 Celestino
1366 1232 1585 1285 (τείαςεο
1615 1235 1896 1301 episcopis.

565 1303 647 1356 VI.
694 1332 748 1339 —-
788 1304 859 1355 De
885 1303 1086 1354 sanctis
1120 1304 1303 1365 Leone,
1337 1303 1531 1355 Hilara
1552 1309 1600 1356 et
1620 1306 1902 1372 Simplicio
1930 1308 2215 1374 episcopis.

566 1374 676 1427 VII.
703 1402 772 1412 —
794 1375 867 1426 De
880 1375 1081 1426 sanctis
1099 1374 1265 1426 Felice
1284 1378 1333 1427 et
1364 1378 1649 1428 Anastasio
1667 1378 1948 1444 episcopis.

564 1445 697 1499 VIII.
730 1474 799 1482 —
830 1446 901 1496 De
922 1449 1107 1497 sancto
1137 1446 1453 1509 Symmacho
1470 1462 1620 1514 papa
1634 1456 1679 1500 ct
1708 1448 2002 1501 Paschasio
2033 1448 2214 1502 lerita.

566 1517 649 1570 IX.
673 1545 742 1554 -—
777 1515 846 1566 De
865 1517 1067 1567 sanctis
1103 1515 1389 1591 Ηονιηχειίίι
1422 1533 1589 1591 papa,
1624 1519 1864 1583 Remigio
1885 1523 2047 1587 atque
2077 1520 2339 1575 Germano
2366 1524 2631 1591 episcopis

566 1588 626 1641 X.
647 1616 715 1626 —
742 1588 814 1639 De
837 1588 1039 1639 Joanne
1058 1601 1225 1654 papa,
1251 1588 1590 1652 Symmacho,
1625 1591 1858 1642 Patricio
1885 1594 2047 1658 atque
2089 1592 2285 1653 Boetio,

564 1659 653 1731 Xl._
672 1686 739 1696 —-
772 1660 843 1711 De
867 1660 1069 1710 sanctis
1103 1658 1287 1717 Felice,
1314 1660 1594 1725 Boni/acie
1611 1665 1774 1728 atque
1805 1662 2067 1714 Mercurio
2093 1664 2374 1731 episcopis.

566 1729 678 1784 XII.
721 1757 789 1768 —
817 1733 890 1784 De
917 1731 1119 1801 sanctis
1149 1732 1389 1798 Ayapito
1419 1736 1465 1783 et
1499 1732 1837 1794 Cassiodoro,
1869 1732 2097 1786 Silverio
2118 1729 2281 1801 atque
2316 1736 2530 1800 Vigitio.

565 1800 678 1875 XIII
746 1829 808 1838 ——
845 1802 915 1852 De
944 1799 1155 1875 duobus
1169 1801 1400 1875 Pelayizs
1427 1801 1632 1854 Joanne
1651 1819 1857 1871 quoque
1893 1809 1941 1855 et
1973 1799 2249 1858 Benedicto
2280 1799 2562 1875 episcopis.

566 1871 695 1926 XIV.
731 1901 793 1909 —
830 1874 902 1925 De
919 1887 1034 1924 san:
1050 1876 1100 1924 to
1123 1873 1377 1936 Gregorio
1389 1888 1535 1941 papa
1556 1877 1604 1926 et
1624 1875 1887 1939 afﬁnibus
1908 1874 2045 1942 ejus.

566 1944 669 1997 XV.
692 1972 755 1983 -—
786 1945 855 1996 De
883 1944 1160 1995 miraculis
1178 1946 1351 2011 ipsius
1382 1948 1714 1998 monasterii.

564 2015 688 2067 XVI.
722 2044 779 2054 —
810 2016 885 2069 De
906 2016 1158 2067 ministro
1187 2017 1284 2082 qui
1312 2016 1428 2080 ejus
1456 2018 1729 2070 imminuit
1766 2018 2169 2085 eteemosynam.

568 2086 718 2139 XVII.
751 2115 817 2124 —
843 2088 917 2139 De
946 2086 1221 2139 monachis
1254 2088 1424 2154 ipsius
1453 2090 1784 2142 monasterii.

564 2155 742 2210 XVIII.
776 2187 833 2194 —
862 2158 934 2209 De
956 2158 1337 2225 puriﬁcatione
1361 2157 1526 2225 fundi
1548 2158 1806 2226 ejusdem.

566 2228 691 2281 XIX.
735 2257 801 2269 --
824 2229 895 2279 De
932 2228 1231 2280 visionibus
1259 2229 1517 2293 Tetgaudi
1537 2232 1775 2298 episcopi

563 2298 665 2371 XX.
793 2302 863 2353 De
886 2302 1055 2368 ecqui
1082 2302 1378 2354 meretrices
1402 2304 1722 2354 monasterio
1752 2303 1925 2371 ipsius
1954 2303 2283 2356 introduxit.

564 2369 695 2424 XXI.
727 2400 793 2410 —
817 2374 892 2425 De
913 2371 1235 2423 reuelatione
1262 2374 1442 2426 sancti
1464 2372 1715 2427 Andrecz.

780 2472 793 2479 -
836 2444 907 2495 De
932 2458 989 2494 eo
1019 2444 1341 2510 qui/‘ontem
1364 2446 1535 2513 ipsius
1563 2445 1897 2513 inquinavit.

566 2511 753 2569 XXIII.
781 2543 839 2552 —
875 2515 950 2567 De
968 2516 1174 2566 visione
1202 2511 1422 2568 Joannis
1444 2511 1637 2568 (evita.

564 2583 737 2637 XXIV.
782 2614 851 2624 -
883 2587 956 2638 De
976 2587 1181 2637 visione
1206 2587 1550 2654 imperatoris
1570 2587 1824 2640 Mauritii

563 2653 712 2708 XXV.
747 2686 811 2696 —-
842 2657 911 2725 De
933 2656 1239 2709 humilitate
1264 2653 1434 2725 ipsius
1459 2660 1633 2712 sancti
1663 2658 1932 2724 Gregorii.

568 2726 717 2779 XXVI
763 2758 823 2766 —
854 2724 921 2779 De
948 2724 1337 2782 successoribus
1360 2729 1616 2797 ejusdem.

796 2830 855 2837 —
882 2802 952 2873 De
981 2801 1184 2851 sanctis
1222 2800 1524 2859 Deusdedit.
1561 2801 1837 2865 Boni/acia
1867 2806 1913 2853 et
1928 2802 2163 2855 Honorio
2187 2805 2465 2873 episcopis.

564 2868 785 2944 XXVIII.
816 2899 885 2944 -—_
916 2871 986 2922 De
1012 2874 1193 2922 sancto
1224 2873 1475 2925 Sererino
1509 2887 1657 2941 papa
1689 2875 1737 2924 et
1766 2873 2161 2927 successoribus
2189 2868 2325 2944 eius.

563 2940 734 2993 XXIX.
773 2971 836 2981 —
864 2942 935 2993 De
962 2947 1149 2995 sancto
1164 2944 1422 3007 Eugenio.

564 3011 710 3066 XXX.
744 3043 813 3052 —
854 3014 925 3066 De
954 3015 1157 3067 sanctis
1197 3014 1472 3069 Vitatiano
1509 3019 1559 3069 et
1584 3014 1863 3070 Adeodato
1893 3018 2153 3085 episcopis

1019 3209 1538 3297 INCIPIT
1634 3211 2022 3297 LIBER
2113 3210 2763 3302 OCTAVUS.

1633 3388 1840 3445 CAPUT
1889 3389 2169 3445 PRIMUM.

801 3516 877 3575 De
898 3518 1308 3593 persecutione
1338 3517 1710 3578 Maximiani
1736 3526 1789 3576 et
1817 3526 2021 3577 sancto
2052 3517 2327 3578 Marcello
2358 3536 2519 3596 papa
2548 3528 2600 3578 et
2629 3523 2811 3582 sociis
2845 3525 3011 3600 ejus.

232 3657 462 3713 Tractus
491 3674 590 3729 per
616 3658 796 3713 varios
825 3659 1055 3731 vestigia
1083 3659 1209 3715 diva
1235 3661 1509 3732 legentem
1884 3665 1936 3731 Α
1963 3659 2243 3715 Haerentes
2270 3660 2423 3730 Operi
2451 3661 2699 3727 decreto,
2740 3662 2922 3717 aliena
2954 3663 3139 3719 levare

236 3750 370 3804 Dum
402 3750 687 3820 sequimur
716 3748 1538 3821 matrem,decretamliquimus
1562 3749 1778 3816 urbem,
1964 3748 2211 3803 Pondera
2248 3747 2553 3812 decertant,
2587 3747 2694 3803 laeti
2720 3748 3027 3819 laudesque
3067 3748 3328 3806 ferentes.

232 3838 599 3909 Ausoniisque
618 3838 809 3918 procul
838 3838 1021 3893 missis
1047 3838 1389 3894 excessimus
1417 3839 1580 3912 agris.
1955 3839 2305 3895 Carminibus
2333 3840 2476 3895 divis
2502 3839 2734 3914 regique
2760 3839 2989 3910 Deoque
3020 3839 3274 3912 benigni,

233 3930 295 3981 At
324 3927 574 3983 ductrice
605 3927 717 3998 poli
754 3926 982 3998 quaesita
1009 3927 1207 3982 sedilia
1236 3929 1458 3999 adepta,
1957 3928 2021 3983 Ut
2049 3928 2198 3999 capit
2230 3929 2344 3985 haec
2370 3929 2567 3995 Caisar,
2599 3928 2825 3985 mandat
2855 3926 3131 3982 Sisinnius
3158 3942 3223 3983 or

232 4020 580 4092 Propositum
603 4028 917 4092 repetamus
948 4021 1070 4087 iter,
1106 4023 1398 4078 redeamus
1427 4024 1480 4078 in
1504 4024 1697 4081 urbem
1728 4042 1741 4079 :
1954 4022 2201 4086 Assistat.
2235 4037 2436 4083 nomen
2465 4036 2801 4092 carmenQue
2825 4018 3026 4075 referre
3046 4026 3288 4090 rogatus,

232 4116 378 4178 Quos
404 4112 491 4167 hic
522 4111 779 4169 incendat
808 4112 1055 4181 rabidus,
1077 4130 1218 4185 quos
1247 4114 1451 4171 excitet
1471 4115 1651 4187 ignes,
1955 4114 2246 4168 Servorum
2277 4113 2476 4169 Christi
2508 4112 2775 4173 famulum
2802 4127 3149 4183 vernamque
3168 4110 3369 4166 fatetur

233 4203 464 4258 Climata
492 4203 704 4277 collega
735 4203 892 4259 furiis
916 4202 1022 4259 an
1049 4212 1284 4273 terente,
1955 4204 2232 4259 Laudibus
2259 4205 2518 4261 attollens
2549 4204 2824 4275 praeconia
2847 4201 3297 4259 cuncticreantis.

235 4300 383 4362 Quos
412 4295 566 4350 inflet
596 4297 859 4367 strepitus
887 4296 1177 4353 videamus
1207 4297 1603 4365 Maximianus;
1956 4294 2201 4349 Herculis
2228 4293 2424 4367 anguis
2461 4294 2576 4364 (ait)
2607 4314 2633 4345 α
2663 4294 2874 4348 tribues
2904 4292 2986 4348 vel
3026 4292 3229 4347 adorea
3257 4292 3435 4346 sacris

235 4388 381 4450 Quas
406 4393 617 4460 strages
646 4386 806 4452 diris,
834 4403 958 4458 quae
983 4386 1127 4442 bella
1153 4394 1446 4459 perurgeat
1465 4389 1654 4444 armis.
1957 4383 2049 4437 Vel
2082 4390 2174 4437 tua
2202 4382 2441 4439 funestis
2458 4382 2712 4441 addicam
2731 4382 2941 4438 viscera
2959 4378 3215 4436 ﬂammis.
3249 4402 3270 4426 υ

234 4476 526 4532 Marcellus
552 4493 780 4533 vacuam
813 4477 979 4552 longo
1012 4478 1125 4547 jam
1162 4484 1409 4549 tempore
1426 4478 1617 4534 sedem
1959 4480 2065 4534 Iste
2087 4476 2191 4531 sub
2231 4477 2350 4531 haec
2373 4477 2583 4549 jugiter
2614 4477 2814 4535 devota
2846 4482 3029 4533 mente
3052 4473 3276 4544 cupita:

238 4568 436 4623 Nactus
456 4569 833 4639 apostolicam,
866 4569 1017 4643 vigili
1049 4577 1257 4626 tutatur
1282 4570 1427 4625 ovile
1960 4596 1983 4615 κ
2031 4569 2155 4623 Haec
2180 4567 2315 4623 mihi
2343 4569 2693 4643 contingent,
2725 4569 2956 4625 meritus
2984 4567 3030 4622 si
3064 4566 3201 4622 forte
3229 4579 3492 4621 coronam

238 4659 597 4715 Commissum
628 4660 847 4717 studio:
878 4677 989 4733 quo
1020 4663 1146 4733 quis
1173 4663 1479 4718 certamine
1516 4662 1682 4719 sudet
1957 4658 2179 4723 Ωιιωείιὶ
2212 4658 2455 4729 reperire
2486 4657 2583 4713 diu
2612 4657 2885 4714 censebor
2909 4655 3161 4713 honoris.
3197 4674 3222 4704 ι)

239 4747 568 4812 Discutiens,
601 4765 725 4820 quia
759 4750 864 4804 tela
891 4761 1071 4821 gerat,
1091 4766 1233 4823 quos
1264 4759 1442 4807 certet
1468 4768 1696 4826 agones.
1958 4747 2207 4803 Lauditio
2240 4748 2469 4820 posthac
2500 4747 2759 4819 praefecto
2790 4746 3043 4811 traditur,
3076 4743 3227 4799 illum

240 4842 347 4897 IIac
378 4842 539 4896 datus
566 4842 621 4897 in
651 4843 877 4913 specula
906 4844 1201 4900 Prasonem
1233 4860 1342 4915 ope
1372 4852 1556 4901 castra
1584 4846 1857 4902 levantem
1959 4844 2057 4909 Qui
2089 4843 2317 4899 custode
2344 4852 2468 4899 cato
2496 4850 2826 4914 septemque
2858 4842 3162 4935 decemque
3187 4836 3411 4935 diebus,

239 4932 522 5004 Repperit,
549 4934 788 4990 humana
814 4951 1026 4992 cuneos
1049 4936 1252 5006 pietate
1268 4936 1568 5005 foventem,
1889 4980 1933 5006 η
1961 4933 2203 5000 Obsidet,
2240 4931 2427 4989 offerri
2458 4933 2589 4988 hinc
2618 4931 2727 4987 sibi
2750 4930 3001 5002 praecipit
3029 4929 3381 4999 Apronianus
3408 4940 3423 4991 ;

320 4980 522 5004 ,.,.----,
551 4980 788 4990 -----.......
816 4980 1026 4992 -..ηννν
1051 4980 1568 5006 ν.ν..,.ν.ν,ν........,
1967 4980 2203 5000 νυν-ππ,
2244 4980 2427 4989 νην-η
2460 4980 2587 4988 ----ν
2618 4980 2727 4987 ~-—-
2750 4980 3000 5002 τ-πντη
3150 4980 3187 4982 -κ
3262 4980 3268 4983 ~

237 5020 637 5093 Supplementa
664 5023 751 5077 cui
783 5023 1084 5090 Sisinnius,
1116 5031 1172 5079 et
1203 5024 1462 5096 Cyriacus
1886 4980 1938 5047 Β
1962 5028 2291 5081 Praesentem
2318 5031 2508 5081 custos
2538 5024 2631 5080 ubi
2656 5024 2750 5080 dat
2778 5023 2992 5097 fulgore
3007 5034 3275 5093 superno,

236 5114 527 5170 Addebant
548 5117 729 5187 operi,
762 5117 970 5193 Largus
998 5118 1184 5184 simul,
1219 5125 1384 5190 atque
1415 5119 1770 5195 Smaragdus,
1966 5120 2116 5174 Hunc
2143 5118 2362 5173 radians
2389 5117 2604 5182 videns,
2636 5131 2827 5173 vocem
2868 5113 3033 5169 simul
3061 5110 3245 5167 haurit
3271 5108 3341 5165 ab
3371 5108 3573 5164 aethra:

237 5206 530 5273 Instantes,
562 5208 757 5281 agiles,
783 5210 1002 5265 virtutis
1025 5226 1211 5266 amore
1243 5210 1501 5267 ministri.

1970 5233 1989 5261 ιι
2012 5215 2406 5283 Approperate,
2435 5210 2604 5282 patris
2641 5207 2951 5285 benedicti,
2975 5204 3175 5261 sumite
3208 5217 3378 5275 regna

239 5295 351 5350 Dux
375 5296 555 5351 bonus
587 5297 837 5353 hortatur
869 5315 1150 5369 proceres,
1177 5306 1465 5355 sacrantur
1494 5307 1550 5356 et
1575 5300 1686 5355 aris
1963 5301 2292 5355 Iamdudum
2323 5299 2502 5367 vobis,
2534 5297 2833 5369 mundique
2846 5296 2916 5352 ab
2947 5293 3165 5367 origine
3191 5300 3368 5364 parta.
3407 5308 3431 5341 υ

238 5386 361 5442 Rite
399 5387 656 5442 ministra
687 5406 883 5445 manus
913 5390 1187 5446 Sisinnius
1217 5402 1271 5447 et
1298 5391 1576 5463 Cyriacus,
1964 5392 2190 5448 Famine
2219 5408 2327 5466 quo
2361 5391 2709 5449 tremefactus
2730 5389 2842 5447 adit
2878 5386 3109 5459 vestigia
3147 5383 3325 5452 testis,

236 5478 468 5550 Dignius
500 5490 559 5534 ut
590 5480 803 5537 niteant
835 5483 1014 5553 operi,
1047 5483 1414 5554 insistantquc
1448 5483 1643 5539 labori.
1964 5483 2237 5551 Adjurans
2261 5484 2475 5556 liquido
2505 5500 2566 5539 se
2594 5498 2717 5538 mox
2751 5479 3070 5554 purgamine
3092 5476 3255 5550 tingi,

238 5571 487 5642 Dumque
518 5572 821 5629 ministerio
849 5575 1126 5645 cxplemlo
1150 5591 1252 5629 nec
1284 5582 1443 5631 nocte
1472 5575 1789 5646 quiescunt,
1964 5578 2029 5633 Ut
2067 5586 2233 5649 queat
2258 5579 2452 5633 aeterni
2490 5579 2808 5650 contingere
2835 5576 2980 5630 dona
3008 5570 3248 5628 decoris.

236 5665 419 5720 Tertia
446 5664 696 5736 perﬁdiae
736 5675 1028 5738 penetrant
1058 5670 1346 5726 lictoribus
1376 5676 1554 5738 antra,
1962 5666 2073 5723 Nec
2097 5666 2321 5742 longum
2350 5668 2549 5727 dilatus
2579 5667 2758 5723 honos
2788 5665 2880 5721 ubi
2908 5672 3034 5719 vota
3054 5660 3298 5733 capessi“

238 5752 407 5809 Antra
436 5754 807 5823 tenebrarum,
840 5757 1104 5812 rimandis
1134 5758 1265 5813 hinc
1293 5758 1495 5813 dantur
1522 5774 1707 5815 areum
1739 5775 1753 5813 :
1964 5755 2190 5812 Decisus
2214 5755 2412 5830 jugulo
2437 5754 2666 5827 quaesito
2705 5759 2996 5809 stemmate
3023 5751 3220 5828 fulget.
