3972 6208
410 251 508 306 731

410 383 543 437 lnde
568 397 763 436 senem
793 376 1147 434 Saturninum
1165 375 1455 431 Sisennius
1492 376 1664 432 antris

411 475 586 546 C(Jepit
613 473 815 528 habere
842 485 1052 540 parem,
1083 468 1242 536 cuius
1267 468 1540 522 relevatur
1562 482 1771 534 amore,

413 563 596 631 Nuper
624 575 748 614 eum
767 559 904 612 duro
932 556 1119 611 solans
1139 563 1194 610 ut
1223 555 1369 610 fasce
1397 556 1628 610 levabat.

408 657 607 726 Sicque
646 653 757 708 dati
799 653 969 724 septis
1009 651 1164 722 plura
1195 651 1488 706 obsidione
1518 651 1788 722 gehennae

412 743 640 817 Agmina
671 743 960 798 solvebant
999 748 1344 812 quaerentum
1379 756 1607 794 munera
1637 740 1795 805 lucis,

413 833 673 904 Dogmate
704 837 1001 905 purgantes
1031 829 1300 894 tenebris,
1326 837 1380 884 et
1411 829 1562 884 fonte
1593 837 1896 896 sacrantes,

407 923 580 992 Atque
612 921 687 976 ita
715 919 1115 993 quinquaginta
1154 920 1294 974 duos
1316 919 1476 974 datur
1503 920 1708 974 abdere
1737 919 1902 976 soles.

411 1014 544 1069 Hinc
583 1014 747 1068 nudis
784 1014 888 1068 acti
922 1013 1176 1084 pedibus,
1208 1013 1486 1084 vinctique
1521 1013 1752 1077 catenis,

410 1110 655 1166 Praefecti
697 1110 751 1164 in
782 1111 964 1164 vultus
983 1109 1252 1164 sistuntur
1286 1119 1341 1164 et
1369 1118 1498 1164 ante
1531 1109 1769 1164 tribunal
1797 1127 1812 1175 ;

411 1204 568 1258 [ΕΙ-εει
593 1203 839 1257 defertur
861 1203 1050 1273 tripos,
1085 1212 1251 1274 atque
1280 1204 1432 1258 litare
1457 1204 1741 1274 jubentur.

409 1294 541 1347 Tum
574 1291 901 1346 Saturninus
931 1309 944 1344 :
985 1312 1008 1341 (ι
1037 1291 1342 1344 Sceleratos
1372 1297 1569 1346 atterat
1601 1291 1818 1363 (inquit)

415 1382 508 1435 Hic
539 1381 804 1435 Dominus
834 1380 989 1434 divos
1015 1379 1026 1433 !
1059 1400 1086 1429 ι)
1107 1380 1378 1449 tripodem
1411 1396 1519 1450 qua
1547 1395 1680 1435 voce
1712 1380 1956 1446 resolvit,

413 1472 624 1541 lmpetu
655 1479 714 1524 ut
745 1479 864 1524 acta
895 1471 1137 1540 procella
1169 1469 1364 1538 lutum,
1395 1470 1578 1526 tremit
1608 1471 1716 1526 alta
1735 1471 1958 1526 satelles

411 1561 540 1614 Jura
568 1559 851 1630 potestatis
875 1558 1149 1612 Christum
1183 1559 1583 1630 Dominumque
1615 1560 1920 1632 Deumque,

357 1675 366 1684 -
416 1647 628 1718 Papias,
661 1645 990 1718 Maurusque
1019 1646 1168 1700 cient
1197 1664 1212 1711 ;
1250 1662 1373 1702 mox
1405 1662 1501 1702 ora
1543 1647 1692 1701 relisi

414 1740 689 1794 Grandine
720 1739 998 1804 vulnifico,
1040 1739 1328 1795 traduntur
1357 1741 1592 1796 carceris
1621 1750 1800 1807 antro,

415 1830 757 1900 Distentique
797 1830 966 1883 duces
988 1829 1190 1895 nervis,
1217 1831 1486 1902 pensique
1515 1839 1719 1887 catasta

415 1921 700 1975 Velluntur
731 1920 936 1995 ﬂagris,
967 1927 1247 1976 torrentur
1279 1922 1336 1976 in
1364 1925 1566 1979 aethere
1598 1924 1851 1979 flammis.

417 2013 664 2084 Dumque
697 2012 877 2066 ferunt
907 2020 1090 2084 grates
1121 2031 1221 2070 nec
1250 2025 1470 2072 cessant
1498 2017 1664 2072 edere
1699 2019 1914 2086 laudes,

419 2104 876 2175 Depositicuzlum
910 2120 1051 2160 caesa
1081 2107 1294 2162 cervice
1324 2116 1627 2164 merentur.

419 2199 550 2254 Cum
577 2200 790 2255 Joanne
825 2200 942 2256 solo
973 2201 1176 2256 claudit
1209 2203 1298 2274 pia
1325 2203 1558 2278 pignora
1577 2204 1764 2273 Traso,

418 2288 675 2344 Marcello
707 2288 1055 2344 confessores
1087 2291 1335 2364 tingente
1367 2293 1545 2362 piatos

417 2382 636 2438 Judicio
663 2381 956 2454 praefectus
982 2384 1113 2458 agit,
1156 2399 1296 2455 quos
1327 2385 1453 2440 diva
1487 2384 1722 2442 fatentes

422 2472 622 2539 Munia,
655 2489 809 2527 sacra
838 2471 1143 2527 refutantes
1161 2473 1410 2547 gentilia,
1443 2474 1612 2528 sterni

424 2569 567 2622 Rure
587 2567 769 2636 jubet,
799 2568 1054 2642 ignisque
1084 2569 1207 2622 terit
1235 2569 1369 2622 nihil
1401 2585 1498 2624 ore
1524 2577 1787 2625 sonantes

424 2665 648 2720 Munera
670 2664 724 2718 ni
759 2663 957 2719 Christi
989 2683 1003 2725 ;
1037 2665 1310 2739 lignorum
1345 2665 1546 2720 robore
1578 2667 1724 2733 trito,

426 2760 690 2816 Plumbea
721 2759 1036 2832 plumbens,
1069 2760 1314 2814 annectit
1344 2777 1454 2833 quo
1478 2761 1724 2830 pondere
1745 2763 1939 2836 agonis

429 2851 676 2906 Pondera
707 2856 984 2921 ponentur
1018 2866 1030 2902 :
1065 2849 1331 2904 caelorum
1394 2851 1462 2904 ad
1496 2850 1736 2906 culmina
1765 2859 1998 2923 surgunt
2029 2871 2044 2918 ;

429 2942 669 3011 Corpora
695 2940 937 2994 Joannes
967 2938 1282 2993 venerando
1315 2938 1600 3010 presbyter
1625 2949 1749 2995 actu

434 3035 529 3087 Dat
549 3031 692 3086 Petri
724 3031 792 3085 ad
827 3031 1096 3102 nymphas
1127 3030 1222 3085 ubi
1271 3031 1463 3087 ccelica
1504 3033 1649 3088 dona
1672 3033 1898 3089 ferebat.

436 3123 650 3176 Interea
679 3127 925 3175 sanctum
956 3119 1206 3175 custodia
1239 3121 1401 3195 longa
1427 3121 1737 3177 ministrum

437 3211 702 3286 Cingebat
727 3211 884 3266 fessis
913 3209 1197 3282 Cyriacum
1223 3212 1422 3267 robora
1449 3213 1692 3281 dantem,

437 3300 726 3373 Oppressis
757 3301 1220 3372 columen,septis
1251 3302 1486 3378 caligine
1511 3302 1716 3359 lumen.

436 3393 706 3464 Principis
743 3399 796 3447 at
825 3392 952 3446 sazvi
984 3392 1203 3447 soboles
1241 3392 1589 3459 Diocletiani,

438 3484 685 3539 Flamine
715 3499 920 3538 vesano
951 3483 1172 3539 fervens
1195 3484 1436 3540 Artemia
1475 3485 1594 3541 diro

438 3575 749 3630 Perculerat
780 3582 989 3646 patrem
1030 3574 1311 3630 furibundi
1341 3576 1568 3632 vulnere
1600 3578 1784 3634 cordis
1824 3596 1839 3644 ;

441 3669 562 3738 ipse
593 3667 864 3722 fatebatur
900 3667 1118 3722 daemon
1150 3668 1257 3723 nisi
1292 3683 1427 3724 voce
1452 3669 1701 3738 jubentis

440 3758 557 3813 Non
587 3772 645 3812 se
671 3773 1026 3832 egressurum
1059 3757 1288 3828 Cyriaci.
1316 3758 1547 3814 Mittitur
1570 3768 1737 3832 atque

442 3846 678 3902 Nexibus
715 3852 1004 3916 exemptus
1043 3845 1318 3900 thalamos
1347 3856 1639 3916 penetrare
1671 3853 1911 3918 rogatur.

445 3942 662 3996 Luctam
695 3941 977 4015 ingressus
1003 3939 1128 4002 init,
1157 3955 1282 3993 cum
1315 3946 1456 3995 tetro
1489 3941 1714 3998 dimicat
1735 3943 1914 4010 hoste,

445 4031 708 4103 lluncque
730 4029 1142 4091 reclamantem,
1159 4028 1500 4101 multamque
1519 4028 1710 4087 labore
1731 4032 2056 4102 minantem,

448 4122 692 4178 Pectoris
724 4120 897 4175 invasi
923 4118 1248 4191 pmpulsum
1268 4119 1517 4177 eliminat
1541 4123 1752 4190 antris;

446 4212 557 4266 Nec
581 4225 810 4266 vacuum
841 4209 1047 4281 patitur
1081 4224 1177 4266 vas
1207 4208 1336 4265 inde
1375 4217 1563 4282 patere
1591 4212 1814 4282 latroni,

444 4303 666 4378 Gurgite
699 4302 834 4374 quin
861 4317 1077 4357 sacrum
1105 4317 1271 4357 sensu
1301 4303 1541 4358 renitere
1565 4301 1716 4360 fideli

445 4391 689 4458 Praestat,
722 4397 778 4445 et
805 4391 1056 4446 aetherem
1081 4391 1456 4448 decorandum
1489 4393 1731 4450 destinat
1760 4395 1921 4463 aulae,

448 4485 688 4541 Solvitur
710 4485 796 4540 his
835 4485 990 4552 actis,
1020 4485 1250 4542 libertas
1287 4503 1520 4544 munere
1541 4489 1734 4546 fertur.

449 4579 561 4634 Nec
598 4594 752 4633 mora
770 4578 935 4651 longa
953 4579 1241 4636 orientalis
1263 4581 1466 4655 legatio
1497 4582 1663 4657 regis,

450 4667 576 4724 Post
597 4669 794 4742 longos
821 4667 992 4722 maris
1019 4683 1285 4737 emersos,
1316 4679 1592 4743 terraeque
1625 4679 1836 4728 meatus

449 4761 753 4816 Romanam
782 4759 972 4815 sedem
1001 4761 1160 4832 petit,
1202 4761 1539 4834 imperiique
1565 4777 1853 4831 cacumen,

449 4849 570 4905 Non
599 4847 731 4903 belli
756 4854 962 4904 terrore
990 4865 1219 4920 pavens,
1251 4864 1364 4904 non
1399 4850 1588 4926 indiga
1629 4851 1802 4922 pacis,

453 4942 571 4998 Non
602 4948 784 5012 pacto,
817 4951 1054 5017 augusta
1093 4958 1203 4998 non
1245 4943 1535 5012 majestate
1573 4950 1784 5012 coacta,

451 5030 600 5085 Mitia
631 5030 904 5086 Chaldaici
935 5031 1177 5103 prodens
1204 5039 1356 5086 orata
1394 5032 1612 5103 tyranni

461 5120 790 5175 Romuleum
819 5121 994 5175 civem
1013 5121 1315 5191 quaerentia
1330 5122 1528 5177 adesse
1557 5121 1774 5194 Sapori,

454 5211 576 5266 Non
606 5212 841 5282 sceptris
881 5211 1127 5281 rutilum,
1157 5229 1268 5270 non
1295 5223 1444 5271 ostro
1485 5230 1729 5288 auroque
1759 5232 2071 5286 coruscum,

458 5305 725 5375 Pauperis
745 5313 828 5360 ast
855 5307 1074 5364 habitus
1099 5309 1380 5382 Cyriacum
1407 5313 1612 5369 vilibus
1633 5321 1834 5382 actum,

457 5395 900 5468 Contentumque
945 5400 1114 5472 sagis,
1173 5403 1454 5471 devotum,
1486 5404 1864 5478 humilemque
1918 5406 2076 5461 mini-

1803 5505 1976 5553 strum

1803 5505 1976 5553 strum

463 5574 689 5628 Hostem
719 5575 813 5644 qui
829 5586 1109 5647 nequeunt
1121 5597 1282 5657 reges
1311 5599 1477 5655 quem
1508 5584 1716 5657 pellere
1739 5497 1926 5659 ρὲιιει,
1986 5538 2000 5566 ,

461 5660 636 5729 Regis
659 5667 720 5760 et
740 5663 985 5722 absolvat
1005 5670 1248 5739 genitam
1274 5689 1419 5730 nexu
1447 5675 1646 5750 anguis
1671 5678 1944 5737 adactam.

1179 244 1544 300 FLODOARDI
1577 245 1883 301 CANONlCl
1926 245 2254 301 REMENSIS
2293 244 2629 300 OPUSCULA
2669 243 2974 298 METRICA.

3645 248 3746 302 732

2046 382 2096 448 Α
2124 378 2367 452 Augusto
2394 376 2636 433 monitus
2660 375 2977 447 panduntur
3003 384 3057 429 at
3078 374 3198 445 ipse
3219 374 3465 448 jugalem

2125 465 2418 521 Barbarico
2449 480 2550 536 pro
2571 471 2833 537 suggestu
2865 463 2958 518 dat
2986 463 3144 518 abire
3172 465 3424 536 petitum.

2126 558 2338 612 Levites
2366 557 2510 612 haud
2540 557 2725 612 horret
2752 555 2878 622 iter,
2911 555 3057 610 haud
3089 554 3290 610 abnuit
3319 557 3534 613 hostem

2126 650 2439 721 Promptior
2479 649 2532 704 in
2563 648 2760 723 longos
2776 663 3018 704 oneroso
3060 648 3276 704 tramite
3299 649 3498 704 ductus

2130 741 2200 795 Ac
2227 740 2362 811 petit
2395 739 2586 804 Eoum,
2620 738 2814 812 regina
2843 737 3147 792 adhibente
3171 740 3422 802 veredos,

2125 832 2255 888 Cum
2282 833 2452 902 Largo
2473 832 2770 887 comitante
2795 831 2993 898 solum,
3017 832 3284 904 socioque
3314 833 3638 909 Smaragdo.

2133 924 2393 978 Externas
2422 922 2634 976 hostem
2666 919 2857 991 procul
2878 921 3182 976 insectatus
3204 923 3257 976 in
3290 938 3416 978 oras
3445 941 3460 987 ;

2134 1011 2243 1065 Sed
2267 1026 2371 1064 nec
2397 1025 2540 1080 equo
2573 1009 2774 1080 patitur
2806 1009 2945 1075 tolli,
2978 1011 3276 1082 rhedisque
3301 1011 3482 1080 juvari
3518 1031 3536 1078 ;

2130 1099 2272 1164 Quin
2305 1097 2501 1153 baculo
2524 1105 2818 1153 contentus
2855 1097 2990 1165 abit,
3023 1108 3359 1172 superatque
3383 1101 3641 1176 jugales;

2129 1191 2221 1244 Ast
2252 1189 2345 1243 ubi
2381 1195 2705 1259 perventum
2736 1189 3042 1244 radiantem
3077 1191 3224 1265 regis
3249 1192 3303 1247 in
3333 1193 3535 1258 aulam,

2129 1283 2272 1337 Auro
2303 1282 2600 1353 praacultus
2631 1282 2891 1337 rutilante
2921 1291 3188 1353 tyrannus
3227 1300 3463 1359 egenum

2132 1372 2432 1426 Stemmate
2461 1379 2783 1426 contentum
2815 1371 2908 1425 vili
2940 1372 3189 1441 dejectus
3219 1375 3430 1441 adorat,

2134 1461 2443 1532 Invitatque
2483 1475 2617 1514 auro
2658 1460 2965 1530 penetralia
2997 1461 3142 1516 fulva
3182 1462 3396 1531 subire,

2131 1557 2263 1623 Quis
2292 1557 2508 1628 captiva
2529 1557 2733 1612 sedens
2765 1558 2938 1612 multo
2971 1573 3081 1613 non
3107 1557 3359 1629 quiverat
3378 1574 3512 1614 auro

2134 1649 2355 1718 Injectis
2375 1649 2572 1703 redimi
2599 1648 2815 1714 vinclis,
2847 1650 2995 1704 exire
3027 1650 3258 1705 catenis.

2062 1702 2110 1769 Β
2136 1702 2489 1815 Ingrediente
2520 1739 2808 1795 salutifero
2841 1748 3050 1796 secreta
3081 1741 3338 1797 ministro

2138 1829 2630 1903 Regia,torquetur
2661 1836 2854 1895 tortor,
2884 1829 3122 1884 vincitur
3151 1831 3396 1892 adactor,

2139 1919 2300 1972 Multa
2325 1934 2554 1991 gemens
2575 1924 2629 1971 et
2659 1919 2831 1972 multa
2859 1935 3122 1989 querens,
3147 1917 3426 1974 dimittere
3458 1919 3684 1974 tandem
3727 1915 3732 1919 ’

2137 2006 2377 2080 Cogitur,
2406 2006 2647 2060 invasam
2689 2014 2842 2061 torvo
2866 2007 3151 2062 molimine
3173 2008 3434 2079 praedam.

2137 2102 2337 2174 Sicque
2375 2100 2482 2156 fide
2510 2101 2730 2172 replens
2757 2111 3038 2157 vacuatam
3071 2103 3321 2158 daemone
3356 2110 3596 2158 mentem

2143 2196 2384 2252 Membra
2415 2197 2783 2268 triumphator
2820 2197 3031 2252 ccnlesti
3062 2198 3306 2272 protegit
3343 2199 3509 2253 unda.

2143 2285 2453 2342 Proticuum
2484 2286 2588 2341 soli
2617 2302 2720 2340 nec
2742 2287 2816 2340 ita
2841 2287 3002 2340 datur
3031 2303 3155 2341 esse
3188 2287 3385 2358 puellae
3429 2304 3441 2341 :

2145 2377 2383 2432 Solvitur
2422 2378 2538 2432 haec
2567 2377 2783 2444 vinclis,
2813 2377 3109 2432 manifesto
3141 2385 3398 2449 exempta
3424 2376 3633 2443 furore,

2146 2469 2209 2522 At
2239 2476 2393 2539 pater
2422 2469 2642 2524 interno
2670 2485 2928 2540 cazcoque
2959 2468 3220 2542 ligamine
3252 2469 3396 2524 liber

2149 2562 2438 2631 Redditur,
2473 2571 2527 2617 et
2559 2563 2768 2619 Christo
2801 2572 2992 2634 pectus
3011 2563 3160 2618 dicat
3201 2565 3358 2620 hoste
3388 2563 3622 2636 piatum.

2147 2651 2255 2707 Nec
2285 2651 2437 2707 solus
2467 2667 2559 2706 rex
2589 2668 2743 2707 sacra
2771 2652 2938 2719 subit,
2973 2653 3302 2710 comitantur
3327 2654 3512 2721 amici,

2151 2742 2240 2797 Bis
2263 2742 2393 2796 deni
2425 2751 2480 2798 et
2510 2743 3238 2818 quadringentibaptismale
3255 2746 3407 2802 culti.

2149 2835 2373 2889 Munera
2386 2835 2706 2907 sceptrigeri
2731 2853 2944 2907 pauper
2970 2838 3291 2910 contingere
3319 2839 3536 2906 temnit,

2150 2922 2376 2976 Praemia
2403 2939 2602 2997 magna
2632 2922 2794 2979 fidem
2825 2925 3054 2988 ducens,
3082 2943 3225 2997 pane
3246 2944 3379 2982 usus
3407 2936 3463 2984 et
3493 2929 3662 2984 unda.

2103 3075 2121 3094 Ἰ
2150 3013 2395 3070 Gloriftci
2421 3015 2600 3071 Persis
2629 3015 2886 3088 Cyriacus
2911 3019 3122 3074 honore
3152 3019 3423 3091 triumphi

2113 3116 2124 3136 ‘
2153 3108 2418 3163 Sublimis
2445 3117 2671 3173 remeat,
2713 3111 2860 3181 capit
2890 3111 3092 3183 inclyta
3121 3112 3293 3167 Roma
3321 3113 3630 3168 ministrum

2153 3197 2442 3269 Egregium
2480 3216 2493 3264 ;
2528 3199 2700 3268 pudet
2737 3199 2866 3254 huic
2896 3199 3101 3254 bellum
3123 3200 3375 3256 conferre
3406 3207 3680 3272 tyranno;

2072 3336 2086 3345 .
2155 3285 2290 3341 Pace
2321 3285 2426 3341 frui
2465 3287 2903 3353 annuit,invitus
2933 3287 3046 3343 fera
3077 3289 3324 3344 continet
3361 3307 3534 3356 arma,

2154 3376 2306 3432 Hunc
2336 3382 2519 3431 tamen
2553 3376 2607 3430 in
2635 3377 2837 3444 solum,
2871 3378 3019 3450 quod
3049 3379 3099 3433 ei
3133 3379 3237 3434 sub
3267 3395 3500 3434 munere
3528 3388 3772 3450 praestat.

2155 3472 2218 3525 At
2239 3468 2408 3524 dilata
2437 3469 2608 3540 patris
2638 3470 2861 3542 genitus
2889 3472 3149 3542 supplere
3179 3473 3426 3540 calescit,

2157 3567 2329 3636 Atque
2356 3565 2532 3620 vicem
2566 3565 2739 3636 patris
2777 3573 3017 3633 exercet,
3048 3583 3346 3640 veramque
3369 3577 3598 3640 paterna

2159 3659 2228 3712 Se
2258 3656 2470 3728 prolem
2499 3656 2715 3712 feritate
2739 3659 2932 3728 probat
2962 3678 2978 3722 ;
3019 3657 3150 3714 furit
3176 3659 3378 3732 impius
3417 3662 3598 3716 hieres

2159 3747 2219 3800 ln
2247 3746 2466 3818 pietatis
2494 3753 2769 3801 amatores
2801 3764 2814 3812 ;
2845 3747 3042 3818 punire
3073 3748 3368 3822 benignos,

2160 3838 2501 3908 Devotosque
2533 3835 3086 3911 flagrans,Cyriacum
3127 3838 3372 3912 tegmine
3400 3839 3609 3894 nudum

2160 3927 2525 4000 Opprobrium
2559 3929 2788 4000 reliquis
2817 3929 3021 3984 cultam
3050 3931 3349 4002 procedere
3372 3931 3600 3986 rhedam

2162 4019 2420 4091 Pracipit
2447 4019 2771 4076 obstrictum
2798 4022 3078 4095 gravibus,
3101 4030 3431 4095 septumque
3459 4025 3672 4079 catenis
3697 4044 3709 4079 ;

2160 4110 2342 4166 Mitior
2369 4111 2571 4166 erravit
2595 4111 2642 4166 si
2673 4112 2806 4184 quid
2837 4121 3012 4184 pater,
3045 4114 3148 4170 iste
3179 4115 3331 4186 piare

2166 4201 2480 4270 Contendit,
2511 4202 2853 4277 famulosque
2876 4206 2972 4262 Dei
3003 4208 3107 4262 sub
3131 4223 3306 4283 agone
3328 4207 3569 4264 lacessit.

2167 4293 2400 4366 Carpere
2433 4295 2693 4367 Carpasio
2724 4297 3005 4369 Cyriacum
3036 4299 3267 4355 verbere
3296 4301 3478 4356 tradit.

2084 4418 2143 4487 D
2171 4388 2268 4443 llle
2299 4388 2488 4444 furens
2513 4389 2681 4446 vincti
2710 4390 2830 4462 pice
2861 4391 3084 4447 verticis
3110 4393 3219 4448 alta
3249 4393 3468 4469 nigrare

2172 4481 2464 4539 Perfundit
2492 4483 2740 4539 candens
2761 4483 2904 4555 picei
2935 4485 3242 4559 caputigne
3267 4485 3499 4557 liquoris
3525 4504 3541 4551 ;

2173 4571 2279 4626 Iste
2303 4571 2485 4628 ferens
2510 4581 2718 4648 grates,
2747 4573 2906 4630 offert
2932 4575 3210 4646 praeconia
3240 4574 3436 4632 Christi

2169 4660 2562 4734 Congaudens,
2594 4678 2827 4736 seseque
2855 4665 2965 4718 Deo
2995 4663 3129 4719 dant
3159 4663 3304 4719 dona
3335 4664 3574 4720 sodales.

2171 4747 2594 4806 Crescentianus
2620 4767 2763 4806 unus
2789 4753 2986 4807 horum
3018 4751 3230 4808 tollitur

2168 4838 2322 4895 Altus
2352 4845 2576 4907 catasta,
2599 4840 2794 4896 crescit
2818 4849 2982 4912 atque
3013 4842 3270 4910 tormine,

2169 4928 2496 5000 Tensusque
2526 4928 2709 4983 nervis
2734 4928 2876 4984 fuste
2905 4929 3100 4986 crebro
3138 4931 3368 4986 caeditur

2171 5026 2246 5080 Ac
2270 5023 2517 5078 membra
2547 5032 2733 5078 aratus
2749 5023 2960 5098 jugulis
2979 5026 3242 5082 irraditur

2175 5119 2310 5173 Dum
2340 5131 2636 5188 supernam
2661 5133 2796 5172 voce
2822 5119 2968 5172 clara
3005 5119 3237 5192 gloriam

2175 5205 2422 5273 Przefert,
2453 5206 2660 5263 adactis
2691 5207 2975 5263 incalescit
3005 5207 3246 5282 ignibus,

2180 5303 2443 5374 Interque
2476 5303 2690 5370 laudes,
2719 5303 2865 5358 inter
2895 5303 3054 5378 ignes
3079 5305 3334 5375 Spiritum

2177 5391 2385 5447 Emittit
2409 5393 2568 5448 astris
2596 5394 2717 5449 luce
2749 5409 2884 5464 pura
2900 5392 3194 5466 fulgidum.

2175 5478 2287 5551 Hoc
2316 5479 2392 5534 ita
2420 5479 2726 5552 praemisso,
2758 5481 2991 5536 comites
3012 5481 3266 5536 custodia
3295 5482 3522 5537 claudit.

2175 5571 2418 5633 Quatuor
2455 5571 2661 5626 exactis
2691 5570 2950 5642 Cyriacus
2975 5570 3184 5626 solibus
3216 5570 3334 5625 istis

2173 5663 2436 5720 Eximitur
2457 5665 2734 5733 claustris,
2764 5680 3072 5738 suasusque
3099 5665 3257 5721 litare
3284 5663 3547 5737 profanis,
