3972 6208
176 251 298 307 733
803 251 885 305 DE
925 250 1182 304 CHRISTI
1224 250 1584 307 TRIUMPHIS
1622 255 1794 310 APUD
1836 256 2097 310 ITALIAM
2140 255 2313 310 LIBRI
2354 254 2485 309 XIV.
2529 285 2597 295 —
2638 254 2762 309 LIB.
2804 253 2939 307 VIII.
3418 250 3526 307 73‘

182 378 375 434 Solius
415 375 634 433 Domini
665 376 915 447 sequitur
944 374 1210 430 libamina
1241 374 1438 431 Christi
1464 394 1476 431 :
1835 384 1881 451 Α
1908 380 2023 444 Quo
2050 385 2353 450 comperto,
2382 377 2557 434 hostis
2586 377 2864 432 stimulata
2894 384 3081 431 mente
3112 380 3384 439 retractat,

179 469 455 521 Attractus
486 464 669 520 nervis
701 480 987 535 casusque
1019 463 1313 518 libramine
1345 464 1536 529 tensis,
1907 468 2043 533 Quid
2077 486 2253 540 pugnae
2283 475 2501 534 statuat,
2543 467 2673 522 dum
2704 465 2922 536 publica
2950 464 3098 519 bella
3127 470 3375 528 renutat;

177 558 462 612 Laudibus
495 556 823 628 etprecibus
853 571 1038 629 regem
1064 555 1554 626 persultatlesum,
1906 561 2138 632 Deputat
2181 575 2312 633 ergo
2365 559 2587 614 domum
2636 555 2935 621 stabulum,
2983 561 3305 625 patremque
3352 554 3521 608 mini-

181 644 625 715 Carnificemque
656 643 758 698 viri
787 650 1012 714 superat
1041 643 1304 713 patientia
1328 642 1442 700 fixi.
3250 644 3445 713 [strum

176 734 275 787 Ille
300 733 513 804 pudore
544 748 773 807 gemens
801 740 1061 802 pr0perat
1082 746 1301 785 narrare
1335 740 1588 803 tyranno,
1904 741 2172 797 Jumentis
2202 740 2406 806 adicit;
2436 754 2611 811 prono
2642 754 2751 809 qua
2774 735 2940 791 corde
2972 735 3253 802 subactus,

174 824 579 895 Εῑρηῐεοθριοτὶ
604 822 814 877 devicta
846 822 1122 876 Γοηυηῐίὶιι
1152 838 1336 885 arma:
1908 833 1944 883 A
1978 830 2208 886 Domino
2236 831 2371 885 illati
2400 824 2703 885 medicatur
2731 828 2958 884 vulnera
2990 826 3128 891 laesi,

175 917 279 981 Qui
308 914 612 970 furibunda
636 914 873 968 fremens
901 928 1096 967 omnes
1116 928 1254 984 quos
1275 914 1507 969 claustra
1530 922 1805 970 retentant
1905 922 2285 995 Temporeque
2318 922 2405 977 hic
2438 922 2601 993 longo
2631 921 2854 995 gemino
2886 918 3016 972 dum
3048 916 3247 988 pabula
3275 916 3379 970 ritu

174 1009 307 1063 Cum
340 1008 563 1079 Cyriaco
597 1006 715 1061 ensi
740 1006 992 1080 jugulum
1022 1006 1340 1075 dependere
1371 1008 1625 1073 mandat;
1905 1012 2182 1085 Suggerit,
2206 1027 2269 1065 ac
2295 1009 2466 1067 bifido
2492 1010 2710 1064 diversa
2740 1007 2996 1063 animalia
3022 1007 3166 1060 victu

172 1107 349 1175 Atque
372 1102 446 1157 ita
470 1102 557 1155 bis
589 1100 718 1154 deni
749 1100 957 1155 clarum
986 1115 1153 1171 super
1175 1109 1316 1154 astra
1348 1102 1656 1157 ministrum
1905 1102 2176 1167 Perfovet,
2210 1104 2471 1157 emeritus
2501 1100 2740 1173 paradisi
2769 1100 2821 1153 in
2852 1106 3008 1169 septa
3038 1099 3267 1152 levatur.

171 1197 474 1249 Sectantur
505 1200 693 1258 testes,
726 1206 886 1246 roseo
920 1190 1133 1265 fulgore
1166 1191 1425 1246 nitentes.
1906 1198 2203 1252 Finetenus
2233 1199 2373 1253 duro
2398 1204 2573 1251 tectus
2598 1186 2845 1249 membra
2884 1194 3087 1262 inclyta
3112 1206 3271 1244 sacco

171 1284 414 1355 Pignora
434 1283 677 1336 JOWDCS
706 1280 896 1335 δθηίοΐ
926 1280 1085 1350 rapit,
1120 1280 1276 1334 abdit
1300 1282 1575 1352 humoquc
1904 1288 2071 1342 Nocte
2102 1288 2191 1342 die
2225 1287 2480 1358 precibus
2509 1286 2765 1357 divisque
2792 1283 3022 1339 vacabat
3052 1290 3111 1337 ut
3132 1280 3353 1351 hymnis
3381 1298 3392 1337 :

170 1377 411 1448 Deponit
436 1395 450 1439 ;
477 1375 763 1429 Marcellus
786 1374 1008 1441 abhinc,
1037 1374 1335 1429 comitante
1361 1375 1518 1429 beata
1903 1376 2145 1431 Joannes
2175 1385 2327 1430 artus
2356 1391 2511 1429 sacer
2548 1382 2599 1428 et
2634 1373 2839 1428 Lucina
2870 1372 3177 1427 recondunt

172 1468 401 1534 Lucina,
428 1466 635 1521 celebri
662 1482 890 1521 comens
922 1466 1170 1536 disponit
1199 1466 1446 1530 honore;
1904 1468 2067 1521 .‘Edes
2094 1467 2348 1538 Carpasio
2382 1465 2588 1538 Cyriaci
2624 1481 2853 1519 munere
2880 1464 3028 1519 cedit

165 1564 407 1633 Suscipit
437 1564 553 1617 haec
572 1562 736 1617 etiam
761 1561 941 1617 socios
972 1561 1199 1633 Largum
1225 1568 1389 1631 atque
1413 1562 1792 1635 Smaragdum,
1897 1557 2151 1623 Szevitiae,
2182 1558 2463 1629 ingressus
2486 1556 2691 1610 fontem
2722 1571 2883 1626 quem
2910 1570 3050 1624 papa
3073 1559 3311 1607 sacrarat

168 1658 317 1720 Quos
348 1654 587 1709 dominre
619 1652 843 1724 capiunt
873 1652 1092 1706 Juliana
1124 1661 1178 1706 et
1208 1653 1417 1707 Menica
1449 1653 1649 1709 busto:
1827 1683 1875 1750 B
1900 1651 2131 1707 Obsceni
2158 1652 2284 1705 luxu
2309 1649 2543 1705 maculat
2570 1649 2833 1703 sordente
2864 1647 3062 1702 lavacri
3089 1667 3101 1699 :

171 1746 371 1800 Fratris
401 1754 533 1799 tunc
564 1744 728 1798 etiam
756 1742 980 1797 affectus
1009 1744 1283 1797 Arthemia
1316 1745 1508 1807 sensit,
1828 1734 1875 1750 u
1899 1744 2012 1804 Qua
2042 1740 2171 1793 dum
2203 1738 2422 1793 scenica
2455 1754 2576 1792 cum
2608 1736 2786 1807 pravis
2809 1745 2860 1790 et
2886 1734 3031 1789 fuada
3063 1734 3392 1804 frequentat,

170 1837 426 1891 Germani
461 1836 667 1891 framea
698 1836 922 1907 capiens
953 1835 1196 1890 ccelestia
1229 1851 1417 1909 regna.
1897 1832 2208 1887 Tartareum
2240 1830 2406 1885 subiti
2448 1839 2599 1885 torvo
2632 1829 2764 1883 lethi
2798 1829 3017 1902 agmine
3049 1835 3253 1896 raptus,

171 1932 232 1983 At
261 1929 466 1984 Lucina
488 1929 771 1983 facultates
798 1946 860 1983 ex
894 1944 1015 1983 asse
1056 1927 1330 1981 ministrat
1899 1922 2270 1992 Complicibus
2290 1920 2518 1988 junctis,
2553 1918 2844 1973 descendit
2865 1918 2931 1971 ad
2953 1934 3125 1988 usque
3154 1916 3483 1987 profundum

171 2018 454 2084 Ecclesiae,
490 2017 763 2089 traditque
794 2018 1041 2083 domum,
1084 2033 1191 2088 qua
1215 2017 1316 2071 rite
1352 2024 1563 2071 sacrata
1896 2015 1985 2068 Sic
2024 2015 2115 2085 pia
2144 2014 2327 2068 clausa
2354 2014 2551 2068 domus
2577 2011 2731 2076 diris,
2764 2010 3017 2065 intranda
3038 2008 3318 2083 benignis,

172 2110 319 2183 Lege
351 2108 480 2163 licet
510 2107 668 2179 plexa
695 2106 952 2179 mysteria
980 2123 1120 2178 papa
1150 2107 1481 2178 frequentat,
1895 2107 2177 2162 Terrorem
2208 2106 2366 2161 saevis
2394 2105 2644 2170 adhibet,
2684 2104 2952 2159 solamina
2974 2102 3157 2171 justis.

1695 2232 1901 2287 CAPUT
1944 2232 2007 2285 II.

1327 2344 1403 2403 De
1431 2352 1641 2404 sancta
1672 2345 1895 2403 Lucina
1931 2352 1983 2401 et
2012 2344 2191 2402 sociis
2218 2342 2364 2417 ejus.

170 2478 503 2530 Sanctorum
538 2475 723 2546 plures
753 2475 956 2530 Lucina
978 2476 1137 2531 beata
1162 2475 1403 2541 fovebat,
1899 2475 1991 2528 Ast
2021 2474 2238 2527 inhians
2266 2472 2490 2544 quidam
2522 2471 2868 2527 contermina
2891 2486 3017 2525 rura
3048 2470 3262 2540 piorum

169 2567 270 2622 Cui
303 2566 505 2635 conjux
528 2565 806 2631 Pinianus,
839 2581 975 2637 opes
1005 2574 1058 2621 et
1101 2566 1305 2637 praedia
1335 2566 1617 2637 linquens,
1899 2567 2146 2621 Subdere
2172 2566 2368 2620 vicinis
2390 2564 2740 2636 pr0priisque
2767 2571 3061 2619 annectere
3083 2562 3289 2627 fundis,

176 2660 242 2713 Ut
274 2656 552 2711 Sisinnius
580 2674 642 2712 ac
674 2659 877 2729 pariter
902 2658 1294 2726 Diocletianus,
1898 2657 1975 2709 Ad
2006 2656 2122 2710 fera
2152 2654 2277 2709 fana
2302 2654 2600 2709 Beatricem
2622 2653 2905 2708 Lucretius
2944 2660 3122 2726 urget,

173 2750 457 2804 Grandine
485 2764 737 2804 saxorum
771 2750 969 2820 pressi,
1012 2750 1319 2805 Florentius
1344 2756 1510 2821 atque
1898 2748 2025 2811 Quae
2052 2744 2233 2799 scelus
2249 2745 2550 2798 exhorrens
2571 2744 2799 2798 clamat:
2834 2758 2945 2797 non
2976 2743 3091 2797 libo
3123 2741 3390 2813 profanis,

173 2839 569 2911 congaudente
590 2839 698 2909 piis
727 2841 795 2893 ab
828 2856 895 2895 eo
926 2840 1051 2894 data
1078 2840 1236 2893 busta
1266 2849 1578 2910 capessunt,
1825 2876 1871 2911 ρ
1898 2834 2189 2888 Altithroni
2218 2833 2411 2887 cultrix
2435 2832 2684 2893 Domini;
2732 2853 2753 2882 ι
2798 2832 2879 2885 sic
2908 2847 3123 2886 carcare
3154 2838 3306 2885 trusa

176 2932 269 2985 His
300 2948 521 3003 quoque
550 2937 841 3000 susceptus
863 2930 1181 2985 meritorum
1217 2929 1388 2999 fulget
1420 2931 1651 2984 honore.
1827 2921 1874 2941 υ
1900 2925 2033 2977 Dum
2070 2923 2341 2977 retinetur
2367 2922 2434 2975 ab
2464 2922 2666 2977 infesto
2698 2921 2975 2976 divellitur
2996 2922 3183 2976 hoste:

175 3024 383 3079 lmbuit
421 3026 561 3078 hanc
591 3030 793 3093 martyr
822 3021 1152 3077 sublatusab
1180 3038 1276 3077 ore
1306 3023 1529 3087 cloacae,
1899 3017 2196 3073 Praefocata
2224 3018 2399 3092 nigris
2436 3017 2539 3071 sub
2582 3024 2742 3072 nocte
2771 3018 3004 3071 latenter
3030 3016 3083 3069 in
3116 3014 3307 3069 antris.

173 3117 467 3187 Temperet
498 3132 723 3190 egressa
754 3122 811 3169 ut
838 3115 1085 3185 proprias
1109 3115 1321 3184 jejunia
1347 3116 1512 3181 vires,
1902 3116 2071 3179 Quam
2102 3112 2298 3168 fratres
2324 3130 2485 3167 secus
2524 3113 2816 3184 explicitos
2846 3112 3050 3167 Lucina
3082 3117 3341 3183 receptat.

176 3209 417 3279 Corpore
448 3208 576 3263 dote
601 3208 756 3263 nucis
775 3208 966 3282 gerula
987 3208 1209 3264 cornice
1241 3208 1461 3273 referto,
1901 3205 2147 3260 Ambitor
2169 3220 2259 3259 rus
2289 3204 2630 3277 ingrediens,
2661 3204 2910 3258 indebita
2939 3204 3144 3277 gaudet

180 3300 349 3353 Parva
375 3298 529 3351 daret
554 3297 665 3351 vini
696 3298 782 3351 cui
816 3298 1219 3353 sorbitiuncula
1249 3315 1458 3365 curam,
1903 3296 2215 3351 Pervasisse
2237 3295 2426 3350 colens
2455 3295 2657 3365 opibus
2684 3295 2934 3349 convivia
2968 3295 3167 3364 raptis;

180 3390 350 3454 Quam
386 3402 556 3458 penes
586 3386 800 3441 eductis
820 3387 932 3457 jam
965 3386 1223 3442 fratribus
1250 3388 1393 3442 alma
1420 3388 1634 3443 Beatrix
1902 3392 2016 3453 Quo
2037 3403 2231 3443 securo
2258 3387 2438 3457 epulis
2469 3387 2612 3441 laute
2635 3387 2934 3441 recubante
2966 3386 3229 3452 sinistris,

184 3479 471 3550 Simplicio
500 3477 723 3551 gemina
752 3494 814 3532 ac
838 3478 1094 3534 Faustino
1124 3480 1245 3534 luce
1286 3479 1534 3545 nitebat;
1904 3481 2164 3536 Parvulus
2194 3478 2433 3533 avellens
2462 3494 2524 3532 os
2564 3478 2753 3532 matris
2782 3477 3038 3532 abcolere
3078 3480 3309 3534 clamat:

186 3568 352 3632 Queis
381 3567 533 3622 vario
571 3568 673 3621 sub
698 3583 876 3641 agone
907 3570 1018 3639 poli
1051 3569 1355 3640 penetralia
1388 3570 1583 3637 nactis,
1914 3591 1937 3620 (ι
1976 3569 2136 3633 Audi,
2170 3568 2403 3633 Lucreti,
2428 3572 2551 3637 post
2571 3566 2779 3621 caedem
2808 3566 2995 3619 invasa
3028 3568 3295 3637 capessis.

186 3657 425 3727 Corpora
451 3656 750 3712 verticibus
778 3658 1061 3728 Tyberinis
1092 3660 1277 3715 abdita
1312 3670 1448 3717 nutu
1905 3662 2160 3718 Traderis
2186 3678 2255 3717 en
2284 3662 2427 3717 hosti
2450 3660 2639 3715 infelix
2668 3659 2942 3731 possessio
2967 3659 3162 3715 factus.
3218 3689 3230 3707 υ

189 3746 516 3801 Redduntur
547 3746 816 3817 patefacta
834 3748 927 3802 Dei
955 3765 1076 3819 qua:
1107 3750 1329 3820 Crispus
1350 3751 1557 3805 honore
1906 3762 2175 3829 Acceptus
2199 3756 2300 3811 sub
2332 3770 2465 3811 voce
2497 3754 2598 3809 feri
2629 3752 2976 3825 laqueaminc
3007 3752 3165 3813 lethi.

184 3840 537 3911 Joannesque
560 3840 741 3894 levant
771 3840 974 3895 celebri
1001 3842 1300 3915 junctaque
1330 3861 1519 3900 sorore
1909 3847 2141 3902 Prandia
2174 3846 2457 3917 perturbat
2486 3844 2703 3915 patinas
2731 3851 2786 3899 et
2822 3842 3019 3914 pocula
3059 3842 3301 3895 miscens

186 3932 377 3987 Debita
420 3933 691 3988 militibus
719 3932 1042 4004 dependunt
1066 3935 1255 3990 munia
1281 3937 1489 3991 mactis.
1905 3936 2236 4008 Tartaraque
2266 3934 2541 4007 irrumpit,
2579 3931 2766 4005 flagris
2785 3930 3019 4005 agitatus
3044 3928 3270 3999 crynnis

1683 4067 1891 4122 CAPUT
1931 4068 2026 4122 III.

1412 4174 1490 4233 De
1513 4183 1717 4235 sancto
1747 4174 1981 4235 Joanne
2007 4183 2060 4233 et
2094 4173 2317 4251 Crispo.

181 4305 429 4360 Joannes
450 4301 803 4376 Crispusque,
836 4305 931 4360 ubi
960 4307 1115 4378 plura
1139 4306 1338 4363 decore
1372 4308 1569 4363 nitenti
1826 4318 1883 4385 D
1910 4310 2185 4366 Servierat
2212 4310 2479 4374 Thrason,
2512 4307 2679 4382 gibbo
2709 4306 2943 4362 cedente
2968 4304 3187 4371 cameli,

187 4397 427 4469 Pignora
447 4398 717 4465 justorum
750 4399 915 4453 natali
945 4400 1187 4474 tegmine
1228 4401 1494 4466 condunt,
1914 4401 2125 4456 Limina
2154 4400 2351 4454 transit
2379 4414 2532 4464 acus,
2567 4403 2892 4472 gratumque
2919 4402 3179 4466 expertus
3204 4410 3437 4467 agonem

189 4487 440 4557 Ipsorum
471 4487 634 4542 macti
659 4488 889 4555 meritis,
932 4490 1296 4560 capiunturin
1328 4491 1494 4545 astris
1916 4489 2245 4559 Martyribus
2274 4488 2602 4557 conjunctus
2631 4485 2746 4540 abit
2775 4486 3126 4556 palmamque
3156 4498 3455 4554 capessens

189 4580 429 4642 Quorum
451 4580 584 4634 sede
608 4580 701 4651 pin
734 4580 1303 4653 mandaranteorpora
1330 4584 1529 4658 glebis.
1919 4581 2049 4637 Cum
2090 4579 2489 4652 sociisgemino
2508 4578 2646 4650 petit
2675 4593 2842 4632 aurea
2871 4591 3040 4648 regna
3071 4574 3370 4645 triumpho.

188 4672 311 4743 Ipse
344 4672 510 4727 etiam
540 4672 694 4728 dives
733 4674 942 4730 sanctis
973 4674 1065 4746 qui
1099 4676 1269 4731 multa
1290 4675 1615 4732 ministrans

1692 4802 1899 4857 CAPUT
1939 4802 2021 4857 IV.

1530 4917 1606 4975 De
1647 4925 1851 4977 sancto
1895 4916 2160 4975 Erasmo.

187 5042 352 5097 Multa
383 5042 605 5113 quidem
640 5060 984 5117 quaacunque
1013 5047 1115 5103 loci
1149 5048 1426 5105 celebrata
1458 5053 1706 5123 tr0phaea
1913 5050 2275 5106 Mactandum.
2308 5048 2505 5123 Rigido
2530 5046 2689 5102 tritus
2712 5048 2805 5119 qui
2835 5047 3031 5103 robore
3056 5047 3220 5119 sylvas

193 5135 301 5189 Hoc
334 5134 547 5189 fervore
578 5135 801 5190 micant.
838 5137 1050 5202 Quanto
1080 5142 1408 5196 cumulatius
1436 5158 1564 5198 arva
1916 5144 2152 5199 Invictus
2175 5141 2319 5197 victo
2349 5146 2571 5212 superat
2598 5146 2804 5195 tortore
2834 5140 3049 5215 ﬂagella

194 5227 481 5282 Credimus
510 5228 765 5284 Ausoniae
790 5232 950 5288 rutilo
978 5233 1219 5289 radiasse
1240 5236 1441 5301 nitore,
1915 5235 2165 5288 Arctatur
2195 5231 2454 5287 coluber:
2487 5229 2646 5285 Varia
2676 5245 2933 5285 exercere
2964 5228 3216 5299 palaestra

194 5318 345 5374 Turio
372 5319 537 5374 bellis
563 5320 771 5377 clarum
802 5323 1095 5396 Campania
1122 5327 1311 5397 pandit
1338 5328 1641 5397 Erasmum,
1915 5325 2187 5381 Athletam
2209 5325 2503 5391 meditans,
2522 5322 2673 5379 vario
2698 5331 2854 5394 parat
2877 5322 3124 5397 unguina
3146 5323 3282 5392 fotu,

193 5410 516 5467 Pontificem
548 5411 800 5485 dignum,
834 5417 1029 5473 crebro
1052 5419 1155 5473 sub
1185 5436 1361 5495 agone
1393 5422 1704 5492 probatum.

1679 5446 1704 5479 ι,
1916 5416 2167 5471 Diversas
2178 5416 2371 5488 rapido
2388 5416 2603 5487 species
2620 5414 2783 5469 simul
2802 5414 2930 5487 igne
2947 5415 3247 5481 resolvens,

196 5500 474 5555 Grandine
501 5517 666 5571 quem
704 5502 912 5572 plumbi
945 5506 1202 5577 quatiens
1236 5508 1603 5565 Diocletianus
1919 5507 2139 5574 Resina,
2168 5509 2421 5578 plumbo,
2453 5524 2598 5575 cera,
2631 5507 2774 5580 pice,
2799 5507 3081 5579 sulphure,
3112 5506 3255 5563 olivo

197 5588 414 5645 Invenit
440 5597 499 5644 ut
522 5589 789 5658 validum,
806 5594 989 5651 valido
1011 5595 1103 5651 dat
1129 5596 1356 5653 verbere
1389 5614 1601 5654 rursum
1918 5600 2241 5670 Permixtis;
2276 5603 2484 5675 talique
2510 5608 2719 5660 retecta
2736 5602 3039 5676 liquamine
3060 5600 3305 5657 membra
