  <div class='ocr_page' id='page_1' title='image "/cluster/home/n/w/nwhite01/storage/ocr_20150623/134-135/uva.x000829784/953.png"; bbox 0 0 3972 6208; ppageno 0'>
   <div class='ocr_carea' id='block_1_1' title="bbox 492 250 3840 319">
    <p class='ocr_par' dir='ltr' id='par_1_1' title="bbox 492 250 3840 319">
     <span class='ocr_line' id='line_1_1' title="bbox 492 250 3840 319; baseline -0.003 -2"><span class='ocrx_word' id='word_1_1' title='bbox 492 264 596 318; x_wconf 80' lang='grc'><strong>735</strong></span> <span class='ocrx_word' id='word_1_2' title='bbox 1254 263 1619 318; x_wconf 78' lang='lat' dir='ltr'><strong>FLODOARDI</strong></span> <span class='ocrx_word' id='word_1_3' title='bbox 1659 262 1962 319; x_wconf 83' lang='lat' dir='ltr'><strong>CANONICI</strong></span> <span class='ocrx_word' id='word_1_4' title='bbox 2004 259 2332 316; x_wconf 75' lang='lat' dir='ltr'><strong>REMENSIS</strong></span> <span class='ocrx_word' id='word_1_5' title='bbox 2372 253 2711 313; x_wconf 83' lang='lat' dir='ltr'><strong>OPUSCULA</strong></span> <span class='ocrx_word' id='word_1_6' title='bbox 2748 250 3063 308; x_wconf 76' lang='lat' dir='ltr'><strong>METRICA.</strong></span> <span class='ocrx_word' id='word_1_7' title='bbox 3737 251 3840 307; x_wconf 79' lang='lat'><strong>736</strong></span> 
     </span>
    </p>
   </div>
   <div class='ocr_carea' id='block_1_2' title="bbox 2134 383 3587 463">
    <p class='ocr_par' dir='ltr' id='par_1_2' title="bbox 2134 383 3587 463">
     <span class='ocr_line' id='line_1_2' title="bbox 2134 383 3587 463; baseline -0.003 -19"><span class='ocrx_word' id='word_1_8' title='bbox 2134 398 2176 463; x_wconf 74' lang='grc' dir='ltr'>Α</span> <span class='ocrx_word' id='word_1_9' title='bbox 2209 388 2622 461; x_wconf 89' lang='lat' dir='ltr'><strong>Suppliciisque</strong></span> <span class='ocrx_word' id='word_1_10' title='bbox 2652 386 2822 460; x_wconf 78' lang='lat' dir='ltr'><strong>agitat</strong></span> <span class='ocrx_word' id='word_1_11' title='bbox 2858 384 3028 439; x_wconf 74' lang='lat' dir='ltr'><strong>variis</strong></span> <span class='ocrx_word' id='word_1_12' title='bbox 3052 383 3300 455; x_wconf 76' lang='lat' dir='ltr'><strong>duraque</strong></span> <span class='ocrx_word' id='word_1_13' title='bbox 3328 383 3587 455; x_wconf 69' lang='lat' dir='ltr'><strong>patiestra</strong></span> 
     </span>
    </p>
   </div>
   <div class='ocr_carea' id='block_1_3' title="bbox 2212 468 3346 545">
    <p class='ocr_par' dir='ltr' id='par_1_3' title="bbox 2212 468 3346 545">
     <span class='ocr_line' id='line_1_3' title="bbox 2212 468 3346 545; baseline -0.008 -8"><span class='ocrx_word' id='word_1_14' title='bbox 2212 484 2503 545; x_wconf 85' lang='lat' dir='ltr'><strong>Exercens,</strong></span> <span class='ocrx_word' id='word_1_15' title='bbox 2532 480 2657 535; x_wconf 70' lang='lat' dir='ltr'><strong>aeris</strong></span> <span class='ocrx_word' id='word_1_16' title='bbox 2682 479 2851 535; x_wconf 88' lang='lat' dir='ltr'><strong>lorica</strong></span> <span class='ocrx_word' id='word_1_17' title='bbox 2883 468 3100 532; x_wconf 82' lang='lat' dir='ltr'><strong>inducit</strong></span> <span class='ocrx_word' id='word_1_18' title='bbox 3126 477 3346 530; x_wconf 86' lang='lat' dir='ltr'><strong>adusta.</strong></span> 
     </span>
    </p>
   </div>
   <div class='ocr_carea' id='block_1_4' title="bbox 2210 571 3589 651">
    <p class='ocr_par' dir='ltr' id='par_1_4' title="bbox 2210 571 3589 651">
     <span class='ocr_line' id='line_1_4' title="bbox 2210 571 3589 651; baseline -0.004 -20"><span class='ocrx_word' id='word_1_19' title='bbox 2210 580 2271 633; x_wconf 83' lang='lat' dir='ltr'><strong>At</strong></span> <span class='ocrx_word' id='word_1_20' title='bbox 2301 577 2567 651; x_wconf 85' lang='lat' dir='ltr'><strong>ﬂagrante</strong></span> <span class='ocrx_word' id='word_1_21' title='bbox 2598 575 2783 630; x_wconf 91' lang='lat' dir='ltr'><strong>nitens</strong></span> <span class='ocrx_word' id='word_1_22' title='bbox 2811 573 2999 628; x_wconf 88' lang='lat' dir='ltr'><strong>tunica</strong></span> <span class='ocrx_word' id='word_1_23' title='bbox 3030 577 3137 627; x_wconf 91' lang='lat' dir='ltr'><strong>stat</strong></span> <span class='ocrx_word' id='word_1_24' title='bbox 3168 571 3353 627; x_wconf 88' lang='lat' dir='ltr'><strong>nescia</strong></span> <span class='ocrx_word' id='word_1_25' title='bbox 3383 579 3589 642; x_wconf 76' lang='lat' dir='ltr'><strong>martyr</strong></span> 
     </span>
    </p>
   </div>
   <div class='ocr_carea' id='block_1_5' title="bbox 2208 663 3734 743">
    <p class='ocr_par' dir='ltr' id='par_1_5' title="bbox 2208 663 3734 743">
     <span class='ocr_line' id='line_1_5' title="bbox 2208 663 3734 743; baseline -0.004 -19"><span class='ocrx_word' id='word_1_26' title='bbox 2208 670 2449 725; x_wconf 84' lang='lat' dir='ltr'><strong>Membra</strong></span> <span class='ocrx_word' id='word_1_27' title='bbox 2476 682 2677 743; x_wconf 84' lang='lat' dir='ltr'><strong>gerens</strong></span> <span class='ocrx_word' id='word_1_28' title='bbox 2707 666 2871 742; x_wconf 80' lang='lat' dir='ltr'><strong>ignis,</strong></span> <span class='ocrx_word' id='word_1_29' title='bbox 2903 671 3204 737; x_wconf 86' lang='lat' dir='ltr'><strong>spretoque</strong></span> <span class='ocrx_word' id='word_1_30' title='bbox 3241 663 3439 719; x_wconf 89' lang='lat' dir='ltr'><strong>ardore</strong></span> <span class='ocrx_word' id='word_1_31' title='bbox 3478 671 3734 719; x_wconf 83' lang='lat' dir='ltr'><strong>coruscat</strong></span> 
     </span>
    </p>
   </div>
   <div class='ocr_carea' id='block_1_6' title="bbox 2209 751 3551 829">
    <p class='ocr_par' dir='ltr' id='par_1_6' title="bbox 2209 751 3551 829">
     <span class='ocr_line' id='line_1_6' title="bbox 2209 751 3551 829; baseline -0.004 -17"><span class='ocrx_word' id='word_1_32' title='bbox 2209 758 2266 812; x_wconf 89' lang='lat' dir='ltr'><strong>Vi</strong></span> <span class='ocrx_word' id='word_1_33' title='bbox 2297 774 2531 829; x_wconf 87' lang='lat' dir='ltr'><strong>supera;</strong></span> <span class='ocrx_word' id='word_1_34' title='bbox 2565 755 2959 810; x_wconf 82' lang='lat' dir='ltr'><strong>recrudescunt</strong></span> <span class='ocrx_word' id='word_1_35' title='bbox 2993 760 3289 817; x_wconf 91' lang='lat' dir='ltr'><strong>tormenta,</strong></span> <span class='ocrx_word' id='word_1_36' title='bbox 3313 751 3551 808; x_wconf 68' lang='lat' dir='ltr'><strong>redactae</strong></span> 
     </span>
    </p>
   </div>
   <div class='ocr_carea' id='block_1_7' title="bbox 2210 844 3534 917">
    <p class='ocr_par' dir='ltr' id='par_1_7' title="bbox 2210 844 3534 917">
     <span class='ocr_line' id='line_1_7' title="bbox 2210 844 3534 917; baseline -0.005 -12"><span class='ocrx_word' id='word_1_37' title='bbox 2210 850 2510 905; x_wconf 52' lang='lat' dir='ltr'><strong>Prarmissa‘.</strong></span> <span class='ocrx_word' id='word_1_38' title='bbox 2545 848 2785 903; x_wconf 89' lang='lat' dir='ltr'><strong>reﬂuunt</strong></span> <span class='ocrx_word' id='word_1_39' title='bbox 2807 845 3025 917; x_wconf 90' lang='lat' dir='ltr'><strong>species</strong></span> <span class='ocrx_word' id='word_1_40' title='bbox 3054 844 3286 900; x_wconf 84' lang='lat' dir='ltr'><strong>fervoris</strong></span> <span class='ocrx_word' id='word_1_41' title='bbox 3316 844 3372 898; x_wconf 93' lang='lat' dir='ltr'><strong>in</strong></span> <span class='ocrx_word' id='word_1_42' title='bbox 3405 845 3534 910; x_wconf 92' lang='lat' dir='ltr'><strong>olla,</strong></span> 
     </span>
    </p>
   </div>
   <div class='ocr_carea' id='block_1_8' title="bbox 2211 939 3626 1017">
    <p class='ocr_par' dir='ltr' id='par_1_8' title="bbox 2211 939 3626 1017">
     <span class='ocr_line' id='line_1_8' title="bbox 2211 939 3626 1017; baseline -0.005 -18"><span class='ocrx_word' id='word_1_43' title='bbox 2211 944 2363 999; x_wconf 81' lang='lat' dir='ltr'><strong>Miles</strong></span> <span class='ocrx_word' id='word_1_44' title='bbox 2392 953 2446 999; x_wconf 93' lang='lat' dir='ltr'><strong>et</strong></span> <span class='ocrx_word' id='word_1_45' title='bbox 2473 944 2791 1017; x_wconf 77' lang='lat' dir='ltr'><strong>ignipotens</strong></span> <span class='ocrx_word' id='word_1_46' title='bbox 2819 940 3111 995; x_wconf 90' lang='lat' dir='ltr'><strong>ﬂammatis</strong></span> <span class='ocrx_word' id='word_1_47' title='bbox 3141 939 3408 1011; x_wconf 79' lang='lat' dir='ltr'><strong>mergitur</strong></span> <span class='ocrx_word' id='word_1_48' title='bbox 3437 939 3626 1005; x_wconf 88' lang='lat' dir='ltr'><strong>undis,</strong></span> 
     </span>
    </p>
   </div>
   <div class='ocr_carea' id='block_1_9' title="bbox 2212 1030 3638 1106">
    <p class='ocr_par' dir='ltr' id='par_1_9' title="bbox 2212 1030 3638 1106">
     <span class='ocr_line' id='line_1_9' title="bbox 2212 1030 3638 1106; baseline -0.005 -16"><span class='ocrx_word' id='word_1_49' title='bbox 2212 1038 2355 1101; x_wconf 85' lang='lat' dir='ltr'><strong>Quas</strong></span> <span class='ocrx_word' id='word_1_50' title='bbox 2384 1034 2570 1106; x_wconf 89' lang='lat' dir='ltr'><strong>tepido</strong></span> <span class='ocrx_word' id='word_1_51' title='bbox 2599 1033 2765 1088; x_wconf 92' lang='lat' dir='ltr'><strong>veluti</strong></span> <span class='ocrx_word' id='word_1_52' title='bbox 2811 1031 2974 1097; x_wconf 89' lang='lat' dir='ltr'><strong>fotus,</strong></span> <span class='ocrx_word' id='word_1_53' title='bbox 3006 1031 3366 1102; x_wconf 72' lang='lat' dir='ltr'><strong>gaudensque</strong></span> <span class='ocrx_word' id='word_1_54' title='bbox 3399 1030 3638 1096; x_wconf 89' lang='lat' dir='ltr'><strong>lavacro,</strong></span> 
     </span>
    </p>
   </div>
   <div class='ocr_carea' id='block_1_10' title="bbox 2213 1121 3712 1195">
    <p class='ocr_par' dir='ltr' id='par_1_10' title="bbox 2213 1121 3712 1195">
     <span class='ocr_line' id='line_1_10' title="bbox 2213 1121 3712 1195; baseline -0.006 -13"><span class='ocrx_word' id='word_1_55' title='bbox 2213 1127 2413 1183; x_wconf 86' lang='lat' dir='ltr'><strong>Cuncta</strong></span> <span class='ocrx_word' id='word_1_56' title='bbox 2441 1125 2602 1181; x_wconf 87' lang='lat' dir='ltr'><strong>simul</strong></span> <span class='ocrx_word' id='word_1_57' title='bbox 2630 1140 2901 1195; x_wconf 86' lang='lat' dir='ltr'><strong>superans</strong></span> <span class='ocrx_word' id='word_1_58' title='bbox 2920 1122 3207 1178; x_wconf 87' lang='lat' dir='ltr'><strong>molimina</strong></span> <span class='ocrx_word' id='word_1_59' title='bbox 3236 1122 3355 1176; x_wconf 90' lang='lat' dir='ltr'><strong>dira</strong></span> <span class='ocrx_word' id='word_1_60' title='bbox 3386 1121 3712 1193; x_wconf 88' lang='lat' dir='ltr'><strong>triumphat.</strong></span> 
     </span>
    </p>
   </div>
   <div class='ocr_carea' id='block_1_11' title="bbox 2213 1209 3618 1290">
    <p class='ocr_par' dir='ltr' id='par_1_11' title="bbox 2213 1209 3618 1290">
     <span class='ocr_line' id='line_1_11' title="bbox 2213 1209 3618 1290; baseline -0.006 -19"><span class='ocrx_word' id='word_1_61' title='bbox 2213 1216 2612 1290; x_wconf 83' lang='lat' dir='ltr'><strong>Egrediturque</strong></span> <span class='ocrx_word' id='word_1_62' title='bbox 2641 1213 2841 1277; x_wconf 88' lang='lat' dir='ltr'><strong>alacer,</strong></span> <span class='ocrx_word' id='word_1_63' title='bbox 2874 1212 3112 1282; x_wconf 90' lang='lat' dir='ltr'><strong>divoque</strong></span> <span class='ocrx_word' id='word_1_64' title='bbox 3144 1209 3416 1265; x_wconf 88' lang='lat' dir='ltr'><strong>lcvamine</strong></span> <span class='ocrx_word' id='word_1_65' title='bbox 3445 1216 3618 1273; x_wconf 90' lang='lat' dir='ltr'><strong>tutus,</strong></span> 
     </span>
    </p>
   </div>
   <div class='ocr_carea' id='block_1_12' title="bbox 2217 1301 3497 1373">
    <p class='ocr_par' dir='ltr' id='par_1_12' title="bbox 2217 1301 3497 1373">
     <span class='ocr_line' id='line_1_12' title="bbox 2217 1301 3497 1373; baseline -0.006 -14"><span class='ocrx_word' id='word_1_66' title='bbox 2217 1304 2435 1359; x_wconf 81' lang='lat' dir='ltr'><strong>Eruitur</strong></span> <span class='ocrx_word' id='word_1_67' title='bbox 2462 1304 2602 1357; x_wconf 92' lang='lat' dir='ltr'><strong>duce</strong></span> <span class='ocrx_word' id='word_1_68' title='bbox 2629 1301 2869 1366; x_wconf 89' lang='lat' dir='ltr'><strong>sidereo,</strong></span> <span class='ocrx_word' id='word_1_69' title='bbox 2900 1315 3167 1370; x_wconf 85' lang='lat' dir='ltr'><strong>campana</strong></span> <span class='ocrx_word' id='word_1_70' title='bbox 3193 1313 3497 1373; x_wconf 80' lang='lat' dir='ltr'><strong>peragrans</strong></span> 
     </span>
    </p>
   </div>
   <div class='ocr_carea' id='block_1_13' title="bbox 2214 1389 3833 1465">
    <p class='ocr_par' dir='ltr' id='par_1_13' title="bbox 2214 1389 3833 1465">
     <span class='ocr_line' id='line_1_13' title="bbox 2214 1389 3833 1465; baseline -0.006 -15"><span class='ocrx_word' id='word_1_71' title='bbox 2214 1399 2369 1462; x_wconf 78' lang='lat' dir='ltr'><strong>Arva,</strong></span> <span class='ocrx_word' id='word_1_72' title='bbox 2395 1395 2671 1465; x_wconf 82' lang='lat' dir='ltr'><strong>fidemque</strong></span> <span class='ocrx_word' id='word_1_73' title='bbox 2705 1394 2847 1463; x_wconf 87' lang='lat' dir='ltr'><strong>piam</strong></span> <span class='ocrx_word' id='word_1_74' title='bbox 2880 1391 3174 1446; x_wconf 88' lang='lat' dir='ltr'><strong>multorum</strong></span> <span class='ocrx_word' id='word_1_75' title='bbox 3210 1389 3266 1443; x_wconf 93' lang='lat' dir='ltr'><strong>in</strong></span> <span class='ocrx_word' id='word_1_76' title='bbox 3299 1400 3523 1461; x_wconf 87' lang='lat' dir='ltr'><strong>pectora</strong></span> <span class='ocrx_word' id='word_1_77' title='bbox 3556 1389 3833 1460; x_wconf 87' lang='lat' dir='ltr'><strong>plantans,</strong></span> 
     </span>
    </p>
   </div>
   <div class='ocr_carea' id='block_1_14' title="bbox 2216 1483 3561 1560">
    <p class='ocr_par' dir='ltr' id='par_1_14' title="bbox 2216 1483 3561 1560">
     <span class='ocr_line' id='line_1_14' title="bbox 2216 1483 3561 1560; baseline -0.007 -14"><span class='ocrx_word' id='word_1_78' title='bbox 2216 1492 2277 1545; x_wconf 82' lang='lat' dir='ltr'><strong>Et</strong></span> <span class='ocrx_word' id='word_1_79' title='bbox 2306 1490 2552 1545; x_wconf 80' lang='lat' dir='ltr'><strong>tenebris</strong></span> <span class='ocrx_word' id='word_1_80' title='bbox 2590 1489 2777 1560; x_wconf 84' lang='lat' dir='ltr'><strong>plures</strong></span> <span class='ocrx_word' id='word_1_81' title='bbox 2808 1487 2875 1540; x_wconf 88' lang='lat' dir='ltr'><strong>ad</strong></span> <span class='ocrx_word' id='word_1_82' title='bbox 2906 1486 3020 1540; x_wconf 88' lang='lat' dir='ltr'><strong>veri</strong></span> <span class='ocrx_word' id='word_1_83' title='bbox 3053 1484 3263 1539; x_wconf 85' lang='lat' dir='ltr'><strong>lumina</strong></span> <span class='ocrx_word' id='word_1_84' title='bbox 3293 1483 3499 1548; x_wconf 86' lang='lat' dir='ltr'><strong>ductat,</strong></span> <span class='ocrx_word' id='word_1_85' title='bbox 3558 1510 3561 1513; x_wconf 55' lang='grc' dir='ltr'>ν</span> 
     </span>
    </p>
   </div>
   <div class='ocr_carea' id='block_1_15' title="bbox 2215 1574 3672 1651">
    <p class='ocr_par' dir='ltr' id='par_1_15' title="bbox 2215 1574 3672 1651">
     <span class='ocr_line' id='line_1_15' title="bbox 2215 1574 3672 1651; baseline -0.003 -19"><span class='ocrx_word' id='word_1_86' title='bbox 2215 1580 2413 1651; x_wconf 82' lang='lat' dir='ltr'><strong>Sicque</strong></span> <span class='ocrx_word' id='word_1_87' title='bbox 2444 1579 2555 1633; x_wconf 91' lang='lat' dir='ltr'><strong>Deo</strong></span> <span class='ocrx_word' id='word_1_88' title='bbox 2581 1577 2769 1647; x_wconf 85' lang='lat' dir='ltr'><strong>jussus</strong></span> <span class='ocrx_word' id='word_1_89' title='bbox 2792 1574 3039 1631; x_wconf 87' lang='lat' dir='ltr'><strong>celebres</strong></span> <span class='ocrx_word' id='word_1_90' title='bbox 3070 1579 3415 1627; x_wconf 84' lang='lat' dir='ltr'><strong>consummat</strong></span> <span class='ocrx_word' id='word_1_91' title='bbox 3443 1586 3672 1643; x_wconf 78' lang='lat' dir='ltr'><strong>agones.</strong></span> 
     </span>
    </p>
   </div>
   <div class='ocr_carea' id='block_1_16' title="bbox 496 393 1761 469">
    <p class='ocr_par' dir='ltr' id='par_1_16' title="bbox 496 393 1761 469">
     <span class='ocr_line' id='line_1_16' title="bbox 496 393 1761 469; baseline -0.001 -21"><span class='ocrx_word' id='word_1_92' title='bbox 496 394 802 469; x_wconf 83' lang='lat' dir='ltr'><strong>Respcrgit,</strong></span> <span class='ocrx_word' id='word_1_93' title='bbox 839 393 1157 464; x_wconf 89' lang='lat' dir='ltr'><strong>disquisitos</strong></span> <span class='ocrx_word' id='word_1_94' title='bbox 1186 409 1296 448; x_wconf 90' lang='lat' dir='ltr'><strong>non</strong></span> <span class='ocrx_word' id='word_1_95' title='bbox 1330 410 1487 464; x_wconf 87' lang='lat' dir='ltr'><strong>passa</strong></span> <span class='ocrx_word' id='word_1_96' title='bbox 1514 394 1761 449; x_wconf 87' lang='lat' dir='ltr'><strong>calores:</strong></span> 
     </span>
    </p>
   </div>
   <div class='ocr_carea' id='block_1_17' title="bbox 495 482 1863 554">
    <p class='ocr_par' dir='ltr' id='par_1_17' title="bbox 495 482 1863 554">
     <span class='ocr_line' id='line_1_17' title="bbox 495 482 1863 554; baseline -0.001 -17"><span class='ocrx_word' id='word_1_97' title='bbox 495 485 609 537; x_wconf 85' lang='lat' dir='ltr'><strong>Stat</strong></span> <span class='ocrx_word' id='word_1_98' title='bbox 640 484 761 553; x_wconf 86' lang='lat' dir='ltr'><strong>pius</strong></span> <span class='ocrx_word' id='word_1_99' title='bbox 790 483 957 537; x_wconf 68' lang='lat' dir='ltr'><strong>tllzeso</strong></span> <span class='ocrx_word' id='word_1_100' title='bbox 982 482 1296 553; x_wconf 88' lang='lat' dir='ltr'><strong>spectacula</strong></span> <span class='ocrx_word' id='word_1_101' title='bbox 1324 498 1557 552; x_wconf 87' lang='lat' dir='ltr'><strong>corpore</strong></span> <span class='ocrx_word' id='word_1_102' title='bbox 1589 483 1863 554; x_wconf 63' lang='lat' dir='ltr'><strong>praebens,</strong></span> 
     </span>
    </p>
   </div>
   <div class='ocr_carea' id='block_1_18' title="bbox 493 571 1820 642">
    <p class='ocr_par' dir='ltr' id='par_1_18' title="bbox 493 571 1820 642">
     <span class='ocr_line' id='line_1_18' title="bbox 493 571 1820 642; baseline 0 -17"><span class='ocrx_word' id='word_1_103' title='bbox 493 571 815 642; x_wconf 90' lang='lat' dir='ltr'><strong>Tutorisque</strong></span> <span class='ocrx_word' id='word_1_104' title='bbox 847 571 1008 625; x_wconf 84' lang='lat' dir='ltr'><strong>fidem</strong></span> <span class='ocrx_word' id='word_1_105' title='bbox 1042 571 1336 625; x_wconf 88' lang='lat' dir='ltr'><strong>mirantum</strong></span> <span class='ocrx_word' id='word_1_106' title='bbox 1367 571 1628 627; x_wconf 84' lang='lat' dir='ltr'><strong>cordibus</strong></span> <span class='ocrx_word' id='word_1_107' title='bbox 1649 572 1820 626; x_wconf 87' lang='lat' dir='ltr'><strong>addit.</strong></span> 
     </span>
    </p>
   </div>
   <div class='ocr_carea' id='block_1_19' title="bbox 495 663 1894 738">
    <p class='ocr_par' dir='ltr' id='par_1_19' title="bbox 495 663 1894 738">
     <span class='ocr_line' id='line_1_19' title="bbox 495 663 1894 738; baseline 0.001 -20"><span class='ocrx_word' id='word_1_108' title='bbox 495 664 719 718; x_wconf 88' lang='lat' dir='ltr'><strong>Carccre</strong></span> <span class='ocrx_word' id='word_1_109' title='bbox 748 664 979 718; x_wconf 88' lang='lat' dir='ltr'><strong>vallatus</strong></span> <span class='ocrx_word' id='word_1_110' title='bbox 1008 680 1205 738; x_wconf 86' lang='lat' dir='ltr'><strong>magno</strong></span> <span class='ocrx_word' id='word_1_111' title='bbox 1236 681 1458 736; x_wconf 90' lang='lat' dir='ltr'><strong>quoque</strong></span> <span class='ocrx_word' id='word_1_112' title='bbox 1489 665 1737 736; x_wconf 87' lang='lat' dir='ltr'><strong>pondere</strong></span> <span class='ocrx_word' id='word_1_113' title='bbox 1767 663 1894 720; x_wconf 85' lang='lat' dir='ltr'><strong>ferri</strong></span> 
     </span>
    </p>
   </div>
   <div class='ocr_carea' id='block_1_20' title="bbox 494 756 1822 826">
    <p class='ocr_par' dir='ltr' id='par_1_20' title="bbox 494 756 1822 826">
     <span class='ocr_line' id='line_1_20' title="bbox 494 756 1822 826; baseline 0.001 -16"><span class='ocrx_word' id='word_1_114' title='bbox 494 757 813 826; x_wconf 90' lang='lat' dir='ltr'><strong>Depressus,</strong></span> <span class='ocrx_word' id='word_1_115' title='bbox 841 756 1080 826; x_wconf 86' lang='lat' dir='ltr'><strong>posthaec</strong></span> <span class='ocrx_word' id='word_1_116' title='bbox 1107 757 1225 810; x_wconf 89' lang='lat' dir='ltr'><strong>dira</strong></span> <span class='ocrx_word' id='word_1_117' title='bbox 1263 757 1551 811; x_wconf 88' lang='lat' dir='ltr'><strong>obsidione</strong></span> <span class='ocrx_word' id='word_1_118' title='bbox 1585 762 1822 821; x_wconf 89' lang='lat' dir='ltr'><strong>tenetur,</strong></span> 
     </span>
    </p>
   </div>
   <div class='ocr_carea' id='block_1_21' title="bbox 496 849 1833 919">
    <p class='ocr_par' dir='ltr' id='par_1_21' title="bbox 496 849 1833 919">
     <span class='ocr_line' id='line_1_21' title="bbox 496 849 1833 919; baseline 0.001 -16"><span class='ocrx_word' id='word_1_119' title='bbox 496 849 688 903; x_wconf 84' lang='lat' dir='ltr'><strong>Missus</strong></span> <span class='ocrx_word' id='word_1_120' title='bbox 716 857 769 903; x_wconf 88' lang='lat' dir='ltr'><strong>at</strong></span> <span class='ocrx_word' id='word_1_121' title='bbox 797 850 1070 904; x_wconf 54' lang='lat' dir='ltr'><strong>aethereus</strong></span> <span class='ocrx_word' id='word_1_122' title='bbox 1094 866 1308 905; x_wconf 89' lang='lat' dir='ltr'><strong>summa</strong></span> <span class='ocrx_word' id='word_1_123' title='bbox 1339 850 1616 905; x_wconf 87' lang='lat' dir='ltr'><strong>delabitur</strong></span> <span class='ocrx_word' id='word_1_124' title='bbox 1640 852 1833 919; x_wconf 77' lang='lat' dir='ltr'><strong>aethra,</strong></span> 
     </span>
    </p>
   </div>
   <div class='ocr_carea' id='block_1_22' title="bbox 493 936 1736 1011">
    <p class='ocr_par' dir='ltr' id='par_1_22' title="bbox 493 936 1736 1011">
     <span class='ocr_line' id='line_1_22' title="bbox 493 936 1736 1011; baseline 0.003 -22"><span class='ocrx_word' id='word_1_125' title='bbox 493 936 808 1009; x_wconf 86' lang='lat' dir='ltr'><strong>Largiturus</strong></span> <span class='ocrx_word' id='word_1_126' title='bbox 839 952 1001 1008; x_wconf 85' lang='lat' dir='ltr'><strong>Opem</strong></span> <span class='ocrx_word' id='word_1_127' title='bbox 1034 939 1158 993; x_wconf 88' lang='lat' dir='ltr'><strong>testi</strong></span> <span class='ocrx_word' id='word_1_128' title='bbox 1193 940 1283 1009; x_wconf 91' lang='lat' dir='ltr'><strong>pia</strong></span> <span class='ocrx_word' id='word_1_129' title='bbox 1322 939 1466 994; x_wconf 89' lang='lat' dir='ltr'><strong>bella</strong></span> <span class='ocrx_word' id='word_1_130' title='bbox 1492 940 1736 1011; x_wconf 77' lang='lat' dir='ltr'><strong>gerenti:</strong></span> 
     </span>
    </p>
   </div>
   <div class='ocr_carea' id='block_1_23' title="bbox 491 1025 1872 1100">
    <p class='ocr_par' dir='ltr' id='par_1_23' title="bbox 491 1025 1872 1100">
     <span class='ocr_line' id='line_1_23' title="bbox 491 1025 1872 1100; baseline 0.004 -23"><span class='ocrx_word' id='word_1_131' title='bbox 491 1025 715 1079; x_wconf 88' lang='lat' dir='ltr'><strong>Vincula</strong></span> <span class='ocrx_word' id='word_1_132' title='bbox 745 1026 1014 1090; x_wconf 79' lang='lat' dir='ltr'><strong>dissolvit,</strong></span> <span class='ocrx_word' id='word_1_133' title='bbox 1038 1026 1419 1100; x_wconf 87' lang='lat' dir='ltr'><strong>patefactaque</strong></span> <span class='ocrx_word' id='word_1_134' title='bbox 1451 1028 1641 1083; x_wconf 88' lang='lat' dir='ltr'><strong>limina</strong></span> <span class='ocrx_word' id='word_1_135' title='bbox 1671 1028 1872 1095; x_wconf 88' lang='lat' dir='ltr'><strong>reddit,</strong></span> 
     </span>
    </p>
   </div>
   <div class='ocr_carea' id='block_1_24' title="bbox 499 1116 1822 1188">
    <p class='ocr_par' dir='ltr' id='par_1_24' title="bbox 499 1116 1822 1188">
     <span class='ocr_line' id='line_1_24' title="bbox 499 1116 1822 1188; baseline 0.002 -19"><span class='ocrx_word' id='word_1_136' title='bbox 499 1116 691 1170; x_wconf 85' lang='lat' dir='ltr'><strong>Educit</strong></span> <span class='ocrx_word' id='word_1_137' title='bbox 721 1118 967 1171; x_wconf 87' lang='lat' dir='ltr'><strong>tenebris</strong></span> <span class='ocrx_word' id='word_1_138' title='bbox 997 1126 1238 1188; x_wconf 87' lang='lat' dir='ltr'><strong>raptam,</strong></span> <span class='ocrx_word' id='word_1_139' title='bbox 1262 1119 1353 1173; x_wconf 80' lang='lat' dir='ltr'><strong>(lat</strong></span> <span class='ocrx_word' id='word_1_140' title='bbox 1383 1118 1537 1173; x_wconf 89' lang='lat' dir='ltr'><strong>abire</strong></span> <span class='ocrx_word' id='word_1_141' title='bbox 1565 1119 1822 1174; x_wconf 87' lang='lat' dir='ltr'><strong>solutum.</strong></span> 
     </span>
    </p>
   </div>
   <div class='ocr_carea' id='block_1_25' title="bbox 498 1206 2039 1279">
    <p class='ocr_par' dir='ltr' id='par_1_25' title="bbox 498 1206 2039 1279">
     <span class='ocr_line' id='line_1_25' title="bbox 498 1206 2039 1279; baseline 0.002 -20"><span class='ocrx_word' id='word_1_142' title='bbox 498 1207 608 1271; x_wconf 79' lang='lat' dir='ltr'><strong>Sic,</strong></span> <span class='ocrx_word' id='word_1_143' title='bbox 642 1206 772 1260; x_wconf 88' lang='lat' dir='ltr'><strong>dum</strong></span> <span class='ocrx_word' id='word_1_144' title='bbox 806 1208 960 1276; x_wconf 92' lang='lat' dir='ltr'><strong>plura</strong></span> <span class='ocrx_word' id='word_1_145' title='bbox 991 1224 1190 1279; x_wconf 80' lang='lat' dir='ltr'><strong>gerens</strong></span> <span class='ocrx_word' id='word_1_146' title='bbox 1230 1208 1447 1277; x_wconf 88' lang='lat' dir='ltr'><strong>populis</strong></span> <span class='ocrx_word' id='word_1_147' title='bbox 1486 1208 1736 1264; x_wconf 88' lang='lat' dir='ltr'><strong>miranda</strong></span> <span class='ocrx_word' id='word_1_148' title='bbox 1764 1210 2039 1264; x_wconf 87' lang='lat' dir='ltr'><strong>lucrandis</strong></span> 
     </span>
    </p>
   </div>
   <div class='ocr_carea' id='block_1_26' title="bbox 497 1297 1770 1370">
    <p class='ocr_par' dir='ltr' id='par_1_26' title="bbox 497 1297 1770 1370">
     <span class='ocr_line' id='line_1_26' title="bbox 497 1297 1770 1370; baseline 0 -19"><span class='ocrx_word' id='word_1_149' title='bbox 497 1297 730 1368; x_wconf 91' lang='lat' dir='ltr'><strong>Oppida,</strong></span> <span class='ocrx_word' id='word_1_150' title='bbox 761 1314 882 1352; x_wconf 89' lang='lat' dir='ltr'><strong>rura</strong></span> <span class='ocrx_word' id='word_1_151' title='bbox 913 1299 1087 1368; x_wconf 84' lang='lat' dir='ltr'><strong>replet</strong></span> <span class='ocrx_word' id='word_1_152' title='bbox 1116 1297 1271 1351; x_wconf 88' lang='lat' dir='ltr'><strong>factis</strong></span> <span class='ocrx_word' id='word_1_153' title='bbox 1296 1297 1626 1370; x_wconf 85' lang='lat' dir='ltr'><strong>insignibus,</strong></span> <span class='ocrx_word' id='word_1_154' title='bbox 1655 1298 1770 1353; x_wconf 88' lang='lat' dir='ltr'><strong>ales</strong></span> 
     </span>
    </p>
   </div>
   <div class='ocr_carea' id='block_1_27' title="bbox 499 1389 1743 1460">
    <p class='ocr_par' dir='ltr' id='par_1_27' title="bbox 499 1389 1743 1460">
     <span class='ocr_line' id='line_1_27' title="bbox 499 1389 1743 1460; baseline -0.002 -18"><span class='ocrx_word' id='word_1_155' title='bbox 499 1389 659 1442; x_wconf 83' lang='lat' dir='ltr'><strong>Fama</strong></span> <span class='ocrx_word' id='word_1_156' title='bbox 691 1389 945 1460; x_wconf 88' lang='lat' dir='ltr'><strong>palatinis</strong></span> <span class='ocrx_word' id='word_1_157' title='bbox 974 1389 1139 1443; x_wconf 90' lang='lat' dir='ltr'><strong>etiam</strong></span> <span class='ocrx_word' id='word_1_158' title='bbox 1164 1396 1314 1443; x_wconf 91' lang='lat' dir='ltr'><strong>notat</strong></span> <span class='ocrx_word' id='word_1_159' title='bbox 1344 1389 1570 1442; x_wconf 76' lang='lat' dir='ltr'><strong>auribus</strong></span> <span class='ocrx_word' id='word_1_160' title='bbox 1608 1395 1743 1443; x_wconf 88' lang='lat' dir='ltr'><strong>acta.</strong></span> 
     </span>
    </p>
   </div>
   <div class='ocr_carea' id='block_1_28' title="bbox 494 1480 1875 1552">
    <p class='ocr_par' dir='ltr' id='par_1_28' title="bbox 494 1480 1875 1552">
     <span class='ocr_line' id='line_1_28' title="bbox 494 1480 1875 1552; baseline 0 -17"><span class='ocrx_word' id='word_1_161' title='bbox 494 1482 723 1552; x_wconf 83' lang='lat' dir='ltr'><strong>Jamque</strong></span> <span class='ocrx_word' id='word_1_162' title='bbox 755 1482 1119 1552; x_wconf 89' lang='lat' dir='ltr'><strong>triumphator</strong></span> <span class='ocrx_word' id='word_1_163' title='bbox 1150 1484 1394 1551; x_wconf 78' lang='lat' dir='ltr'><strong>proceris</strong></span> <span class='ocrx_word' id='word_1_164' title='bbox 1424 1480 1622 1535; x_wconf 90' lang='lat' dir='ltr'><strong>virtute</strong></span> <span class='ocrx_word' id='word_1_165' title='bbox 1656 1480 1875 1552; x_wconf 88' lang='lat' dir='ltr'><strong>prioris,</strong></span> 
     </span>
    </p>
   </div>
   <div class='ocr_carea' id='block_1_29' title="bbox 497 1576 1825 1631">
    <p class='ocr_par' dir='ltr' id='par_1_29' title="bbox 497 1576 1825 1631">
     <span class='ocr_line' id='line_1_29' title="bbox 497 1576 1825 1631; baseline 0.002 -3"><span class='ocrx_word' id='word_1_166' title='bbox 497 1576 721 1629; x_wconf 79' lang='lat' dir='ltr'><strong>Culmen</strong></span> <span class='ocrx_word' id='word_1_167' title='bbox 757 1577 810 1630; x_wconf 92' lang='lat' dir='ltr'><strong>in</strong></span> <span class='ocrx_word' id='word_1_168' title='bbox 843 1576 1066 1630; x_wconf 86' lang='lat' dir='ltr'><strong>alterius</strong></span> <span class='ocrx_word' id='word_1_169' title='bbox 1096 1577 1387 1631; x_wconf 86' lang='lat' dir='ltr'><strong>mandatur</strong></span> <span class='ocrx_word' id='word_1_170' title='bbox 1409 1576 1549 1631; x_wconf 88' lang='lat' dir='ltr'><strong>inire</strong></span> <span class='ocrx_word' id='word_1_171' title='bbox 1582 1578 1825 1631; x_wconf 83' lang='lat' dir='ltr'><strong>duellum</strong></span> 
     </span>
    </p>
   </div>
   <div class='ocr_carea' id='block_1_30' title="bbox 496 1668 1783 1742">
    <p class='ocr_par' dir='ltr' id='par_1_30' title="bbox 496 1668 1783 1742">
     <span class='ocr_line' id='line_1_30' title="bbox 496 1668 1783 1742; baseline 0.001 -21"><span class='ocrx_word' id='word_1_172' title='bbox 496 1668 676 1724; x_wconf 85' lang='lat' dir='ltr'><strong>Laude</strong></span> <span class='ocrx_word' id='word_1_173' title='bbox 701 1669 986 1724; x_wconf 79' lang='lat' dir='ltr'><strong>lacessitus</strong></span> <span class='ocrx_word' id='word_1_174' title='bbox 1017 1680 1190 1741; x_wconf 87' lang='lat' dir='ltr'><strong>raptat</strong></span> <span class='ocrx_word' id='word_1_175' title='bbox 1223 1686 1385 1742; x_wconf 89' lang='lat' dir='ltr'><strong>quem</strong></span> <span class='ocrx_word' id='word_1_176' title='bbox 1423 1669 1783 1724; x_wconf 75' lang='lat' dir='ltr'><strong>Maximianus</strong></span> 
     </span>
    </p>
   </div>
   <div class='ocr_carea' id='block_1_31' title="bbox 2001 1769 2319 1825">
    <p class='ocr_par' dir='ltr' id='par_1_31' title="bbox 2001 1769 2319 1825">
     <span class='ocr_line' id='line_1_31' title="bbox 2001 1769 2319 1825; baseline -0.003 -1"><span class='ocrx_word' id='word_1_177' title='bbox 2001 1769 2208 1825; x_wconf 80' lang='lat' dir='ltr'><strong>CAPUT</strong></span> <span class='ocrx_word' id='word_1_178' title='bbox 2259 1769 2319 1823; x_wconf 91' lang='lat' dir='ltr'><strong>V.</strong></span> 
     </span>
    </p>
   </div>
   <div class='ocr_carea' id='block_1_32' title="bbox 1675 1870 2662 1954">
    <p class='ocr_par' dir='ltr' id='par_1_32' title="bbox 1675 1870 2662 1954">
     <span class='ocr_line' id='line_1_32' title="bbox 1675 1870 2662 1954; baseline -0.007 -20"><span class='ocrx_word' id='word_1_179' title='bbox 1675 1874 1748 1934; x_wconf 79' lang='lat' dir='ltr'><strong>Dc</strong></span> <span class='ocrx_word' id='word_1_180' title='bbox 1777 1876 2002 1954; x_wconf 70' lang='lat' dir='ltr'><strong>sanctis</strong></span> <span class='ocrx_word' id='word_1_181' title='bbox 2033 1872 2229 1933; x_wconf 80' lang='lat' dir='ltr'><strong>Sossio</strong></span> <span class='ocrx_word' id='word_1_182' title='bbox 2259 1880 2310 1930; x_wconf 79' lang='lat' dir='ltr'><strong>et</strong></span> <span class='ocrx_word' id='word_1_183' title='bbox 2336 1870 2662 1930; x_wconf 78' lang='lat' dir='ltr'><strong>Januario.</strong></span> 
     </span>
    </p>
   </div>
   <div class='ocr_carea' id='block_1_33' title="bbox 496 1999 3506 2082">
    <p class='ocr_par' dir='ltr' id='par_1_33' title="bbox 496 1999 3506 2082">
     <span class='ocr_line' id='line_1_33' title="bbox 496 1999 3506 2082; baseline -0.004 -19"><span class='ocrx_word' id='word_1_184' title='bbox 496 2011 641 2065; x_wconf 62' lang='lat' dir='ltr'><strong>Aula}</strong></span> <span class='ocrx_word' id='word_1_185' title='bbox 666 2010 977 2065; x_wconf 89' lang='lat' dir='ltr'><strong>ministrum</strong></span> <span class='ocrx_word' id='word_1_186' title='bbox 1000 2011 1204 2065; x_wconf 65' lang='lat' dir='ltr'><strong>caeliae</strong></span> <span class='ocrx_word' id='word_1_187' title='bbox 1232 2012 1332 2067; x_wconf 89' lang='lat' dir='ltr'><strong>hac</strong></span> <span class='ocrx_word' id='word_1_188' title='bbox 1359 2011 1646 2082; x_wconf 78' lang='lat' dir='ltr'><strong>tyrannide</strong></span> <span class='ocrx_word' id='word_1_189' title='bbox 1762 2026 1766 2030; x_wconf 65' lang='lat'>‘</span> <span class='ocrx_word' id='word_1_190' title='bbox 2135 2014 2182 2081; x_wconf 72' lang='grc' dir='ltr'>Β</span> <span class='ocrx_word' id='word_1_191' title='bbox 2208 2011 2379 2078; x_wconf 87' lang='lat' dir='ltr'><strong>Atque</strong></span> <span class='ocrx_word' id='word_1_192' title='bbox 2408 2005 2793 2075; x_wconf 87' lang='lat' dir='ltr'><strong>apprehensus</strong></span> <span class='ocrx_word' id='word_1_193' title='bbox 2825 2001 2884 2056; x_wconf 84' lang='lat' dir='ltr'><strong>lit</strong></span> <span class='ocrx_word' id='word_1_194' title='bbox 2909 2000 3178 2072; x_wconf 67' lang='lat' dir='ltr'><strong>palaestrae</strong></span> <span class='ocrx_word' id='word_1_195' title='bbox 3208 1999 3506 2070; x_wconf 83' lang='lat' dir='ltr'><strong>particeps.</strong></span> 
     </span>
    </p>
   </div>
   <div class='ocr_carea' id='block_1_34' title="bbox 493 2102 1538 2174">
    <p class='ocr_par' dir='ltr' id='par_1_34' title="bbox 493 2102 1538 2174">
     <span class='ocr_line' id='line_1_34' title="bbox 493 2102 1538 2174; baseline 0 -18"><span class='ocrx_word' id='word_1_196' title='bbox 493 2102 697 2157; x_wconf 78' lang='lat' dir='ltr'><strong>Miscna</strong></span> <span class='ocrx_word' id='word_1_197' title='bbox 723 2103 932 2157; x_wconf 85' lang='lat' dir='ltr'><strong>clarum</strong></span> <span class='ocrx_word' id='word_1_198' title='bbox 967 2102 1293 2174; x_wconf 74' lang='lat' dir='ltr'><strong>praeferebat</strong></span> <span class='ocrx_word' id='word_1_199' title='bbox 1321 2104 1538 2158; x_wconf 86' lang='lat' dir='ltr'><strong>Sosium</strong></span> 
     </span>
    </p>
   </div>
   <div class='ocr_carea' id='block_1_35' title="bbox 493 2194 1562 2266">
    <p class='ocr_par' dir='ltr' id='par_1_35' title="bbox 493 2194 1562 2266">
     <span class='ocr_line' id='line_1_35' title="bbox 493 2194 1562 2266; baseline 0.001 -18"><span class='ocrx_word' id='word_1_200' title='bbox 493 2194 590 2259; x_wconf 92' lang='lat' dir='ltr'><strong>Qui</strong></span> <span class='ocrx_word' id='word_1_201' title='bbox 622 2195 934 2261; x_wconf 85' lang='lat' dir='ltr'><strong>sanctitate,</strong></span> <span class='ocrx_word' id='word_1_202' title='bbox 962 2195 1088 2250; x_wconf 91' lang='lat' dir='ltr'><strong>dote</strong></span> <span class='ocrx_word' id='word_1_203' title='bbox 1119 2195 1211 2266; x_wconf 88' lang='lat' dir='ltr'><strong>qui</strong></span> <span class='ocrx_word' id='word_1_204' title='bbox 1254 2196 1562 2266; x_wconf 68' lang='lat' dir='ltr'><strong>prudentite</strong></span> 
     </span>
    </p>
   </div>
   <div class='ocr_carea' id='block_1_36' title="bbox 490 2288 1552 2362">
    <p class='ocr_par' dir='ltr' id='par_1_36' title="bbox 490 2288 1552 2362">
     <span class='ocr_line' id='line_1_36' title="bbox 490 2288 1552 2362; baseline -0.002 -19"><span class='ocrx_word' id='word_1_205' title='bbox 490 2289 744 2343; x_wconf 81' lang='lat' dir='ltr'><strong>Juvenile</strong></span> <span class='ocrx_word' id='word_1_206' title='bbox 774 2288 944 2344; x_wconf 89' lang='lat' dir='ltr'><strong>robur</strong></span> <span class='ocrx_word' id='word_1_207' title='bbox 963 2290 1285 2362; x_wconf 82' lang='lat' dir='ltr'><strong>protegebat</strong></span> <span class='ocrx_word' id='word_1_208' title='bbox 1310 2296 1552 2345; x_wconf 90' lang='lat' dir='ltr'><strong>strenue.</strong></span> 
     </span>
    </p>
   </div>
   <div class='ocr_carea' id='block_1_37' title="bbox 493 2378 1397 2451">
    <p class='ocr_par' dir='ltr' id='par_1_37' title="bbox 493 2378 1397 2451">
     <span class='ocr_line' id='line_1_37' title="bbox 493 2378 1397 2451; baseline 0.003 -18"><span class='ocrx_word' id='word_1_209' title='bbox 493 2379 669 2444; x_wconf 90' lang='lat' dir='ltr'><strong>Quare</strong></span> <span class='ocrx_word' id='word_1_210' title='bbox 701 2378 896 2434; x_wconf 87' lang='lat' dir='ltr'><strong>beatus</strong></span> <span class='ocrx_word' id='word_1_211' title='bbox 925 2397 1072 2451; x_wconf 64' lang='lat' dir='ltr'><strong>swpc</strong></span> <span class='ocrx_word' id='word_1_212' title='bbox 1102 2381 1397 2436; x_wconf 84' lang='lat' dir='ltr'><strong>Januarius</strong></span> 
     </span>
    </p>
   </div>
   <div class='ocr_carea' id='block_1_38' title="bbox 498 2472 1719 2545">
    <p class='ocr_par' dir='ltr' id='par_1_38' title="bbox 498 2472 1719 2545">
     <span class='ocr_line' id='line_1_38' title="bbox 498 2472 1719 2545; baseline 0.003 -20"><span class='ocrx_word' id='word_1_213' title='bbox 498 2472 812 2528; x_wconf 74' lang='lat' dir='ltr'><strong>Benevento</strong></span> <span class='ocrx_word' id='word_1_214' title='bbox 838 2474 906 2527; x_wconf 88' lang='lat' dir='ltr'><strong>ab</strong></span> <span class='ocrx_word' id='word_1_215' title='bbox 936 2474 1072 2527; x_wconf 87' lang='lat' dir='ltr'><strong>urbe</strong></span> <span class='ocrx_word' id='word_1_216' title='bbox 1102 2490 1210 2545; x_wconf 90' lang='lat' dir='ltr'><strong>qua</strong></span> <span class='ocrx_word' id='word_1_217' title='bbox 1241 2475 1457 2531; x_wconf 81' lang='lat' dir='ltr'><strong>nitebat</strong></span> <span class='ocrx_word' id='word_1_218' title='bbox 1476 2475 1719 2545; x_wconf 82' lang='lat' dir='ltr'><strong>pontifex</strong></span> 
     </span>
    </p>
   </div>
   <div class='ocr_carea' id='block_1_39' title="bbox 500 2561 1527 2619">
    <p class='ocr_par' dir='ltr' id='par_1_39' title="bbox 500 2561 1527 2619">
     <span class='ocr_line' id='line_1_39' title="bbox 500 2561 1527 2619; baseline 0.005 -5"><span class='ocrx_word' id='word_1_219' title='bbox 500 2561 652 2616; x_wconf 90' lang='lat' dir='ltr'><strong>Hunc</strong></span> <span class='ocrx_word' id='word_1_220' title='bbox 682 2562 898 2617; x_wconf 88' lang='lat' dir='ltr'><strong>visitata</strong></span> <span class='ocrx_word' id='word_1_221' title='bbox 930 2563 1222 2618; x_wconf 88' lang='lat' dir='ltr'><strong>sublevare</strong></span> <span class='ocrx_word' id='word_1_222' title='bbox 1252 2571 1527 2619; x_wconf 88' lang='lat' dir='ltr'><strong>sueverat.</strong></span> 
     </span>
    </p>
   </div>
   <div class='ocr_carea' id='block_1_40' title="bbox 501 2649 1690 2724">
    <p class='ocr_par' dir='ltr' id='par_1_40' title="bbox 501 2649 1690 2724">
     <span class='ocr_line' id='line_1_40' title="bbox 501 2649 1690 2724; baseline 0.001 -21"><span class='ocrx_word' id='word_1_223' title='bbox 501 2649 653 2704; x_wconf 89' lang='lat' dir='ltr'><strong>Unde</strong></span> <span class='ocrx_word' id='word_1_224' title='bbox 681 2657 735 2704; x_wconf 88' lang='lat' dir='ltr'><strong>et</strong></span> <span class='ocrx_word' id='word_1_225' title='bbox 766 2650 996 2720; x_wconf 90' lang='lat' dir='ltr'><strong>petitum</strong></span> <span class='ocrx_word' id='word_1_226' title='bbox 1028 2651 1175 2705; x_wconf 88' lang='lat' dir='ltr'><strong>clara</strong></span> <span class='ocrx_word' id='word_1_227' title='bbox 1204 2650 1398 2705; x_wconf 88' lang='lat' dir='ltr'><strong>Christi</strong></span> <span class='ocrx_word' id='word_1_228' title='bbox 1430 2652 1690 2724; x_wconf 85' lang='lat' dir='ltr'><strong>dogmata</strong></span> 
     </span>
    </p>
   </div>
   <div class='ocr_carea' id='block_1_41' title="bbox 503 2737 1726 2810">
    <p class='ocr_par' dir='ltr' id='par_1_41' title="bbox 503 2737 1726 2810">
     <span class='ocr_line' id='line_1_41' title="bbox 503 2737 1726 2810; baseline 0.002 -19"><span class='ocrx_word' id='word_1_229' title='bbox 503 2737 714 2793; x_wconf 90' lang='lat' dir='ltr'><strong>Domini</strong></span> <span class='ocrx_word' id='word_1_230' title='bbox 747 2738 850 2792; x_wconf 89' lang='lat' dir='ltr'><strong>sub</strong></span> <span class='ocrx_word' id='word_1_231' title='bbox 882 2740 1006 2793; x_wconf 90' lang='lat' dir='ltr'><strong>aula</strong></span> <span class='ocrx_word' id='word_1_232' title='bbox 1036 2740 1167 2793; x_wconf 90' lang='lat' dir='ltr'><strong>dum</strong></span> <span class='ocrx_word' id='word_1_233' title='bbox 1190 2740 1450 2794; x_wconf 89' lang='lat' dir='ltr'><strong>citantem</strong></span> <span class='ocrx_word' id='word_1_234' title='bbox 1480 2740 1726 2810; x_wconf 90' lang='lat' dir='ltr'><strong>respicit,</strong></span> 
     </span>
    </p>
   </div>
   <div class='ocr_carea' id='block_1_42' title="bbox 498 2828 1766 2887">
    <p class='ocr_par' dir='ltr' id='par_1_42' title="bbox 498 2828 1766 2887">
     <span class='ocr_line' id='line_1_42' title="bbox 498 2828 1766 2887; baseline 0.005 -8"><span class='ocrx_word' id='word_1_235' title='bbox 498 2828 679 2883; x_wconf 84' lang='lat' dir='ltr'><strong>Cernit</strong></span> <span class='ocrx_word' id='word_1_236' title='bbox 707 2838 1014 2885; x_wconf 89' lang='lat' dir='ltr'><strong>comantem</strong></span> <span class='ocrx_word' id='word_1_237' title='bbox 1047 2830 1201 2884; x_wconf 90' lang='lat' dir='ltr'><strong>abire</strong></span> <span class='ocrx_word' id='word_1_238' title='bbox 1232 2830 1506 2887; x_wconf 88' lang='lat' dir='ltr'><strong>ﬂammam</strong></span> <span class='ocrx_word' id='word_1_239' title='bbox 1537 2830 1766 2886; x_wconf 86' lang='lat' dir='ltr'><strong>vertice.</strong></span> 
     </span>
    </p>
   </div>
   <div class='ocr_carea' id='block_1_43' title="bbox 497 2920 1508 2991">
    <p class='ocr_par' dir='ltr' id='par_1_43' title="bbox 497 2920 1508 2991">
     <span class='ocr_line' id='line_1_43' title="bbox 497 2920 1508 2991; baseline 0.005 -20"><span class='ocrx_word' id='word_1_240' title='bbox 497 2920 767 2991; x_wconf 80' lang='lat' dir='ltr'><strong>Solusque</strong></span> <span class='ocrx_word' id='word_1_241' title='bbox 786 2922 875 2975; x_wconf 90' lang='lat' dir='ltr'><strong>tali</strong></span> <span class='ocrx_word' id='word_1_242' title='bbox 895 2922 1249 2976; x_wconf 87' lang='lat' dir='ltr'><strong>convibratus</strong></span> <span class='ocrx_word' id='word_1_243' title='bbox 1276 2922 1508 2983; x_wconf 80' lang='lat' dir='ltr'><strong>lumine,</strong></span> 
     </span>
    </p>
   </div>
   <div class='ocr_carea' id='block_1_44' title="bbox 500 3012 1617 3086">
    <p class='ocr_par' dir='ltr' id='par_1_44' title="bbox 500 3012 1617 3086">
     <span class='ocr_line' id='line_1_44' title="bbox 500 3012 1617 3086; baseline 0.004 -21"><span class='ocrx_word' id='word_1_244' title='bbox 500 3012 617 3066; x_wconf 79' lang='lat' dir='ltr'><strong>Mox</strong></span> <span class='ocrx_word' id='word_1_245' title='bbox 649 3012 919 3065; x_wconf 83' lang='lat' dir='ltr'><strong>exiturum</strong></span> <span class='ocrx_word' id='word_1_246' title='bbox 954 3014 1272 3083; x_wconf 73' lang='lat' dir='ltr'><strong>prtedicavit</strong></span> <span class='ocrx_word' id='word_1_247' title='bbox 1300 3021 1617 3086; x_wconf 88' lang='lat' dir='ltr'><strong>martyrem.</strong></span> 
     </span>
    </p>
   </div>
   <div class='ocr_carea' id='block_1_45' title="bbox 503 3099 1861 3177">
    <p class='ocr_par' dir='ltr' id='par_1_45' title="bbox 503 3099 1861 3177">
     <span class='ocr_line' id='line_1_45' title="bbox 503 3099 1861 3177; baseline 0.004 -25"><span class='ocrx_word' id='word_1_248' title='bbox 503 3099 652 3154; x_wconf 87' lang='lat' dir='ltr'><strong>llaud</strong></span> <span class='ocrx_word' id='word_1_249' title='bbox 678 3100 985 3167; x_wconf 88' lang='lat' dir='ltr'><strong>immorata,</strong></span> <span class='ocrx_word' id='word_1_250' title='bbox 1016 3102 1158 3156; x_wconf 88' lang='lat' dir='ltr'><strong>haud</strong></span> <span class='ocrx_word' id='word_1_251' title='bbox 1189 3103 1351 3158; x_wconf 90' lang='lat' dir='ltr'><strong>ducta</strong></span> <span class='ocrx_word' id='word_1_252' title='bbox 1382 3103 1608 3177; x_wconf 83' lang='lat' dir='ltr'><strong>longum</strong></span> <span class='ocrx_word' id='word_1_253' title='bbox 1640 3103 1861 3158; x_wconf 89' lang='lat' dir='ltr'><strong>famina.</strong></span> 
     </span>
    </p>
   </div>
   <div class='ocr_carea' id='block_1_46' title="bbox 501 3191 1634 3267">
    <p class='ocr_par' dir='ltr' id='par_1_46' title="bbox 501 3191 1634 3267">
     <span class='ocr_line' id='line_1_46' title="bbox 501 3191 1634 3267; baseline 0.005 -22"><span class='ocrx_word' id='word_1_254' title='bbox 501 3191 663 3246; x_wconf 87' lang='lat' dir='ltr'><strong>Pauci</strong></span> <span class='ocrx_word' id='word_1_255' title='bbox 696 3199 944 3248; x_wconf 89' lang='lat' dir='ltr'><strong>rotantur</strong></span> <span class='ocrx_word' id='word_1_256' title='bbox 965 3204 1086 3266; x_wconf 89' lang='lat' dir='ltr'><strong>post</strong></span> <span class='ocrx_word' id='word_1_257' title='bbox 1115 3196 1460 3267; x_wconf 86' lang='lat' dir='ltr'><strong>prophetiam</strong></span> <span class='ocrx_word' id='word_1_258' title='bbox 1492 3197 1634 3264; x_wconf 87' lang='lat' dir='ltr'><strong>dies,</strong></span> 
     </span>
    </p>
   </div>
   <div class='ocr_carea' id='block_1_47' title="bbox 504 3283 1713 3354">
    <p class='ocr_par' dir='ltr' id='par_1_47' title="bbox 504 3283 1713 3354">
     <span class='ocr_line' id='line_1_47' title="bbox 504 3283 1713 3354; baseline 0.004 -16"><span class='ocrx_word' id='word_1_259' title='bbox 504 3283 561 3338; x_wconf 84' lang='lat' dir='ltr'><strong>Et</strong></span> <span class='ocrx_word' id='word_1_260' title='bbox 593 3300 744 3350; x_wconf 90' lang='lat' dir='ltr'><strong>ecce,</strong></span> <span class='ocrx_word' id='word_1_261' title='bbox 778 3292 960 3340; x_wconf 90' lang='lat' dir='ltr'><strong>tentus</strong></span> <span class='ocrx_word' id='word_1_262' title='bbox 989 3285 1117 3341; x_wconf 91' lang='lat' dir='ltr'><strong>dum</strong></span> <span class='ocrx_word' id='word_1_263' title='bbox 1150 3297 1297 3343; x_wconf 88' lang='lat' dir='ltr'><strong>astra</strong></span> <span class='ocrx_word' id='word_1_264' title='bbox 1328 3288 1519 3344; x_wconf 89' lang='lat' dir='ltr'><strong>levites</strong></span> <span class='ocrx_word' id='word_1_265' title='bbox 1546 3288 1713 3354; x_wconf 89' lang='lat' dir='ltr'><strong>fovet,</strong></span> 
     </span>
    </p>
   </div>
   <div class='ocr_carea' id='block_1_48' title="bbox 505 3373 1567 3445">
    <p class='ocr_par' dir='ltr' id='par_1_48' title="bbox 505 3373 1567 3445">
     <span class='ocr_line' id='line_1_48' title="bbox 505 3373 1567 3445; baseline 0.006 -18"><span class='ocrx_word' id='word_1_266' title='bbox 505 3373 708 3428; x_wconf 86' lang='lat' dir='ltr'><strong>Levare</strong></span> <span class='ocrx_word' id='word_1_267' title='bbox 738 3374 910 3430; x_wconf 88' lang='lat' dir='ltr'><strong>solers</strong></span> <span class='ocrx_word' id='word_1_268' title='bbox 938 3375 1119 3431; x_wconf 89' lang='lat' dir='ltr'><strong>vincla</strong></span> <span class='ocrx_word' id='word_1_269' title='bbox 1146 3384 1298 3432; x_wconf 83' lang='lat' dir='ltr'><strong>vates</strong></span> <span class='ocrx_word' id='word_1_270' title='bbox 1324 3378 1567 3445; x_wconf 86' lang='lat' dir='ltr'><strong>advenit,</strong></span> 
     </span>
    </p>
   </div>
   <div class='ocr_carea' id='block_1_49' title="bbox 2212 2088 3213 2162">
    <p class='ocr_par' dir='ltr' id='par_1_49' title="bbox 2212 2088 3213 2162">
     <span class='ocr_line' id='line_1_49' title="bbox 2212 2088 3213 2162; baseline -0.006 -13"><span class='ocrx_word' id='word_1_271' title='bbox 2212 2096 2428 2149; x_wconf 70' lang='lat' dir='ltr'><strong>Haerent</strong></span> <span class='ocrx_word' id='word_1_272' title='bbox 2448 2092 2669 2149; x_wconf 89' lang='lat' dir='ltr'><strong>sodales</strong></span> <span class='ocrx_word' id='word_1_273' title='bbox 2696 2090 2915 2162; x_wconf 83' lang='lat' dir='ltr'><strong>optimi.</strong></span> <span class='ocrx_word' id='word_1_274' title='bbox 2941 2088 3213 2145; x_wconf 77' lang='lat' dir='ltr'><strong>diaconus</strong></span> 
     </span>
    </p>
   </div>
   <div class='ocr_carea' id='block_1_50' title="bbox 2212 2180 3178 2248">
    <p class='ocr_par' dir='ltr' id='par_1_50' title="bbox 2212 2180 3178 2248">
     <span class='ocr_line' id='line_1_50' title="bbox 2212 2180 3178 2248; baseline -0.009 -6"><span class='ocrx_word' id='word_1_275' title='bbox 2212 2188 2424 2243; x_wconf 82' lang='lat' dir='ltr'><strong>Honore</strong></span> <span class='ocrx_word' id='word_1_276' title='bbox 2448 2184 2658 2248; x_wconf 85' lang='lat' dir='ltr'><strong>Festus,</strong></span> <span class='ocrx_word' id='word_1_277' title='bbox 2694 2183 2927 2238; x_wconf 88' lang='lat' dir='ltr'><strong>lectione</strong></span> <span class='ocrx_word' id='word_1_278' title='bbox 2956 2190 3011 2235; x_wconf 92' lang='lat' dir='ltr'><strong>et</strong></span> <span class='ocrx_word' id='word_1_279' title='bbox 3038 2180 3178 2235; x_wconf 88' lang='lat' dir='ltr'><strong>clius</strong></span> 
     </span>
    </p>
   </div>
   <div class='ocr_carea' id='block_1_51' title="bbox 2210 2272 3292 2345">
    <p class='ocr_par' dir='ltr' id='par_1_51' title="bbox 2210 2272 3292 2345">
     <span class='ocr_line' id='line_1_51' title="bbox 2210 2272 3292 2345; baseline -0.006 -13"><span class='ocrx_word' id='word_1_280' title='bbox 2210 2277 2543 2333; x_wconf 85' lang='lat' dir='ltr'><strong>Desiderius.</strong></span> <span class='ocrx_word' id='word_1_281' title='bbox 2583 2276 2667 2341; x_wconf 88' lang='lat' dir='ltr'><strong>Hi,</strong></span> <span class='ocrx_word' id='word_1_282' title='bbox 2696 2290 2843 2329; x_wconf 59' lang='lat' dir='ltr'><strong>saeva</strong></span> <span class='ocrx_word' id='word_1_283' title='bbox 2873 2283 2996 2344; x_wconf 88' lang='lat' dir='ltr'><strong>post</strong></span> <span class='ocrx_word' id='word_1_284' title='bbox 3026 2272 3292 2345; x_wconf 83' lang='lat' dir='ltr'><strong>cgastula,</strong></span> 
     </span>
    </p>
   </div>
   <div class='ocr_carea' id='block_1_52' title="bbox 2209 2364 3336 2430">
    <p class='ocr_par' dir='ltr' id='par_1_52' title="bbox 2209 2364 3336 2430">
     <span class='ocr_line' id='line_1_52' title="bbox 2209 2364 3336 2430; baseline -0.006 -4"><span class='ocrx_word' id='word_1_285' title='bbox 2209 2372 2459 2427; x_wconf 80' lang='lat' dir='ltr'><strong>Mulctam</strong></span> <span class='ocrx_word' id='word_1_286' title='bbox 2487 2370 2676 2425; x_wconf 90' lang='lat' dir='ltr'><strong>subire</strong></span> <span class='ocrx_word' id='word_1_287' title='bbox 2715 2369 3065 2423; x_wconf 85' lang='lat' dir='ltr'><strong>destinantur</strong></span> <span class='ocrx_word' id='word_1_288' title='bbox 3094 2364 3336 2430; x_wconf 86' lang='lat' dir='ltr'><strong>verticis,</strong></span> 
     </span>
    </p>
   </div>
   <div class='ocr_carea' id='block_1_53' title="bbox 2211 2459 3405 2535">
    <p class='ocr_par' dir='ltr' id='par_1_53' title="bbox 2211 2459 3405 2535">
     <span class='ocr_line' id='line_1_53' title="bbox 2211 2459 3405 2535; baseline -0.004 -15"><span class='ocrx_word' id='word_1_289' title='bbox 2211 2466 2309 2531; x_wconf 88' lang='lat' dir='ltr'><strong>Qui</strong></span> <span class='ocrx_word' id='word_1_290' title='bbox 2339 2465 2698 2535; x_wconf 70' lang='lat' dir='ltr'><strong>praestitutam</strong></span> <span class='ocrx_word' id='word_1_291' title='bbox 2728 2463 2859 2518; x_wconf 89' lang='lat' dir='ltr'><strong>dum</strong></span> <span class='ocrx_word' id='word_1_292' title='bbox 2892 2468 3075 2517; x_wconf 90' lang='lat' dir='ltr'><strong>terunt</strong></span> <span class='ocrx_word' id='word_1_293' title='bbox 3104 2459 3405 2525; x_wconf 82' lang='lat' dir='ltr'><strong>lethiviam,</strong></span> 
     </span>
    </p>
   </div>
   <div class='ocr_carea' id='block_1_54' title="bbox 2217 2551 3313 2627">
    <p class='ocr_par' dir='ltr' id='par_1_54' title="bbox 2217 2551 3313 2627">
     <span class='ocr_line' id='line_1_54' title="bbox 2217 2551 3313 2627; baseline -0.005 -15"><span class='ocrx_word' id='word_1_294' title='bbox 2217 2557 2574 2613; x_wconf 89' lang='lat' dir='ltr'><strong>Cumulantur</strong></span> <span class='ocrx_word' id='word_1_295' title='bbox 2598 2562 2758 2611; x_wconf 88' lang='lat' dir='ltr'><strong>aucto</strong></span> <span class='ocrx_word' id='word_1_296' title='bbox 2783 2553 3070 2627; x_wconf 82' lang='lat' dir='ltr'><strong>dignitatis</strong></span> <span class='ocrx_word' id='word_1_297' title='bbox 3094 2551 3313 2616; x_wconf 81' lang='lat' dir='ltr'><strong>ordine,</strong></span> 
     </span>
    </p>
   </div>
   <div class='ocr_carea' id='block_1_55' title="bbox 2217 2640 3314 2716">
    <p class='ocr_par' dir='ltr' id='par_1_55' title="bbox 2217 2640 3314 2716">
     <span class='ocr_line' id='line_1_55' title="bbox 2217 2640 3314 2716; baseline -0.007 -14"><span class='ocrx_word' id='word_1_298' title='bbox 2217 2646 2519 2701; x_wconf 89' lang='lat' dir='ltr'><strong>Puteolana</strong></span> <span class='ocrx_word' id='word_1_299' title='bbox 2551 2659 2751 2716; x_wconf 89' lang='lat' dir='ltr'><strong>nempe</strong></span> <span class='ocrx_word' id='word_1_300' title='bbox 2778 2643 2848 2699; x_wconf 89' lang='lat' dir='ltr'><strong>ab</strong></span> <span class='ocrx_word' id='word_1_301' title='bbox 2880 2642 3016 2699; x_wconf 88' lang='lat' dir='ltr'><strong>urbe</strong></span> <span class='ocrx_word' id='word_1_302' title='bbox 3048 2640 3314 2696; x_wconf 90' lang='lat' dir='ltr'><strong>Proculus</strong></span> 
     </span>
    </p>
   </div>
   <div class='ocr_carea' id='block_1_56' title="bbox 2216 2732 3243 2793">
    <p class='ocr_par' dir='ltr' id='par_1_56' title="bbox 2216 2732 3243 2793">
     <span class='ocr_line' id='line_1_56' title="bbox 2216 2732 3243 2793; baseline -0.006 -2"><span class='ocrx_word' id='word_1_303' title='bbox 2216 2738 2402 2792; x_wconf 86' lang='lat' dir='ltr'><strong>Levita</strong></span> <span class='ocrx_word' id='word_1_304' title='bbox 2430 2736 2605 2791; x_wconf 77' lang='lat' dir='ltr'><strong>fertur</strong></span> <span class='ocrx_word' id='word_1_305' title='bbox 2638 2752 2765 2791; x_wconf 91' lang='lat' dir='ltr'><strong>cum</strong></span> <span class='ocrx_word' id='word_1_306' title='bbox 2798 2734 3014 2793; x_wconf 86' lang='lat' dir='ltr'><strong>duobus</strong></span> <span class='ocrx_word' id='word_1_307' title='bbox 3044 2732 3243 2788; x_wconf 88' lang='lat' dir='ltr'><strong>obvius</strong></span> 
     </span>
    </p>
   </div>
   <div class='ocr_carea' id='block_1_57' title="bbox 2216 2819 3414 2896">
    <p class='ocr_par' dir='ltr' id='par_1_57' title="bbox 2216 2819 3414 2896">
     <span class='ocr_line' id='line_1_57' title="bbox 2216 2819 3414 2896; baseline -0.006 -15"><span class='ocrx_word' id='word_1_308' title='bbox 2216 2827 2279 2881; x_wconf 86' lang='lat' dir='ltr'><strong>Et</strong></span> <span class='ocrx_word' id='word_1_309' title='bbox 2310 2826 2472 2896; x_wconf 90' lang='lat' dir='ltr'><strong>plebe</strong></span> <span class='ocrx_word' id='word_1_310' title='bbox 2496 2825 2661 2894; x_wconf 87' lang='lat' dir='ltr'><strong>justis</strong></span> <span class='ocrx_word' id='word_1_311' title='bbox 2696 2824 3137 2895; x_wconf 54' lang='lat' dir='ltr'><strong>(hiqueatcutus,</strong></span> <span class='ocrx_word' id='word_1_312' title='bbox 3174 2819 3414 2884; x_wconf 84' lang='lat' dir='ltr'><strong>Eutices,</strong></span> 
     </span>
    </p>
   </div>
   <div class='ocr_carea' id='block_1_58' title="bbox 2217 2917 3379 2994">
    <p class='ocr_par' dir='ltr' id='par_1_58' title="bbox 2217 2917 3379 2994">
     <span class='ocr_line' id='line_1_58' title="bbox 2217 2917 3379 2994; baseline -0.007 -18"><span class='ocrx_word' id='word_1_313' title='bbox 2217 2922 2311 2975; x_wconf 88' lang='lat' dir='ltr'><strong>Isti</strong></span> <span class='ocrx_word' id='word_1_314' title='bbox 2351 2927 2611 2994; x_wconf 86' lang='lat' dir='ltr'><strong>rogantes</strong></span> <span class='ocrx_word' id='word_1_315' title='bbox 2642 2935 2742 2974; x_wconf 89' lang='lat' dir='ltr'><strong>cur</strong></span> <span class='ocrx_word' id='word_1_316' title='bbox 2769 2933 2961 2973; x_wconf 87' lang='lat' dir='ltr'><strong>necem</strong></span> <span class='ocrx_word' id='word_1_317' title='bbox 2988 2917 3122 2986; x_wconf 80' lang='lat' dir='ltr'><strong>justi</strong></span> <span class='ocrx_word' id='word_1_318' title='bbox 3159 2921 3379 2986; x_wconf 79' lang='lat' dir='ltr'><strong>petant:</strong></span> 
     </span>
    </p>
   </div>
   <div class='ocr_carea' id='block_1_59' title="bbox 2219 3003 3305 3081">
    <p class='ocr_par' dir='ltr' id='par_1_59' title="bbox 2219 3003 3305 3081">
     <span class='ocr_line' id='line_1_59' title="bbox 2219 3003 3305 3081; baseline -0.009 -15"><span class='ocrx_word' id='word_1_319' title='bbox 2219 3010 2314 3066; x_wconf 89' lang='lat' dir='ltr'><strong>Ubi</strong></span> <span class='ocrx_word' id='word_1_320' title='bbox 2343 3010 2646 3081; x_wconf 91' lang='lat' dir='ltr'><strong>probantur</strong></span> <span class='ocrx_word' id='word_1_321' title='bbox 2675 3007 2856 3079; x_wconf 90' lang='lat' dir='ltr'><strong>plebis</strong></span> <span class='ocrx_word' id='word_1_322' title='bbox 2885 3006 3044 3062; x_wconf 75' lang='lat' dir='ltr'><strong>almae</strong></span> <span class='ocrx_word' id='word_1_323' title='bbox 3070 3003 3305 3061; x_wconf 87' lang='lat' dir='ltr'><strong>nobiles.</strong></span> 
     </span>
    </p>
   </div>
   <div class='ocr_carea' id='block_1_60' title="bbox 2216 3098 3404 3173">
    <p class='ocr_par' dir='ltr' id='par_1_60' title="bbox 2216 3098 3404 3173">
     <span class='ocr_line' id='line_1_60' title="bbox 2216 3098 3404 3173; baseline -0.006 -13"><span class='ocrx_word' id='word_1_324' title='bbox 2216 3104 2388 3160; x_wconf 88' lang='lat' dir='ltr'><strong>Simul</strong></span> <span class='ocrx_word' id='word_1_325' title='bbox 2413 3104 2682 3173; x_wconf 88' lang='lat' dir='ltr'><strong>jubentur</strong></span> <span class='ocrx_word' id='word_1_326' title='bbox 2700 3103 2841 3158; x_wconf 83' lang='lat' dir='ltr'><strong>colla</strong></span> <span class='ocrx_word' id='word_1_327' title='bbox 2861 3101 2998 3157; x_wconf 88' lang='lat' dir='ltr'><strong>secti</strong></span> <span class='ocrx_word' id='word_1_328' title='bbox 3036 3098 3404 3163; x_wconf 88' lang='lat' dir='ltr'><strong>occumbere;</strong></span> 
     </span>
    </p>
   </div>
   <div class='ocr_carea' id='block_1_61' title="bbox 2219 3192 3415 3268">
    <p class='ocr_par' dir='ltr' id='par_1_61' title="bbox 2219 3192 3415 3268">
     <span class='ocr_line' id='line_1_61' title="bbox 2219 3192 3415 3268; baseline -0.003 -17"><span class='ocrx_word' id='word_1_329' title='bbox 2219 3197 2537 3268; x_wconf 89' lang='lat' dir='ltr'><strong>Pariterque</strong></span> <span class='ocrx_word' id='word_1_330' title='bbox 2559 3202 2771 3266; x_wconf 88' lang='lat' dir='ltr'><strong>septem</strong></span> <span class='ocrx_word' id='word_1_331' title='bbox 2802 3194 2956 3249; x_wconf 70' lang='lat' dir='ltr'><strong>caede</strong></span> <span class='ocrx_word' id='word_1_332' title='bbox 2986 3192 3129 3264; x_wconf 84' lang='lat' dir='ltr'><strong>plexi</strong></span> <span class='ocrx_word' id='word_1_333' title='bbox 3155 3206 3415 3261; x_wconf 77' lang='lat' dir='ltr'><strong>compare</strong></span> 
     </span>
    </p>
   </div>
   <div class='ocr_carea' id='block_1_62' title="bbox 2222 3282 3267 3359">
    <p class='ocr_par' dir='ltr' id='par_1_62' title="bbox 2222 3282 3267 3359">
     <span class='ocr_line' id='line_1_62' title="bbox 2222 3282 3267 3359; baseline -0.004 -18"><span class='ocrx_word' id='word_1_334' title='bbox 2222 3287 2526 3358; x_wconf 76' lang='lat' dir='ltr'><strong>Rapiantur</strong></span> <span class='ocrx_word' id='word_1_335' title='bbox 2547 3287 2651 3343; x_wconf 90' lang='lat' dir='ltr'><strong>acti</strong></span> <span class='ocrx_word' id='word_1_336' title='bbox 2672 3285 2862 3359; x_wconf 65' lang='lat' dir='ltr'><strong>gratiae</strong></span> <span class='ocrx_word' id='word_1_337' title='bbox 2887 3282 3267 3355; x_wconf 59' lang='lat' dir='ltr'><strong>pradonibus,</strong></span> 
     </span>
    </p>
   </div>
   <div class='ocr_carea' id='block_1_63' title="bbox 2135 3359 3339 3451">
    <p class='ocr_par' dir='ltr' id='par_1_63' title="bbox 2135 3359 3339 3451">
     <span class='ocr_line' id='line_1_63' title="bbox 2135 3359 3339 3451; baseline -0.004 -19"><span class='ocrx_word' id='word_1_338' title='bbox 2135 3359 2185 3425; x_wconf 69' lang='grc' dir='ltr'>Ο</span> <span class='ocrx_word' id='word_1_339' title='bbox 2207 3379 2464 3451; x_wconf 79' lang='lat' dir='ltr'><strong>Variique</strong></span> <span class='ocrx_word' id='word_1_340' title='bbox 2492 3379 2643 3435; x_wconf 84' lang='lat' dir='ltr'><strong>cives</strong></span> <span class='ocrx_word' id='word_1_341' title='bbox 2670 3378 2831 3435; x_wconf 86' lang='lat' dir='ltr'><strong>busta</strong></span> <span class='ocrx_word' id='word_1_342' title='bbox 2858 3376 2994 3431; x_wconf 87' lang='lat' dir='ltr'><strong>dant</strong></span> <span class='ocrx_word' id='word_1_343' title='bbox 3014 3373 3339 3431; x_wconf 86' lang='lat' dir='ltr'><strong>tribulibus.</strong></span> 
     </span>
    </p>
   </div>
   <div class='ocr_carea' id='block_1_64' title="bbox 2000 3512 2344 3568">
    <p class='ocr_par' dir='ltr' id='par_1_64' title="bbox 2000 3512 2344 3568">
     <span class='ocr_line' id='line_1_64' title="bbox 2000 3512 2344 3568; baseline 0.003 -1"><span class='ocrx_word' id='word_1_344' title='bbox 2000 3512 2212 3568; x_wconf 78' lang='lat' dir='ltr'><strong>CAPUT</strong></span> <span class='ocrx_word' id='word_1_345' title='bbox 2256 3514 2344 3568; x_wconf 88' lang='lat' dir='ltr'><strong>Vl.</strong></span> 
     </span>
    </p>
   </div>
   <div class='ocr_carea' id='block_1_65' title="bbox 1820 3615 2500 3677">
    <p class='ocr_par' dir='ltr' id='par_1_65' title="bbox 1820 3615 2500 3677">
     <span class='ocr_line' id='line_1_65' title="bbox 1820 3615 2500 3677; baseline -0.001 -2"><span class='ocrx_word' id='word_1_346' title='bbox 1820 3615 1897 3675; x_wconf 85' lang='lat' dir='ltr'><strong>De</strong></span> <span class='ocrx_word' id='word_1_347' title='bbox 1936 3623 2141 3677; x_wconf 81' lang='lat' dir='ltr'><strong>sancto</strong></span> <span class='ocrx_word' id='word_1_348' title='bbox 2184 3615 2500 3676; x_wconf 82' lang='lat' dir='ltr'><strong>Domnino.</strong></span> 
     </span>
    </p>
   </div>
   <div class='ocr_carea' id='block_1_66' title="bbox 499 3756 1816 3832">
    <p class='ocr_par' dir='ltr' id='par_1_66' title="bbox 499 3756 1816 3832">
     <span class='ocr_line' id='line_1_66' title="bbox 499 3756 1816 3832; baseline -0.003 -17"><span class='ocrx_word' id='word_1_349' title='bbox 499 3761 644 3816; x_wconf 83' lang='lat' dir='ltr'><strong>Julia</strong></span> <span class='ocrx_word' id='word_1_350' title='bbox 673 3760 901 3815; x_wconf 58' lang='lat' dir='ltr'><strong>Caesarei</strong></span> <span class='ocrx_word' id='word_1_351' title='bbox 925 3775 1211 3832; x_wconf 86' lang='lat' dir='ltr'><strong>procerem</strong></span> <span class='ocrx_word' id='word_1_352' title='bbox 1237 3760 1586 3831; x_wconf 86' lang='lat' dir='ltr'><strong>primumque</strong></span> <span class='ocrx_word' id='word_1_353' title='bbox 1614 3756 1816 3812; x_wconf 84' lang='lat' dir='ltr'><strong>cubitis</strong></span> 
     </span>
    </p>
   </div>
   <div class='ocr_carea' id='block_1_67' title="bbox 505 3850 1738 3926">
    <p class='ocr_par' dir='ltr' id='par_1_67' title="bbox 505 3850 1738 3926">
     <span class='ocr_line' id='line_1_67' title="bbox 505 3850 1738 3926; baseline -0.002 -20"><span class='ocrx_word' id='word_1_354' title='bbox 505 3852 831 3908; x_wconf 85' lang='lat' dir='ltr'><strong>Domninum</strong></span> <span class='ocrx_word' id='word_1_355' title='bbox 861 3853 976 3909; x_wconf 86' lang='lat' dir='ltr'><strong>fera</strong></span> <span class='ocrx_word' id='word_1_356' title='bbox 1000 3853 1260 3907; x_wconf 86' lang='lat' dir='ltr'><strong>vitantem</strong></span> <span class='ocrx_word' id='word_1_357' title='bbox 1292 3850 1566 3907; x_wconf 86' lang='lat' dir='ltr'><strong>consortia</strong></span> <span class='ocrx_word' id='word_1_358' title='bbox 1592 3851 1738 3926; x_wconf 87' lang='lat' dir='ltr'><strong>regis</strong></span> 
     </span>
    </p>
   </div>
   <div class='ocr_carea' id='block_1_68' title="bbox 505 3928 1989 4017">
    <p class='ocr_par' dir='ltr' id='par_1_68' title="bbox 505 3928 1989 4017">
     <span class='ocr_line' id='line_1_68' title="bbox 505 3928 1989 4017; baseline 0 -19"><span class='ocrx_word' id='word_1_359' title='bbox 505 3944 669 4000; x_wconf 80' lang='lat' dir='ltr'><strong>Felici</strong></span> <span class='ocrx_word' id='word_1_360' title='bbox 700 3946 936 4017; x_wconf 90' lang='lat' dir='ltr'><strong>hospitio</strong></span> <span class='ocrx_word' id='word_1_361' title='bbox 975 3945 1223 4016; x_wconf 86' lang='lat' dir='ltr'><strong>capiens,</strong></span> <span class='ocrx_word' id='word_1_362' title='bbox 1251 3957 1373 3998; x_wconf 85' lang='lat' dir='ltr'><strong>mox</strong></span> <span class='ocrx_word' id='word_1_363' title='bbox 1406 3942 1530 3997; x_wconf 72' lang='lat' dir='ltr'><strong>lzeta</strong></span> <span class='ocrx_word' id='word_1_364' title='bbox 1559 3942 1839 4014; x_wconf 89' lang='lat' dir='ltr'><strong>triumpho</strong></span> <span class='ocrx_word' id='word_1_365' title='bbox 1888 3928 1891 3929; x_wconf 14' lang='grc' dir='ltr'><em>ν</em></span> <span class='ocrx_word' id='word_1_366' title='bbox 1986 3962 1989 3965; x_wconf 93' lang='grc'><strong>·</strong></span> 
     </span>
    </p>
   </div>
   <div class='ocr_carea' id='block_1_69' title="bbox 1984 4040 2339 4098">
    <p class='ocr_par' dir='ltr' id='par_1_69' title="bbox 1984 4040 2339 4098">
     <span class='ocr_line' id='line_1_69' title="bbox 1984 4040 2339 4098; baseline -0.006 -1"><span class='ocrx_word' id='word_1_367' title='bbox 1984 4040 2191 4098; x_wconf 80' lang='lat' dir='ltr'><strong>CAPUT</strong></span> <span class='ocrx_word' id='word_1_368' title='bbox 2227 4040 2339 4096; x_wconf 87' lang='lat' dir='ltr'><strong>Vll.</strong></span> 
     </span>
    </p>
   </div>
   <div class='ocr_carea' id='block_1_70' title="bbox 2227 3745 3518 3823">
    <p class='ocr_par' dir='ltr' id='par_1_70' title="bbox 2227 3745 3518 3823">
     <span class='ocr_line' id='line_1_70' title="bbox 2227 3745 3518 3823; baseline -0.007 -14"><span class='ocrx_word' id='word_1_369' title='bbox 2227 3754 2523 3809; x_wconf 88' lang='lat' dir='ltr'><strong>Persultat:</strong></span> <span class='ocrx_word' id='word_1_370' title='bbox 2552 3751 2733 3807; x_wconf 89' lang='lat' dir='ltr'><strong>rabies</strong></span> <span class='ocrx_word' id='word_1_371' title='bbox 2761 3766 2925 3823; x_wconf 86' lang='lat' dir='ltr'><strong>quem</strong></span> <span class='ocrx_word' id='word_1_372' title='bbox 2965 3752 3280 3805; x_wconf 84' lang='lat' dir='ltr'><strong>consectata</strong></span> <span class='ocrx_word' id='word_1_373' title='bbox 3304 3745 3518 3802; x_wconf 87' lang='lat' dir='ltr'><strong>cruenti</strong></span> 
     </span>
    </p>
   </div>
   <div class='ocr_carea' id='block_1_71' title="bbox 2226 3840 3637 3918">
    <p class='ocr_par' dir='ltr' id='par_1_71' title="bbox 2226 3840 3637 3918">
     <span class='ocr_line' id='line_1_71' title="bbox 2226 3840 3637 3918; baseline -0.007 -14"><span class='ocrx_word' id='word_1_374' title='bbox 2226 3848 2526 3915; x_wconf 85' lang='lat' dir='ltr'><strong>Carniﬁcis,</strong></span> <span class='ocrx_word' id='word_1_375' title='bbox 2554 3845 2717 3918; x_wconf 87' lang='lat' dir='ltr'><strong>rapit,</strong></span> <span class='ocrx_word' id='word_1_376' title='bbox 2754 3843 3011 3899; x_wconf 61' lang='lat' dir='ltr'><strong>aethereis</strong></span> <span class='ocrx_word' id='word_1_377' title='bbox 3039 3843 3222 3917; x_wconf 89' lang='lat' dir='ltr'><strong>gladio</strong></span> <span class='ocrx_word' id='word_1_378' title='bbox 3262 3841 3424 3916; x_wconf 81' lang='lat' dir='ltr'><strong>erigit</strong></span> <span class='ocrx_word' id='word_1_379' title='bbox 3452 3840 3637 3895; x_wconf 85' lang='lat' dir='ltr'><strong>astris.</strong></span> 
     </span>
    </p>
   </div>
   <div class='ocr_carea' id='block_1_72' title="bbox 1838 4142 2497 4205">
    <p class='ocr_par' dir='ltr' id='par_1_72' title="bbox 1838 4142 2497 4205">
     <span class='ocr_line' id='line_1_72' title="bbox 1838 4142 2497 4205; baseline -0.008 0"><span class='ocrx_word' id='word_1_380' title='bbox 1838 4146 1917 4205; x_wconf 84' lang='lat' dir='ltr'><strong>De</strong></span> <span class='ocrx_word' id='word_1_381' title='bbox 1957 4151 2167 4205; x_wconf 78' lang='lat' dir='ltr'><strong>sancta</strong></span> <span class='ocrx_word' id='word_1_382' title='bbox 2208 4142 2497 4205; x_wconf 77' lang='lat' dir='ltr'><strong>Barbara.</strong></span> 
     </span>
    </p>
   </div>
   <div class='ocr_carea' id='block_1_73' title="bbox 502 4282 1812 4355">
    <p class='ocr_par' dir='ltr' id='par_1_73' title="bbox 502 4282 1812 4355">
     <span class='ocr_line' id='line_1_73' title="bbox 502 4282 1812 4355; baseline 0.002 -19"><span class='ocrx_word' id='word_1_383' title='bbox 502 4282 694 4336; x_wconf 90' lang='lat' dir='ltr'><strong>Tuscia</strong></span> <span class='ocrx_word' id='word_1_384' title='bbox 725 4289 854 4338; x_wconf 90' lang='lat' dir='ltr'><strong>tunc</strong></span> <span class='ocrx_word' id='word_1_385' title='bbox 893 4282 1030 4341; x_wconf 79' lang='lat' dir='ltr'><strong>vidit</strong></span> <span class='ocrx_word' id='word_1_386' title='bbox 1057 4290 1274 4341; x_wconf 87' lang='lat' dir='ltr'><strong>certans</strong></span> <span class='ocrx_word' id='word_1_387' title='bbox 1305 4291 1361 4339; x_wconf 92' lang='lat' dir='ltr'><strong>ut</strong></span> <span class='ocrx_word' id='word_1_388' title='bbox 1401 4285 1631 4341; x_wconf 81' lang='lat' dir='ltr'><strong>Barbara</strong></span> <span class='ocrx_word' id='word_1_389' title='bbox 1658 4283 1812 4355; x_wconf 82' lang='lat' dir='ltr'><strong>virgo</strong></span> 
     </span>
    </p>
   </div>
   <div class='ocr_carea' id='block_1_74' title="bbox 510 4371 1857 4445">
    <p class='ocr_par' dir='ltr' id='par_1_74' title="bbox 510 4371 1857 4445">
     <span class='ocr_line' id='line_1_74' title="bbox 510 4371 1857 4445; baseline -0.001 -19"><span class='ocrx_word' id='word_1_390' title='bbox 510 4371 663 4426; x_wconf 89' lang='lat' dir='ltr'><strong>Clara</strong></span> <span class='ocrx_word' id='word_1_391' title='bbox 690 4372 933 4442; x_wconf 74' lang='lat' dir='ltr'><strong>trophrea</strong></span> <span class='ocrx_word' id='word_1_392' title='bbox 973 4372 1113 4437; x_wconf 89' lang='lat' dir='ltr'><strong>tulit,</strong></span> <span class='ocrx_word' id='word_1_393' title='bbox 1143 4373 1361 4445; x_wconf 82' lang='lat' dir='ltr'><strong>genitor</strong></span> <span class='ocrx_word' id='word_1_394' title='bbox 1391 4373 1684 4428; x_wconf 86' lang='lat' dir='ltr'><strong>Dioscorus</strong></span> <span class='ocrx_word' id='word_1_395' title='bbox 1709 4376 1857 4426; x_wconf 87' lang='lat' dir='ltr'><strong>arcta</strong></span> 
     </span>
    </p>
   </div>
   <div class='ocr_carea' id='block_1_75' title="bbox 508 4458 1989 4535">
    <p class='ocr_par' dir='ltr' id='par_1_75' title="bbox 508 4458 1989 4535">
     <span class='ocr_line' id='line_1_75' title="bbox 508 4458 1989 4535; baseline -0.003 -19"><span class='ocrx_word' id='word_1_396' title='bbox 508 4464 676 4526; x_wconf 84' lang='lat' dir='ltr'><strong>Quam</strong></span> <span class='ocrx_word' id='word_1_397' title='bbox 704 4461 927 4535; x_wconf 83' lang='lat' dir='ltr'><strong>longum</strong></span> <span class='ocrx_word' id='word_1_398' title='bbox 951 4462 1247 4518; x_wconf 80' lang='lat' dir='ltr'><strong>obsidione</strong></span> <span class='ocrx_word' id='word_1_399' title='bbox 1270 4471 1451 4518; x_wconf 89' lang='lat' dir='ltr'><strong>terens</strong></span> <span class='ocrx_word' id='word_1_400' title='bbox 1480 4463 1573 4518; x_wconf 88' lang='lat' dir='ltr'><strong>dat</strong></span> <span class='ocrx_word' id='word_1_401' title='bbox 1600 4460 1852 4532; x_wconf 62' lang='lat' dir='ltr'><strong>praesidis</strong></span> <span class='ocrx_word' id='word_1_402' title='bbox 1871 4458 1989 4524; x_wconf 60' lang='lat' dir='ltr'><strong>iras,</strong></span> 
     </span>
    </p>
   </div>
   <div class='ocr_carea' id='block_1_76' title="bbox 510 4556 1750 4631">
    <p class='ocr_par' dir='ltr' id='par_1_76' title="bbox 510 4556 1750 4631">
     <span class='ocr_line' id='line_1_76' title="bbox 510 4556 1750 4631; baseline 0.002 -21"><span class='ocrx_word' id='word_1_403' title='bbox 510 4560 625 4621; x_wconf 89' lang='lat' dir='ltr'><strong>Qua</strong></span> <span class='ocrx_word' id='word_1_404' title='bbox 652 4558 853 4615; x_wconf 87' lang='lat' dir='ltr'><strong>nudata</strong></span> <span class='ocrx_word' id='word_1_405' title='bbox 881 4557 1065 4631; x_wconf 88' lang='lat' dir='ltr'><strong>ﬂagris</strong></span> <span class='ocrx_word' id='word_1_406' title='bbox 1093 4559 1263 4614; x_wconf 89' lang='lat' dir='ltr'><strong>crude</strong></span> <span class='ocrx_word' id='word_1_407' title='bbox 1293 4558 1572 4613; x_wconf 90' lang='lat' dir='ltr'><strong>divellitur</strong></span> <span class='ocrx_word' id='word_1_408' title='bbox 1594 4556 1750 4621; x_wconf 87' lang='lat' dir='ltr'><strong>atris,</strong></span> 
     </span>
    </p>
   </div>
   <div class='ocr_carea' id='block_1_77' title="bbox 510 4644 1951 4719">
    <p class='ocr_par' dir='ltr' id='par_1_77' title="bbox 510 4644 1951 4719">
     <span class='ocr_line' id='line_1_77' title="bbox 510 4644 1951 4719; baseline -0.003 -18"><span class='ocrx_word' id='word_1_409' title='bbox 510 4649 757 4719; x_wconf 88' lang='lat' dir='ltr'><strong>Dumque</strong></span> <span class='ocrx_word' id='word_1_410' title='bbox 784 4655 970 4709; x_wconf 85' lang='lat' dir='ltr'><strong>manet</strong></span> <span class='ocrx_word' id='word_1_411' title='bbox 1007 4648 1221 4702; x_wconf 86' lang='lat' dir='ltr'><strong>stabilis</strong></span> <span class='ocrx_word' id='word_1_412' title='bbox 1250 4662 1448 4701; x_wconf 88' lang='lat' dir='ltr'><strong>nervos</strong></span> <span class='ocrx_word' id='word_1_413' title='bbox 1475 4652 1529 4700; x_wconf 89' lang='lat' dir='ltr'><strong>et</strong></span> <span class='ocrx_word' id='word_1_414' title='bbox 1556 4653 1747 4700; x_wconf 88' lang='lat' dir='ltr'><strong>taurea</strong></span> <span class='ocrx_word' id='word_1_415' title='bbox 1765 4644 1951 4698; x_wconf 81' lang='lat' dir='ltr'><strong>ridens</strong></span> 
     </span>
    </p>
   </div>
   <div class='ocr_carea' id='block_1_78' title="bbox 512 4735 1818 4806">
    <p class='ocr_par' dir='ltr' id='par_1_78' title="bbox 512 4735 1818 4806">
     <span class='ocr_line' id='line_1_78' title="bbox 512 4735 1818 4806; baseline -0.005 -12"><span class='ocrx_word' id='word_1_416' title='bbox 512 4740 547 4794; x_wconf 87' lang='lat' dir='ltr'><strong>F</strong></span> <span class='ocrx_word' id='word_1_417' title='bbox 552 4740 686 4795; x_wconf 91' lang='lat' dir='ltr'><strong>ricta</strong></span> <span class='ocrx_word' id='word_1_418' title='bbox 714 4740 1109 4794; x_wconf 89' lang='lat' dir='ltr'><strong>recrudescunt</strong></span> <span class='ocrx_word' id='word_1_419' title='bbox 1144 4737 1358 4792; x_wconf 88' lang='lat' dir='ltr'><strong>hireina</strong></span> <span class='ocrx_word' id='word_1_420' title='bbox 1394 4736 1625 4791; x_wconf 88' lang='lat' dir='ltr'><strong>vulnera</strong></span> <span class='ocrx_word' id='word_1_421' title='bbox 1655 4735 1818 4806; x_wconf 91' lang='lat' dir='ltr'><strong>palla,</strong></span> 
     </span>
    </p>
   </div>
   <div class='ocr_carea' id='block_1_79' title="bbox 513 4828 1722 4905">
    <p class='ocr_par' dir='ltr' id='par_1_79' title="bbox 513 4828 1722 4905">
     <span class='ocr_line' id='line_1_79' title="bbox 513 4828 1722 4905; baseline -0.005 -16"><span class='ocrx_word' id='word_1_422' title='bbox 513 4834 647 4890; x_wconf 91' lang='lat' dir='ltr'><strong>lnde</strong></span> <span class='ocrx_word' id='word_1_423' title='bbox 679 4840 903 4905; x_wconf 89' lang='lat' dir='ltr'><strong>recepta</strong></span> <span class='ocrx_word' id='word_1_424' title='bbox 931 4840 1087 4888; x_wconf 89' lang='lat' dir='ltr'><strong>antro</strong></span> <span class='ocrx_word' id='word_1_425' title='bbox 1111 4831 1322 4888; x_wconf 78' lang='lat' dir='ltr'><strong>crelesti</strong></span> <span class='ocrx_word' id='word_1_426' title='bbox 1356 4832 1477 4886; x_wconf 90' lang='lat' dir='ltr'><strong>luce</strong></span> <span class='ocrx_word' id='word_1_427' title='bbox 1493 4828 1722 4895; x_wconf 89' lang='lat' dir='ltr'><strong>levatur,</strong></span> 
     </span>
    </p>
   </div>
   <div class='ocr_carea' id='block_1_80' title="bbox 2226 4270 3663 4349">
    <p class='ocr_par' dir='ltr' id='par_1_80' title="bbox 2226 4270 3663 4349">
     <span class='ocr_line' id='line_1_80' title="bbox 2226 4270 3663 4349; baseline -0.007 -15"><span class='ocrx_word' id='word_1_428' title='bbox 2226 4280 2509 4335; x_wconf 88' lang='lat' dir='ltr'><strong>Costarum</strong></span> <span class='ocrx_word' id='word_1_429' title='bbox 2541 4275 2805 4349; x_wconf 88' lang='lat' dir='ltr'><strong>applicita</strong></span> <span class='ocrx_word' id='word_1_430' title='bbox 2834 4274 3146 4334; x_wconf 85' lang='lat' dir='ltr'><strong>ﬂammatur</strong></span> <span class='ocrx_word' id='word_1_431' title='bbox 3170 4270 3422 4344; x_wconf 89' lang='lat' dir='ltr'><strong>lampade</strong></span> <span class='ocrx_word' id='word_1_432' title='bbox 3454 4271 3621 4329; x_wconf 89' lang='lat' dir='ltr'><strong>cratis</strong></span> <span class='ocrx_word' id='word_1_433' title='bbox 3647 4289 3663 4333; x_wconf 72' lang='grc' dir='ltr'>ς</span> 
     </span>
    </p>
   </div>
   <div class='ocr_carea' id='block_1_81' title="bbox 2225 4363 3489 4437">
    <p class='ocr_par' dir='ltr' id='par_1_81' title="bbox 2225 4363 3489 4437">
     <span class='ocr_line' id='line_1_81' title="bbox 2225 4363 3489 4437; baseline -0.005 -14"><span class='ocrx_word' id='word_1_434' title='bbox 2225 4368 2452 4423; x_wconf 81' lang='lat' dir='ltr'><strong>Malleus</strong></span> <span class='ocrx_word' id='word_1_435' title='bbox 2480 4366 2767 4430; x_wconf 86' lang='lat' dir='ltr'><strong>incutitur,</strong></span> <span class='ocrx_word' id='word_1_436' title='bbox 2785 4365 2983 4437; x_wconf 89' lang='lat' dir='ltr'><strong>capitis</strong></span> <span class='ocrx_word' id='word_1_437' title='bbox 3003 4364 3235 4419; x_wconf 85' lang='lat' dir='ltr'><strong>libratus</strong></span> <span class='ocrx_word' id='word_1_438' title='bbox 3259 4363 3313 4418; x_wconf 93' lang='lat' dir='ltr'><strong>in</strong></span> <span class='ocrx_word' id='word_1_439' title='bbox 3333 4379 3489 4427; x_wconf 84' lang='lat' dir='ltr'><strong>arce;</strong></span> 
     </span>
    </p>
   </div>
   <div class='ocr_carea' id='block_1_82' title="bbox 2227 4453 3417 4519">
    <p class='ocr_par' dir='ltr' id='par_1_82' title="bbox 2227 4453 3417 4519">
     <span class='ocr_line' id='line_1_82' title="bbox 2227 4453 3417 4519; baseline -0.006 -5"><span class='ocrx_word' id='word_1_440' title='bbox 2227 4459 2500 4515; x_wconf 65' lang='lat' dir='ltr'><strong>Pmcissae</strong></span> <span class='ocrx_word' id='word_1_441' title='bbox 2530 4459 2653 4515; x_wconf 92' lang='lat' dir='ltr'><strong>diro</strong></span> <span class='ocrx_word' id='word_1_442' title='bbox 2669 4464 2871 4515; x_wconf 67' lang='lat' dir='ltr'><strong>tenerae</strong></span> <span class='ocrx_word' id='word_1_443' title='bbox 2901 4470 3107 4511; x_wconf 60' lang='lat' dir='ltr'><strong>caesura</strong></span> <span class='ocrx_word' id='word_1_444' title='bbox 3138 4453 3417 4519; x_wconf 67' lang='lat' dir='ltr'><strong>mamillae,</strong></span> 
     </span>
    </p>
   </div>
   <div class='ocr_carea' id='block_1_83' title="bbox 2226 4540 3601 4623">
    <p class='ocr_par' dir='ltr' id='par_1_83' title="bbox 2226 4540 3601 4623">
     <span class='ocr_line' id='line_1_83' title="bbox 2226 4540 3601 4623; baseline -0.006 -21"><span class='ocrx_word' id='word_1_445' title='bbox 2226 4550 2487 4623; x_wconf 88' lang='lat' dir='ltr'><strong>Stigmata</strong></span> <span class='ocrx_word' id='word_1_446' title='bbox 2509 4546 2715 4603; x_wconf 91' lang='lat' dir='ltr'><strong>deinde</strong></span> <span class='ocrx_word' id='word_1_447' title='bbox 2742 4545 2922 4600; x_wconf 90' lang='lat' dir='ltr'><strong>crucis</strong></span> <span class='ocrx_word' id='word_1_448' title='bbox 2943 4544 3152 4601; x_wconf 86' lang='lat' dir='ltr'><strong>nudare</strong></span> <span class='ocrx_word' id='word_1_449' title='bbox 3174 4547 3378 4598; x_wconf 89' lang='lat' dir='ltr'><strong>retecta</strong></span> <span class='ocrx_word' id='word_1_450' title='bbox 3405 4540 3601 4611; x_wconf 85' lang='lat' dir='ltr'><strong>plateis</strong></span> 
     </span>
    </p>
   </div>
   <div class='ocr_carea' id='block_1_84' title="bbox 2144 4633 3545 4727">
    <p class='ocr_par' dir='ltr' id='par_1_84' title="bbox 2144 4633 3545 4727">
     <span class='ocr_line' id='line_1_84' title="bbox 2144 4633 3545 4727; baseline -0.008 -32"><span class='ocrx_word' id='word_1_451' title='bbox 2144 4658 2200 4727; x_wconf 74' lang='grc' dir='ltr'><strong>ι)</strong></span> <span class='ocrx_word' id='word_1_452' title='bbox 2229 4640 2469 4706; x_wconf 91' lang='lat' dir='ltr'><strong>Ducitur,</strong></span> <span class='ocrx_word' id='word_1_453' title='bbox 2500 4646 2668 4711; x_wconf 90' lang='lat' dir='ltr'><strong>atque</strong></span> <span class='ocrx_word' id='word_1_454' title='bbox 2689 4637 2785 4694; x_wconf 90' lang='lat' dir='ltr'><strong>diu</strong></span> <span class='ocrx_word' id='word_1_455' title='bbox 2810 4636 3117 4695; x_wconf 87' lang='lat' dir='ltr'><strong>truculenta</strong></span> <span class='ocrx_word' id='word_1_456' title='bbox 3141 4633 3293 4689; x_wconf 67' lang='lat' dir='ltr'><strong>caede</strong></span> <span class='ocrx_word' id='word_1_457' title='bbox 3316 4636 3545 4693; x_wconf 85' lang='lat' dir='ltr'><strong>resecta,</strong></span> 
     </span>
    </p>
   </div>
   <div class='ocr_carea' id='block_1_85' title="bbox 2233 4724 3494 4801">
    <p class='ocr_par' dir='ltr' id='par_1_85' title="bbox 2233 4724 3494 4801">
     <span class='ocr_line' id='line_1_85' title="bbox 2233 4724 3494 4801; baseline -0.01 -13"><span class='ocrx_word' id='word_1_458' title='bbox 2233 4732 2480 4787; x_wconf 85' lang='lat' dir='ltr'><strong>Culmina</strong></span> <span class='ocrx_word' id='word_1_459' title='bbox 2507 4730 2734 4786; x_wconf 88' lang='lat' dir='ltr'><strong>sortitur</strong></span> <span class='ocrx_word' id='word_1_460' title='bbox 2757 4727 2937 4801; x_wconf 88' lang='lat' dir='ltr'><strong>jugali</strong></span> <span class='ocrx_word' id='word_1_461' title='bbox 2966 4724 3224 4782; x_wconf 88' lang='lat' dir='ltr'><strong>mercede</strong></span> <span class='ocrx_word' id='word_1_462' title='bbox 3252 4737 3494 4795; x_wconf 90' lang='lat' dir='ltr'><strong>superna</strong></span> 
     </span>
    </p>
   </div>
   <div class='ocr_carea' id='block_1_86' title="bbox 1996 4926 2379 4983">
    <p class='ocr_par' dir='ltr' id='par_1_86' title="bbox 1996 4926 2379 4983">
     <span class='ocr_line' id='line_1_86' title="bbox 1996 4926 2379 4983; baseline -0.013 -1"><span class='ocrx_word' id='word_1_463' title='bbox 1996 4927 2203 4983; x_wconf 85' lang='lat' dir='ltr'><strong>CAPUT</strong></span> <span class='ocrx_word' id='word_1_464' title='bbox 2244 4926 2379 4981; x_wconf 86' lang='lat' dir='ltr'><strong>Vlll.</strong></span> 
     </span>
    </p>
   </div>
   <div class='ocr_carea' id='block_1_87' title="bbox 1632 5024 2737 5091">
    <p class='ocr_par' dir='ltr' id='par_1_87' title="bbox 1632 5024 2737 5091">
     <span class='ocr_line' id='line_1_87' title="bbox 1632 5024 2737 5091; baseline -0.009 0"><span class='ocrx_word' id='word_1_465' title='bbox 1632 5030 1710 5091; x_wconf 78' lang='lat' dir='ltr'><strong>De</strong></span> <span class='ocrx_word' id='word_1_466' title='bbox 1735 5031 1961 5091; x_wconf 73' lang='lat' dir='ltr'><strong>sanctis</strong></span> <span class='ocrx_word' id='word_1_467' title='bbox 1989 5029 2260 5089; x_wconf 82' lang='lat' dir='ltr'><strong>Secundo</strong></span> <span class='ocrx_word' id='word_1_468' title='bbox 2292 5036 2344 5087; x_wconf 82' lang='lat' dir='ltr'><strong>et</strong></span> <span class='ocrx_word' id='word_1_469' title='bbox 2374 5024 2737 5089; x_wconf 72' lang='lat' dir='ltr'><strong>Alexandro.</strong></span> 
     </span>
    </p>
   </div>
   <div class='ocr_carea' id='block_1_88' title="bbox 2233 5146 3673 5233">
    <p class='ocr_par' dir='ltr' id='par_1_88' title="bbox 2233 5146 3673 5233">
     <span class='ocr_line' id='line_1_88' title="bbox 2233 5146 3673 5233; baseline -0.011 -16"><span class='ocrx_word' id='word_1_470' title='bbox 2233 5161 2568 5232; x_wconf 88' lang='lat' dir='ltr'><strong>Perpetuam</strong></span> <span class='ocrx_word' id='word_1_471' title='bbox 2598 5157 2881 5229; x_wconf 89' lang='lat' dir='ltr'><strong>specimen</strong></span> <span class='ocrx_word' id='word_1_472' title='bbox 2903 5162 3069 5233; x_wconf 77' lang='lat' dir='ltr'><strong>caput</strong></span> <span class='ocrx_word' id='word_1_473' title='bbox 3096 5168 3231 5207; x_wconf 91' lang='lat' dir='ltr'><strong>ense</strong></span> <span class='ocrx_word' id='word_1_474' title='bbox 3255 5149 3465 5206; x_wconf 89' lang='lat' dir='ltr'><strong>recisus</strong></span> <span class='ocrx_word' id='word_1_475' title='bbox 3479 5146 3673 5204; x_wconf 90' lang='lat' dir='ltr'><strong>adivit.</strong></span> 
     </span>
    </p>
   </div>
   <div class='ocr_carea' id='block_1_89' title="bbox 2236 5242 3589 5321">
    <p class='ocr_par' dir='ltr' id='par_1_89' title="bbox 2236 5242 3589 5321">
     <span class='ocr_line' id='line_1_89' title="bbox 2236 5242 3589 5321; baseline -0.01 -14"><span class='ocrx_word' id='word_1_476' title='bbox 2236 5250 2406 5320; x_wconf 87' lang='lat' dir='ltr'><strong>Hujus</strong></span> <span class='ocrx_word' id='word_1_477' title='bbox 2425 5249 2791 5306; x_wconf 88' lang='lat' dir='ltr'><strong>Alexandrum</strong></span> <span class='ocrx_word' id='word_1_478' title='bbox 2824 5244 3057 5321; x_wconf 85' lang='lat' dir='ltr'><strong>legionis</strong></span> <span class='ocrx_word' id='word_1_479' title='bbox 3088 5243 3143 5298; x_wconf 90' lang='lat' dir='ltr'><strong>in</strong></span> <span class='ocrx_word' id='word_1_480' title='bbox 3183 5242 3406 5316; x_wconf 87' lang='lat' dir='ltr'><strong>agmine</strong></span> <span class='ocrx_word' id='word_1_481' title='bbox 3435 5255 3589 5295; x_wconf 86' lang='lat' dir='ltr'><strong>sacra</strong></span> 
     </span>
    </p>
   </div>
   <div class='ocr_carea' id='block_1_90' title="bbox 2234 5336 3568 5407">
    <p class='ocr_par' dir='ltr' id='par_1_90' title="bbox 2234 5336 3568 5407">
     <span class='ocr_line' id='line_1_90' title="bbox 2234 5336 3568 5407; baseline -0.01 -8"><span class='ocrx_word' id='word_1_482' title='bbox 2234 5344 2476 5399; x_wconf 71' lang='lat' dir='ltr'><strong>Sidereze</strong></span> <span class='ocrx_word' id='word_1_483' title='bbox 2508 5341 2760 5396; x_wconf 90' lang='lat' dir='ltr'><strong>audierat</strong></span> <span class='ocrx_word' id='word_1_484' title='bbox 2785 5339 2946 5392; x_wconf 74' lang='lat' dir='ltr'><strong>laetae</strong></span> <span class='ocrx_word' id='word_1_485' title='bbox 2967 5336 3270 5407; x_wconf 89' lang='lat' dir='ltr'><strong>sumpsisse</strong></span> <span class='ocrx_word' id='word_1_486' title='bbox 3301 5340 3568 5404; x_wconf 80' lang='lat' dir='ltr'><strong>tyrannus</strong></span> 
     </span>
    </p>
   </div>
   <div class='ocr_carea' id='block_1_91' title="bbox 2236 5422 3595 5505">
    <p class='ocr_par' dir='ltr' id='par_1_91' title="bbox 2236 5422 3595 5505">
     <span class='ocr_line' id='line_1_91' title="bbox 2236 5422 3595 5505; baseline -0.01 -16"><span class='ocrx_word' id='word_1_487' title='bbox 2236 5433 2453 5489; x_wconf 82' lang='lat' dir='ltr'><strong>Ritibus</strong></span> <span class='ocrx_word' id='word_1_488' title='bbox 2481 5430 2751 5505; x_wconf 89' lang='lat' dir='ltr'><strong>appositis</strong></span> <span class='ocrx_word' id='word_1_489' title='bbox 2782 5429 2915 5499; x_wconf 89' lang='lat' dir='ltr'><strong>petit</strong></span> <span class='ocrx_word' id='word_1_490' title='bbox 2947 5428 3093 5483; x_wconf 90' lang='lat' dir='ltr'><strong>hunc</strong></span> <span class='ocrx_word' id='word_1_491' title='bbox 3123 5426 3297 5481; x_wconf 89' lang='lat' dir='ltr'><strong>libare</strong></span> <span class='ocrx_word' id='word_1_492' title='bbox 3328 5422 3595 5496; x_wconf 80' lang='lat' dir='ltr'><strong>profanis.</strong></span> 
     </span>
    </p>
   </div>
   <div class='ocr_carea' id='block_1_92' title="bbox 2235 5514 3523 5588">
    <p class='ocr_par' dir='ltr' id='par_1_92' title="bbox 2235 5514 3523 5588">
     <span class='ocr_line' id='line_1_92' title="bbox 2235 5514 3523 5588; baseline -0.009 -9"><span class='ocrx_word' id='word_1_493' title='bbox 2235 5526 2285 5579; x_wconf 88' lang='lat' dir='ltr'><strong>ls</strong></span> <span class='ocrx_word' id='word_1_494' title='bbox 2315 5524 2439 5580; x_wconf 81' lang='lat' dir='ltr'><strong>coeli</strong></span> <span class='ocrx_word' id='word_1_495' title='bbox 2469 5539 2712 5580; x_wconf 88' lang='lat' dir='ltr'><strong>convexa</strong></span> <span class='ocrx_word' id='word_1_496' title='bbox 2740 5529 2930 5577; x_wconf 88' lang='lat' dir='ltr'><strong>tuens:</strong></span> <span class='ocrx_word' id='word_1_497' title='bbox 2975 5544 2999 5566; x_wconf 69' lang='grc' dir='ltr'>αι</span> <span class='ocrx_word' id='word_1_498' title='bbox 3043 5518 3171 5573; x_wconf 75' lang='lat' dir='ltr'><strong>Mihi</strong></span> <span class='ocrx_word' id='word_1_499' title='bbox 3203 5515 3379 5588; x_wconf 89' lang='lat' dir='ltr'><strong>gratia</strong></span> <span class='ocrx_word' id='word_1_500' title='bbox 3397 5514 3523 5570; x_wconf 88' lang='lat' dir='ltr'><strong>talis</strong></span> 
     </span>
    </p>
   </div>
   <div class='ocr_carea' id='block_1_93' title="bbox 2233 5607 3489 5685">
    <p class='ocr_par' dir='ltr' id='par_1_93' title="bbox 2233 5607 3489 5685">
     <span class='ocr_line' id='line_1_93' title="bbox 2233 5607 3489 5685; baseline -0.008 -15"><span class='ocrx_word' id='word_1_501' title='bbox 2233 5614 2272 5670; x_wconf 96' lang='grc'>0</span> <span class='ocrx_word' id='word_1_502' title='bbox 2300 5614 2507 5670; x_wconf 90' lang='lat' dir='ltr'><strong>utinam</strong></span> <span class='ocrx_word' id='word_1_503' title='bbox 2539 5618 2889 5685; x_wconf 71' lang='lat' dir='ltr'><strong>praestaretur</strong></span> <span class='ocrx_word' id='word_1_504' title='bbox 2907 5626 3018 5682; x_wconf 91' lang='lat' dir='ltr'><strong>quo</strong></span> <span class='ocrx_word' id='word_1_505' title='bbox 3048 5624 3187 5664; x_wconf 84' lang='lat' dir='ltr'><strong>vana</strong></span> <span class='ocrx_word' id='word_1_506' title='bbox 3212 5607 3489 5679; x_wconf 90' lang='lat' dir='ltr'><strong>repellens</strong></span> 
     </span>
    </p>
   </div>
   <div class='ocr_carea' id='block_1_94' title="bbox 517 5160 1965 5238">
    <p class='ocr_par' dir='ltr' id='par_1_94' title="bbox 517 5160 1965 5238">
     <span class='ocr_line' id='line_1_94' title="bbox 517 5160 1965 5238; baseline -0.007 -13"><span class='ocrx_word' id='word_1_507' title='bbox 517 5170 699 5225; x_wconf 89' lang='lat' dir='ltr'><strong>Castra</strong></span> <span class='ocrx_word' id='word_1_508' title='bbox 722 5167 883 5223; x_wconf 89' lang='lat' dir='ltr'><strong>etiam</strong></span> <span class='ocrx_word' id='word_1_509' title='bbox 909 5164 1313 5233; x_wconf 88' lang='lat' dir='ltr'><strong>scrutabantur,</strong></span> <span class='ocrx_word' id='word_1_510' title='bbox 1345 5180 1456 5238; x_wconf 90' lang='lat' dir='ltr'><strong>quo</strong></span> <span class='ocrx_word' id='word_1_511' title='bbox 1486 5163 1531 5219; x_wconf 92' lang='lat' dir='ltr'><strong>si</strong></span> <span class='ocrx_word' id='word_1_512' title='bbox 1561 5163 1687 5236; x_wconf 91' lang='lat' dir='ltr'><strong>quis</strong></span> <span class='ocrx_word' id='word_1_513' title='bbox 1712 5163 1767 5217; x_wconf 92' lang='lat' dir='ltr'><strong>in</strong></span> <span class='ocrx_word' id='word_1_514' title='bbox 1797 5160 1965 5216; x_wconf 90' lang='lat' dir='ltr'><strong>armis</strong></span> 
     </span>
    </p>
   </div>
   <div class='ocr_carea' id='block_1_95' title="bbox 517 5251 2024 5330">
    <p class='ocr_par' dir='ltr' id='par_1_95' title="bbox 517 5251 2024 5330">
     <span class='ocr_line' id='line_1_95' title="bbox 517 5251 2024 5330; baseline -0.008 -15"><span class='ocrx_word' id='word_1_515' title='bbox 517 5258 842 5315; x_wconf 80' lang='lat' dir='ltr'><strong>Christicola</strong></span> <span class='ocrx_word' id='word_1_516' title='bbox 862 5258 1142 5325; x_wconf 91' lang='lat' dir='ltr'><strong>inventus,</strong></span> <span class='ocrx_word' id='word_1_517' title='bbox 1171 5273 1373 5313; x_wconf 90' lang='lat' dir='ltr'><strong>nomen</strong></span> <span class='ocrx_word' id='word_1_518' title='bbox 1405 5256 1695 5330; x_wconf 85' lang='lat' dir='ltr'><strong>legemque</strong></span> <span class='ocrx_word' id='word_1_519' title='bbox 1724 5251 2024 5324; x_wconf 82' lang='lat' dir='ltr'><strong>professus,</strong></span> 
     </span>
    </p>
   </div>
   <div class='ocr_carea' id='block_1_96' title="bbox 515 5340 2004 5413">
    <p class='ocr_par' dir='ltr' id='par_1_96' title="bbox 515 5340 2004 5413">
     <span class='ocr_line' id='line_1_96' title="bbox 515 5340 2004 5413; baseline -0.007 -11"><span class='ocrx_word' id='word_1_520' title='bbox 515 5350 620 5404; x_wconf 80' lang='lat' dir='ltr'><strong>Aut</strong></span> <span class='ocrx_word' id='word_1_521' title='bbox 658 5362 793 5402; x_wconf 90' lang='lat' dir='ltr'><strong>nece</strong></span> <span class='ocrx_word' id='word_1_522' title='bbox 824 5344 1152 5413; x_wconf 62' lang='lat' dir='ltr'><strong>Caesareum,</strong></span> <span class='ocrx_word' id='word_1_523' title='bbox 1186 5355 1280 5402; x_wconf 87' lang='lat' dir='ltr'><strong>aut</strong></span> <span class='ocrx_word' id='word_1_524' title='bbox 1303 5344 1530 5401; x_wconf 87' lang='lat' dir='ltr'><strong>satiaret</strong></span> <span class='ocrx_word' id='word_1_525' title='bbox 1552 5343 1712 5398; x_wconf 89' lang='lat' dir='ltr'><strong>thure</strong></span> <span class='ocrx_word' id='word_1_526' title='bbox 1738 5340 2004 5394; x_wconf 86' lang='lat' dir='ltr'><strong>furorem.</strong></span> 
     </span>
    </p>
   </div>
   <div class='ocr_carea' id='block_1_97' title="bbox 517 5434 1926 5514">
    <p class='ocr_par' dir='ltr' id='par_1_97' title="bbox 517 5434 1926 5514">
     <span class='ocr_line' id='line_1_97' title="bbox 517 5434 1926 5514; baseline -0.008 -16"><span class='ocrx_word' id='word_1_527' title='bbox 517 5441 848 5514; x_wconf 87' lang='lat' dir='ltr'><strong>Lapsacidas</strong></span> <span class='ocrx_word' id='word_1_528' title='bbox 869 5441 1014 5495; x_wconf 90' lang='lat' dir='ltr'><strong>inter</strong></span> <span class='ocrx_word' id='word_1_529' title='bbox 1040 5458 1298 5510; x_wconf 90' lang='lat' dir='ltr'><strong>proceres</strong></span> <span class='ocrx_word' id='word_1_530' title='bbox 1323 5449 1453 5497; x_wconf 90' lang='lat' dir='ltr'><strong>tunc</strong></span> <span class='ocrx_word' id='word_1_531' title='bbox 1472 5438 1610 5494; x_wconf 90' lang='lat' dir='ltr'><strong>forte</strong></span> <span class='ocrx_word' id='word_1_532' title='bbox 1638 5434 1926 5491; x_wconf 88' lang='lat' dir='ltr'><strong>Secundus</strong></span> 
     </span>
    </p>
   </div>
   <div class='ocr_carea' id='block_1_98' title="bbox 518 5528 1865 5607">
    <p class='ocr_par' dir='ltr' id='par_1_98' title="bbox 518 5528 1865 5607">
     <span class='ocr_line' id='line_1_98' title="bbox 518 5528 1865 5607; baseline -0.006 -19"><span class='ocrx_word' id='word_1_533' title='bbox 518 5532 753 5589; x_wconf 88' lang='lat' dir='ltr'><strong>Nomine</strong></span> <span class='ocrx_word' id='word_1_534' title='bbox 783 5533 1112 5603; x_wconf 89' lang='lat' dir='ltr'><strong>deprensus,</strong></span> <span class='ocrx_word' id='word_1_535' title='bbox 1142 5534 1368 5607; x_wconf 90' lang='lat' dir='ltr'><strong>reliquis</strong></span> <span class='ocrx_word' id='word_1_536' title='bbox 1395 5533 1595 5587; x_wconf 90' lang='lat' dir='ltr'><strong>virtute</strong></span> <span class='ocrx_word' id='word_1_537' title='bbox 1624 5528 1865 5600; x_wconf 89' lang='lat' dir='ltr'><strong>priorem</strong></span> 
     </span>
    </p>
   </div>
   <div class='ocr_carea' id='block_1_99' title="bbox 521 5617 1986 5699">
    <p class='ocr_par' dir='ltr' id='par_1_99' title="bbox 521 5617 1986 5699">
     <span class='ocr_line' id='line_1_99' title="bbox 521 5617 1986 5699; baseline -0.007 -19"><span class='ocrx_word' id='word_1_538' title='bbox 521 5621 773 5680; x_wconf 66' lang='lat' dir='ltr'><strong>Caelestis</strong></span> <span class='ocrx_word' id='word_1_539' title='bbox 789 5639 953 5695; x_wconf 85' lang='lat' dir='ltr'><strong>quem</strong></span> <span class='ocrx_word' id='word_1_540' title='bbox 985 5622 1114 5679; x_wconf 86' lang='lat' dir='ltr'><strong>fecit</strong></span> <span class='ocrx_word' id='word_1_541' title='bbox 1138 5642 1300 5699; x_wconf 89' lang='lat' dir='ltr'><strong>agon,</strong></span> <span class='ocrx_word' id='word_1_542' title='bbox 1332 5631 1457 5698; x_wconf 90' lang='lat' dir='ltr'><strong>post</strong></span> <span class='ocrx_word' id='word_1_543' title='bbox 1479 5621 1678 5687; x_wconf 90' lang='lat' dir='ltr'><strong>vincla,</strong></span> <span class='ocrx_word' id='word_1_544' title='bbox 1709 5617 1986 5680; x_wconf 89' lang='lat' dir='ltr'><strong>tenebras,</strong></span> 
     </span>
    </p>
   </div>
  </div>
