3972 6208
146 305 254 362 πῃ
763 301 844 356 DE
885 302 1146 356 CIIIIIS'I‘I
1188 302 1552 358 TRIUMPHIS
1593 275 1765 359 APUD
1807 305 2070 361 ITAIJAM
2114 307 2286 362 LIBRI
2332 307 2458 362 XlV.
2509 339 2555 347 —
2612 309 2735 365 LIB.
2781 309 2912 366 VIII,
3396 318 3501 373 738

151 427 427 482 Sensibus
456 428 555 482 ista
584 426 692 479 tuis
712 432 766 479 et
792 425 1183 479 verterecorda
1206 425 1444 479 valerem
1481 424 1493 478 l
1805 437 1849 499 Α
1883 428 1996 482 Mox
2028 429 2179 482 furor
2211 430 2356 482 hunc
2391 428 2650 484 frendens
2683 434 2858 486 ultore
2891 433 2982 486 dat
3008 451 3144 488 ense
3168 434 3316 490 feriri
3358 455 3370 500 ;

155 529 216 577 .-\t
247 535 407 576 tueor
432 521 734 592 putridum,
768 521 929 575 video
959 521 1264 575 insanabile
1296 522 1513 575 vulnus.
1882 521 1993 575 Stat
2017 521 2260 590 trepidus
2301 521 2444 575 ferro
2469 531 2664 576 nutans
2695 524 2963 579 titubante
2987 527 3209 580 satelles
3241 547 3253 590 ;

154 615 504 684 llle_quoquc
537 612 630 683 qui
659 625 888 665 cunctas
915 620 1069 665 vocat
1094 611 1161 665 ad
1184 628 1282 665 sua
1312 628 1538 665 munera
1565 619 1777 684 gentes.
1884 615 2050 674 Quem
2088 612 2234 664 ferus
2267 612 2600 682 increpitans
2623 614 2794 682 judex
2826 617 3110 671 succendit
3143 619 3374 673 inertem

155 702 419 756 Consiliis
456 709 510 755 at
541 716 701 772 parce
734 700 884 765 feris,
906 702 1229 771 Satanzeque
1270 716 1465 753 suasus
1893 724 1916 752 (ι
1951 703 2203 772 Hujus(at
2225 703 2364 772 ipse)
2392 714 2554 774 caput
2576 722 2670 776 pro
2692 724 2781 760 me
2815 723 3216 782 monsmagnus
3248 710 3494 771 habetur,

158 796 368 867 Linque
391 802 512 850 tuos
539 801 593 849 et
627 810 804 867 pange
837 795 1009 848 malos
1035 810 1158 864 quae
1191 794 1432 866 gesseris
1465 801 1639 858 actus,
1888 791 2039 844 Unde
2063 799 2267 845 tremor
2298 794 2581 857 membris,
2617 796 2808 850 horror
2832 797 2963 850 mihi
2997 799 3255 852 sensibus
3283 810 3487 853 actus.»

160 887 560 956 Viventemque
593 885 762 938 Deum
795 883 889 954 qui
919 883 1168 938 condidit
1190 883 1376 937 omnia
1401 897 1586 936 nosce.
1620 903 1637 929 ι
1888 878 1980 932 Ille
2001 879 2138 933 alios
2159 879 2401 944 adhlbel.
2440 881 2624 951 Plures
2648 883 2757 937 (Sict
2789 884 2949 938 unius
2978 901 3071 939 ora

161 975 339 1029 Motus
367 974 437 1028 ad
470 974 574 1028 ista
605 972 750 1028 obici
784 971 1139 1041 (liesarjubet
1161 986 1311 1025 arma
1343 971 1565 1042 neganti
1885 969 1982 1033 Qui
2015 978 2265 1024 resecent
2298 989 2312 1034 ;
2356 980 2613 1042 properat
2629 984 2852 1044 martyr,
2881 976 3191 1048 gaudetque
3224 977 3423 1031 resolvi

162 1067 514 1136 lnvitumque
545 1065 718 1118 sacris
751 1074 1080 1134 raptumque
1113 1062 1362 1116 litaminc
1397 1062 1539 1133 cogi.
1885 1057 2368 1129 Procumbensque
2396 1076 2543 1132 genu
2579 1061 2790 1114 telluris
2811 1062 2879 1115 ad
2912 1063 3017 1116 ima
3048 1065 3284 1128 volutus,

162 1158 260 1210 lllc
290 1156 400 1210 lide
432 1156 621 1220 frctus,
657 1153 864 1208 colubri
891 1161 1163 1223 pnecepta
1193 1151 1459 1216 refutans,
1885 1147 2195 1203 Mucronem
2227 1151 2362 1220 petit
2391 1167 2454 1204 ac
2486 1167 2656 1220 prona
2685 1154 2897 1207 cervice
2912 1156 3150 1224 capessit

163 1245 662 1302 Confundittorvos
692 1244 908 1300 interno
937 1243 1136 1299 robore
1167 1244 1366 1304 vultus,
1885 1236 1989 1290 Sed
2012 1253 2174 1307 prece
2212 1239 2496 1308 praemissa
2527 1249 2846 1311 mactusque
2877 1242 3122 1298 iitardua
3153 1253 3340 1300 castra.

165 1341 407 1394 Mensam
438 1339 589 1395 calce
613 1345 827 1410 petens,
859 1337 1037 1411 glebis
1055 1337 1407 1408 superaddita
1449 1335 1704 1390 miscens.

1674 1463 1881 1520 CAPUT
1931 1465 1993 1520 IX

1501 1601 1575 1660 De
1615 1611 1820 1660 sancto
1873 1601 2187 1660 Theodoro.

166 1745 491 1799 Theodorus
517 1744 716 1799 validis
744 1748 910 1797 staret
938 1757 1061 1794 cum
1095 1741 1254 1794 miles
1285 1741 1337 1794 in
1369 1741 1557 1804 armis,
1822 1744 1869 1810 Β
1895 1740 2124 1793 Judiciis
2151 1747 2506 1804 restauratus,
2537 1741 2688 1794 trabe
2722 1743 2931 1796 tollitur
2957 1744 3097 1797 altus

168 1837 438 1891 Strenuus
465 1837 762 1890 altithrono
796 1833 1073 1904 pendebat
1100 1833 1287 1886 munia
1313 1831 1544 1886 Christo.
1901 1831 2184 1904 Unguibus
2213 1833 2452 1898 excisus,
2486 1833 2741 1904 ferroque
2775 1835 3015 1890 insectus
3047 1836 3111 1890 ad
3145 1854 3290 1902 ossa,

173 1931 413 1985 Crimine
439 1945 549 2002 quo
571 1929 913 2000 raptuscelsa
943 1929 1008 1982 ad
1044 1927 1293 1998 praetoria
1323 1925 1490 1980 fertur
1899 1920 2178 1974 Costarum
2211 1929 2415 1975 cratem
2449 1921 2683 1976 lacerata
2713 1939 2878 1977 carne
2923 1927 3167 1979 renudat.

171 2019 303 2074 Jura
331 2019 425 2072 Dei
458 2019 658 2082 fassus,
687 2015 938 2071 differtur
963 2022 1177 2070 vertere
1203 2029 1402 2068 sensus
1431 2030 1444 2074 ;
1899 2011 2031 2063 Inde
2073 2026 2202 2083 roge
2228 2010 2353 2064 data
2390 2011 2653 2065 victorem
2693 2016 2966 2069 sententia
2994 2017 3196 2086 prodit,

173 2111 543 2166 lrrevocanda
573 2118 768 2164 tenens
797 2118 1005 2163 aeterno
1041 2115 1263 2177 pectora
1293 2121 1444 2168 vero,
1899 2102 1996 2166 Qui
2025 2102 2221 2156 vexilla
2251 2103 2433 2156 crucis
2464 2104 2684 2173 rapiens
2717 2114 2900 2176 partos
2932 2108 3264 2183 petitignes,

171 2201 396 2255 Sistitur
421 2199 722 2254 Eneadum
751 2197 1066 2252 censendus
1105 2195 1352 2269 regmiue
1382 2195 1563 2268 legum
1602 2213 1615 2259 ;
1902 2196 2330 2267 Cleonicumque
2363 2198 2520 2268 sequi
2544 2198 2774 2273 vestigia
2817 2201 2979 2256 fortia
3010 2205 3300 2258 mandans.

174 2293 406 2366 Agnitus
428 2291 676 2356 infrenis,
709 2290 1001 2345 cohibetur
1031 2287 1268 2342 carceris
1298 2287 1481 2341 antris.
1897 2287 2327 2359 Glorilicansque
2362 2289 2553 2355 Deum,
2595 2291 2795 2346 mentis
2835 2293 2948 2348 litat
2989 2296 3209 2369 ignibus
3237 2298 3438 2370 ignem.

175 2385 323 2439 Ostia
354 2384 664 2458 signantur,
692 2383 788 2436 sed
821 2397 930 2435 non
963 2379 1229 2434 solamina
1261 2379 1385 2433 diva
1899 2380 2108 2435 Funera
2148 2381 2344 2434 devote
2379 2379 2608 2436 Eusebia
2637 2390 2922 2457 satagente
2952 2387 3224 2441 coluntur.

178 2479 449 2530 Arcentur
464 2475 714 2529 claustris
736 2475 972 2527 relevate
995 2491 1010 2535 ;
1037 2472 1248 2526 visibus
1274 2470 1396 2525 altis

1703 2566 1906 2621 CAPUT
1943 2567 2004 2621 X.

1190 2694 1266 2753 De
1291 2695 1517 2753 sanctis
1560 2693 1806 2761 Victore,
1837 2693 2028 2752 Felice
2054 2702 2231 2770 atque
2259 2693 2507 2754 Nabore.

182 2829 367 2884 Victor
405 2828 608 2882 canitie
639 2826 882 2898 fideique
913 2827 1114 2881 decore
1150 2827 1380 2890 nitebat,
1914 2826 2124 2880 Ctesare
2153 2827 2470 2897 compulsus
2501 2827 2640 2882 fanis
2673 2829 2995 2900 impendere
3026 2833 3316 2902 honorem,
3369 2893 3372 2896 ,

185 2917 469 2992 Sanguine
500 2917 593 2987 qui
624 2914 862 2979 Maurus,
892 2915 1194 2987 primisque
1219 2913 1397 2969 fidelis
1425 2915 1494 2968 ab
1537 2930 1717 2982 annis,
1915 2915 2098 2970 Victor
2129 2917 2550 2988 perduransque
2567 2917 2687 2988 pius
2718 2916 2834 2973 fera
2863 2920 3060 2976 robora
3083 2924 3250 2980 vincit
3281 2943 3294 2979 :

185 3005 463 3059 Caesareas
489 3003 659 3057 animi
692 3002 981 3056 decorabat
1014 3003 1226 3057 honore
1270 3001 1589 3074 phalanges.
1912 3006 2208 3080 Lignorum
2244 3008 2401 3063 tritus
2432 3009 2680 3082 longum,
2715 3010 3052 3084 ignarusque
3092 3015 3344 3072 dolorum
3373 3037 3386 3081 ;

189 3097 386 3154 Felicis
413 3097 588 3168 patria
617 3097 752 3152 civis
781 3096 1028 3167 civisque
1057 3095 1308 3163 Naboris,
1909 3099 2181 3171 Stansque
2207 3115 2406 3170 expers
2434 3101 2599 3173 ignis,
2633 3101 2844 3172 plumbi
2875 3104 3131 3174 perfusus
3161 3108 3229 3162 ab
3252 3111 3439 3178 undis,

190 3189 366 3246 Africa
388 3205 529 3261 quos
545 3205 717 3244 caesos
741 3188 861 3243 urbi
895 3190 985 3242 dat
1008 3188 1351 3253 Mediolanm,
1909 3190 2136 3264 Augusti
2175 3189 2392 3264 gladios
2415 3193 2495 3246 sic
2536 3200 2659 3262 post
2692 3201 2964 3252 tormenta
2996 3199 3314 3271 triumphat.

1702 3322 1908 3378 CAPUT
1948 3324 2033 3378 XI.

1228 3454 1306 3513 De
1328 3455 1552 3514 uinctis
1580 3454 1958 3530 Carpophoro
1989 3462 2040 3511 et
2069 3451 2476 3513 Abundantt'o.

263 3593 586 3648 Maturitatis
617 3593 722 3647 hoc
752 3592 934 3647 calore
966 3592 1204 3662 cepiam,
1837 3595 1887 3664 ί]
1912 3593 2223 3662 Semenque
2263 3592 2414 3645 verbi
2446 3593 2498 3645 in
2529 3610 2655 3647 arva
2685 3606 3274 3668 sparguntpectorum.

194 3684 580 3754 Carpophorus
600 3689 759 3736 aucto
785 3682 1015 3752 percipit
1043 3682 1417 3748 Abundantio,
1916 3682 2258 3754 Rursumque
2291 3682 2456 3737 tentis
2485 3699 2582 3737 ora
2620 3699 2818 3737 saxc'us
2842 3685 2992 3758 rigor

193 3775 479 3845 Spoletum
513 3787 691 3844 agone
731 3773 825 3842 qui
847 3779 1137 3826 venustant
1165 3773 1360 3844 gloria,
1915 3776 2135 3843 Tundit,
2179 3777 2430 3831 levantur
2453 3777 2584 3832 hinc
2609 3777 2785 3830 eculei
2815 3779 3057 3833 culmine
3089 3801 3102 3844 ;

197 3861 352 3917 Prior
389 3861 648 3915 sacerdos
667 3875 730 3914 ac
760 3859 1013 3914 minister
1031 3860 1377 3932 subsequens
1921 3866 2215 3937 Fortesque
2243 3865 2363 3920 diro
2394 3866 2521 3918 dum
2545 3865 2846 3935 probantur
2870 3867 3110 3919 tormine

203 3956 309 4010 Pro
354 3955 516 4008 laude
547 3953 746 4008 Christi
780 3969 902 4008 nam
934 3955 1142 4008 subacti
1165 3954 1402 4008 fustibus
1929 3958 2125 4012 Iterum
2160 3956 2404 4011 tenebris
2425 3957 2754 4030 ingeruntur
2775 3955 3037 4010 horridis.

201 4045 465 4104 Primum.
499 4043 628 4096 inde
657 4050 796 4098 tetro
819 4043 1207 4113 mancipantur
1233 4043 1461 4106 carceri,
1925 4051 2089 4115 Qucis
2123 4050 2402 4114 macerati,
2427 4065 2489 4103 ac
2518 4048 2802 4119 praeparati
2837 4047 3045 4100 laureis

201 4138 370 4193 Potus
391 4145 592 4211 negato
623 4137 829 4191 vclcibi
853 4134 1141 4191 solamine.
1927 4141 2165 4195 Tandem
2188 4155 2321 4194 ense
2349 4138 2474 4192 cmsi
2506 4137 2654 4190 celsa
2683 4136 2953 4189 scandunt
2980 4135 3186 4192 sidera.

205 4229 439 4282 Ductore
479 4233 532 4280 at
561 4225 693 4280 inde
720 4226 1076 4298 proferuntur
1106 4227 1309 4295 ccelite,

1701 4331 1910 4389 CAPUT
1957 4331 2069 4387 XII.

1415 4463 1490 4522 De
1515 4472 1720 4521 sancto
1753 4463 2036 4540 Gregorio
2068 4471 2353 4538 martyre.

278 4592 432 4648 Tunc
457 4598 512 4646 et
535 4590 833 4647 beatussic
858 4593 1076 4667 subegit
1104 4594 1392 4666 presbyter
1765 4619 1774 4625 -
1864 4603 1915 4668 l)
1940 4598 2055 4663 Qua
2086 4603 2240 4668 parte
2258 4595 2408 4665 lapsa
2448 4592 2684 4648 civitatis
2703 4593 2963 4649 occidunt

209 4684 417 4758 Anguis
442 4683 680 4739 furorem
715 4683 867 4738 lividi
897 4685 1212 4757 Gregorius.
1939 4694 2119 4762 Super
2144 4697 2420 4745 trecentos
2448 4703 2602 4743 sacra
2628 4688 2824 4743 dantes
2853 4685 3115 4742 delubris.

211 4776 306 4830 Cui
327 4776 552 4831 Flaccus
584 4776 803 4847 (inquit)
834 4793 848 4830 :
879 4803 900 4821 κ
932 4776 1006 4830 Tu
1035 4777 1255 4832 rebellis
1283 4779 1615 4849 principum,
1935 4781 2099 4836 Ferro
2130 4779 2262 4834 hinc
2299 4785 2532 4834 onustus
2572 4787 2738 4849 atque
2772 4784 2962 4847 scptus
2990 4791 3230 4840 carcere,

209 4864 469 4934 Temptor
488 4879 766 4918 sacrorum
794 4871 923 4919 tunc
955 4873 1126 4920 restas
1150 4866 1439 4922 numinum
1471 4867 1499 4920 ?
1529 4889 1550 4917 η
1938 4871 2168 4925 Levatur
2197 4881 2331 4924 usus
2356 4870 2551 4924 coelico
2580 4868 2868 4924 solamine.

212 4957 274 5010 At
304 4955 396 5008 ille
431 4971 444 5007 :
475 4975 504 5004 οι
534 4955 703 5009 Nosse
731 4956 775 5009 si
817 4954 955 5010 velis
984 4958 1350 5011 constantiam
1934 4961 2122 5014 Genua
2155 4959 2283 5013 inde
2312 4958 2534 5013 carduis
2561 4965 2867 5012 atteruntur
2901 4956 3116 5021 ferreis,

213 5047 309 5111 Qui
345 5063 432 5099 me
463 5046 667 5101 creavit
697 5063 726 5101 e
758 5048 870 5102 luto
903 5049 1069 5102 Deum
1107 5064 1288 5103 meum
1938 5048 2206 5118 Latasque
2248 5053 2541 5115 utrumque
2574 5045 2792 5099 ﬂamma
2813 5053 2978 5101 torret
3007 5045 3336 5115 lampadum,

215 5134 290 5187 Ab
323 5134 616 5189 inchoante
648 5150 758 5190 non
791 5135 1044 5207 relinquo
1077 5137 1329 5203 infantia,
1353 5159 1377 5188 υ
1939 5141 2156 5194 Dicente
2187 5147 2379 5192 sancto
2409 5145 2545 5191 teste
2565 5153 2710 5191 saevo
2735 5137 2912 5204 judici
2949 5156 2961 5191 :

214 5223 306 5278 Sic
334 5240 696 5294 perseverans
729 5226 784 5280 in
809 5225 1264 5282 ﬁdefortissimus
1943 5259 1965 5279 ιε
1995 5233 2049 5286 Si
2079 5230 2266 5302 perdis
2296 5245 2460 5284 omne
2491 5243 2709 5298 corpus,
2746 5231 2892 5284 haud
2918 5248 3003 5284 me
3028 5230 3243 5284 deseret

217 5314 594 5370 Dilancinatur
624 5317 786 5372 dorsa
816 5319 978 5372 tritus
1010 5318 1267 5384 fustibus,
1943 5321 2206 5376 Mediator
2243 5319 2418 5373 almus
2438 5316 2532 5389 qui
2561 5317 2805 5390 benigne
2832 5318 3103 5388 perfovet,

219 5401 497 5474 Nodisque
528 5405 671 5458 versi
694 5413 888 5460 venter
916 5414 1070 5461 actus
1097 5408 1318 5461 vellitur
1359 5424 1374 5473 ;
1942 5411 2123 5469 Sanat.
2152 5409 2411 5462 reformat
2450 5414 2632 5461 nostra
2663 5403 2908 5460 Christus
2938 5406 3170 5460 viscera.

219 5491 354 5546 Dein
389 5494 590 5568 ligatus
621 5505 770 5550 crate
812 5497 1021 5566 palmas
1048 5514 1111 5552 ac
1137 5498 1326 5566 pedes,
1941 5503 2070 5556 Tum
2111 5511 2314 5557 tractus
2346 5501 2707 5572 amphiteatra
2738 5501 2946 5575 spargit
2975 5501 3265 5574 sanguine,

219 5588 466 5642 Arctatur
493 5589 638 5660 ignis
674 5591 864 5644 subter
894 5598 1054 5646 aucto
1080 5591 1298 5661 pabulo.
1940 5592 2247 5659 Sectusquc
2288 5590 2429 5643 colla
2459 5588 2664 5663 gaudet
2695 5589 2804 5645 alto
2835 5589 3097 5645 culmine.

222 5675 284 5730 At
312 5691 433 5732 mox
467 5678 571 5732 soli
589 5685 777 5733 coacta
801 5678 1016 5733 divellit
1047 5685 1253 5732 tremor
1942 5681 2080 5734 Diris
2109 5680 2416 5734 vorandum
2443 5696 2647 5748 corpus
2675 5681 2957 5750 obiectum
2978 5680 3106 5736 feris
