3972 6208
511 303 618 357 739
1212 292 1578 348 FLODOARDI
1620 288 1924 344 CANONICI
1968 285 2300 340 REMENSIS
2340 284 2676 340 OPUSCULA
2717 285 3023 341 METRICA.

513 435 897 490 lntaminatum
929 438 982 484 et
1011 428 1176 482 dente
1207 433 1260 481 et
1281 441 1463 497 ungue
1492 431 1798 494 permanet.

514 522 767 591 llespocit
794 519 921 572 inde
950 517 1153 590 pignus
1180 515 1382 567 almum
1414 511 1618 565 femina

511 613 715 668 Pietate
747 611 963 666 fervens
991 607 1245 678 martyris
1269 603 1638 660 Abundantia.

2148 424 2200 490 Α
2226 416 2399 470 Gratis
2426 415 2523 470 sed
2549 415 2803 471 obtinere
2835 415 2982 487 quod
3012 415 3340 486 nequiverat

2226 510 2469 584 Triginta
2489 510 2736 582 quinque
2768 510 2936 565 sumit
2961 509 3148 564 aureis
3179 509 3323 564 datis

2229 601 2444 657 Honore
2483 601 2729 657 condens
2747 616 2858 672 quo
2878 601 3114 656 decebat
3133 607 3447 672 martyrem.

1968 709 2176 765 CAPUT
2222 710 2365 766 Xlll.

1505 816 1580 874 De
1611 822 1813 874 sancto
1842 813 2067 872 Sabino
2097 811 2362 889 episcopo
2393 822 2445 872 et
2479 814 2660 873 sociis
2690 815 2838 891 ejus.

2221 929 2400 999 Super
2423 937 2708 1000 coaptans,
2738 930 2982 985 ﬂammat
3002 929 3301 986 exstinctas
3331 929 3504 995 faces,

2220 1019 2476 1075 Oratione
2494 1021 2640 1077 clara
2671 1022 2908 1077 fundens
2927 1023 3160 1078 lumina.

2219 1115 2429 1171 Virtute
2454 1117 2570 1172 visa
2591 1118 2797 1172 subditi
2825 1117 3092 1174 custodire

2218 1204 2297 1258 Pii
2328 1206 2536 1262 datoris
2556 1214 2877 1279 competunt
2903 1208 3159 1281 vestigia,

2215 1295 2336 1352 Mox
2366 1297 2517 1353 fonte
2555 1299 2648 1355 loti
2680 1307 3074 1356 consecrantur
3096 1298 3356 1356 undecim
3391 1317 3402 1352 :

2217 1392 2348 1457 Quae
2385 1395 2635 1450 nuntiata
2667 1397 2796 1450 dum
2817 1402 3108 1466 patescunt
3136 1394 3382 1466 praesidi,

2221 1482 2504 1556 Languore
2537 1483 2747 1554 lippum
2777 1500 2940 1556 quem
2955 1483 3270 1556 coquebant
3284 1482 3516 1546 lumina,

2225 1577 2286 1631 Ut
2326 1595 2428 1633 nec
2457 1579 2632 1646 cibus,
2665 1595 2768 1634 nec
2794 1596 3022 1634 somnus
3052 1579 3182 1634 huic
3206 1577 3518 1650 captabilis,

2224 1671 2642 1746 Mittitjugalem
2675 1688 2797 1726 cum
2823 1672 3042 1726 duobus
3079 1671 3266 1726 liberis

2225 1764 2464 1818 Poscens
2504 1764 2770 1819 Sabinum
2799 1765 3014 1832 adesse,
3041 1765 3233 1820 venire
3264 1781 3294 1818 e
3326 1779 3569 1830 carcere,

2223 1856 2511 1927 Pedesque
2542 1857 2644 1911 visi
2669 1874 2792 1912 cum
2825 1857 3015 1912 dolore
3041 1866 3093 1912 et
3122 1857 3377 1928 lacrymis

2222 1949 2363 2004 Petit
2391 1950 2573 2017 recisi,
2597 1951 2780 2007 dando
2813 1951 3218 2022 paenitudinem
3253 1970 3268 2017 ;

2224 2038 2482 2094 Lamenta
2511 2042 2711 2109 conqu
2740 2047 2926 2116 auget,
2950 2049 3116 2112 atque
3138 2040 3234 2094 filii

2220 2127 2383 2183 Sacro
2415 2128 2586 2184 dicari
2607 2146 2666 2184 se
2700 2136 2954 2200 petentes
2983 2129 3223 2204 gurgite,

2219 2219 2488 2274 lntinctus
2516 2220 2664 2274 unda
2689 2219 2846 2291 pelve
2877 2227 2935 2276 ut
2974 2220 3086 2275 exit
3115 2219 3384 2274 candidus

2218 2304 2447 2371 PPEBSGS,
2481 2306 2727 2363 dolorem
2761 2308 2908 2362 haud
2950 2308 3121 2364 sentit
3151 2307 3322 2362 ullum
3364 2306 3660 2361 luminum.

2217 2400 2628 2458 Annuntiantur
2659 2405 2773 2458 hinc
2803 2411 3014 2474 patrata
3047 2402 3264 2467 Caesari,

2218 2488 2319 2554 Qui
2344 2498 2534 2561 raptus
2566 2492 2644 2546 ira
2670 2491 2808 2546 dans
2828 2491 3093 2546 Sabinum
3128 2489 3372 2558 tormini,

2219 2582 2613 2639 Venustianum
2640 2586 2822 2656 capite
2852 2585 3019 2657 plecti
3048 2586 3336 2657 praecipit;

2219 2671 2388 2734 Quem
2417 2689 2540 2728 cum
2558 2673 2733 2747 jugali
2762 2689 2826 2729 ac
2857 2674 3048 2728 liberis
3079 2673 3184 2728 fert
3202 2673 3399 2728 Lucius

2219 2758 2387 2816 Letho
2415 2761 2696 2830 tribunus,
2728 2777 2832 2817 nec
2857 2769 3104 2834 rogatum
3123 2761 3333 2830 judice,

2217 2851 2499 2924 Spoletum
2524 2854 2579 2908 in
2609 2854 2805 2912 urbem
2837 2854 2930 2926 qui
2953 2854 3217 2910 Sabinum
3243 2854 3510 2926 dirigens,

2219 2941 2389 2996 Caedit
2415 2943 2635 2998 beatum
2666 2943 2797 2998 dum
2830 2943 2923 2998 dat
2953 2943 3116 2998 astris
3144 2942 3398 3014 spiritum
3429 2960 3443 3008 ;

2217 3030 2443 3086 Glebam
2474 3032 2676 3087 Serena
2703 3048 2826 3104 qum
2858 3047 3055 3087 manus
3071 3040 3313 3087 aromate
3349 3042 3359 3051 ‘

2217 3123 2546 3180 Condiverat
2574 3125 2864 3198 complexa
2888 3125 3012 3181 vitri
3046 3125 3197 3180 dolio

2133 3281 2184 3350 C
2219 3217 2372 3273 Domi
2403 3226 2692 3288 receptans
2719 3217 2924 3273 mcenia
2949 3232 3110 3272 secus
3124 3216 3376 3274 collocat.

1973 3400 2186 3460 CAPUT
2221 3404 2353 3461 XIV.

1644 3501 1725 3562 De
1750 3505 1977 3564 sanctis
2003 3504 2197 3565 Felice
2225 3513 2279 3565 et
2310 3506 2662 3569 Fortunato.

567 3622 678 3680 lloc
697 3621 911 3679 fervore
941 3621 1345 3693 triumphantes
1368 3618 1623 3691 Aquileia
1639 3618 1776 3674 vidit
2214 3621 2484 3694 Unguinis
2499 3628 2829 3693 exsuperant
2859 3622 3017 3696 ignes
3038 3621 3302 3678 ferventis
3329 3621 3460 3677 olivi
3493 3641 3509 3687 ;

497 3715 730 3771 Felicem
761 3731 824 3770 ac
854 3715 1234 3780 Fortunatum,
1266 3727 1415 3779 caro,
1439 3708 1828 3784 gratiafratres
2214 3712 2527 3769 Perstantes
2558 3714 2612 3768 in
2643 3715 2805 3770 laude
2834 3714 3008 3770 Patris
3032 3715 3154 3770 sine
3185 3714 3356 3768 limite
3389 3712 3579 3780 fortes,

493 3813 640 3876 Quos
668 3810 842 3878 dedit,
865 3817 919 3864 at
942 3808 1141 3864 Christi
1171 3807 1317 3862 ferro
1349 3804 1626 3878 praeconia
1644 3803 1788 3858 necti

495 3906 857 3961 Prodiderant
884 3924 900 3967 ;
936 3903 1142 3974 quique
1168 3899 1386 3955 Enﬁmii
1413 3897 1803 3969 suntpraasidis
1829 3897 1933 3952 acti

492 3995 604 4050 liuc
635 3993 847 4059 rostris,
879 3991 972 4046 ubi
1005 3991 1138 4045 dant
1168 3987 1369 4043 (.hristi
1409 3986 1706 4042 fortissima
1737 3984 1916 4040 laudis

493 4088 728 4142 Robora.
757 4085 871 4150 Qua
902 4089 1095 4155 pectus
1130 4080 1314 4137 furiali
1332 4079 1538 4150 judicis
1567 4078 1649 4132 ira

489 4178 804 4250 Oppletum,
838 4175 950 4230 tela
982 4175 1039 4228 in
1071 4180 1239 4229 testes
1270 4172 1516 4228 crudelia
1546 4177 1788 4242 torquet,

490 4271 757 4342 Applicat,
789 4267 1167 4340 appenditque
1191 4264 1324 4320 feris
1346 4263 1682 4320 cruciatibus
1701 4268 1902 4329 arctos,

487 4365 667 4419 Mente
697 4363 920 4435 quidem
945 4359 1077 4416 celsi
1109 4359 1374 4415 tolluntur
1395 4359 1605 4414 honore
1636 4363 1890 4420 catastae;

489 4455 856 4526 Lampadibus
886 4454 1027 4508 latus
1053 4451 1318 4523 appositis
1344 4449 1632 4505 urentibus
1652 4447 1868 4512 ardent,

489 4549 617 4614 Quae
649 4555 834 4602 tamen
865 4546 1136 4601 almorum
1157 4543 1348 4599 divino
1377 4543 1619 4598 carmine
1655 4539 1898 4615 frigent;

489 4643 725 4697 Vincunt
757 4641 886 4715 igne
916 4639 1086 4695 animi
1120 4636 1404 4712 ﬂagrantis
1430 4634 1715 4706 lampadas
1741 4633 1887 4708 ignis
1919 4649 1934 4698 ;

485 4730 710 4786 Viscera
739 4728 970 4801 perfusi,
1003 4726 1334 4797 ardentique
1368 4723 1585 4795 liquore
1616 4723 1925 4788 madentes,

486 4819 756 4875 Flammas
783 4816 1116 4874 interimunt.
1131 4813 1373 4886 hymnis,
1414 4812 1650 4884 oleoque
1677 4810 1905 4882 superni

1965 4910 2177 4968 CAPUT
2227 4910 2333 4966 XV.

1878 5019 1966 5084 De
2003 5031 2216 5084 sancta
2257 5021 2425 5099 Afra.

2207 5136 2378 5201 Quam
2394 5151 2551 5192 sacer
2568 5151 2866 5211 aggressus
2895 5136 3112 5209 laqueis
3133 5136 3325 5193 eduxit
3353 5136 3573 5205 Averni,

2204 5229 2591 5301 Subversaque
2624 5230 2768 5300 lupae
2796 5244 2961 5284 cavea
2992 5227 3192 5284 Christi
3213 5229 3390 5284 edidit
3415 5231 3618 5296 aulam,

2203 5321 2314 5376 Nec
2338 5321 2509 5377 solam
2526 5321 2714 5376 evellit
2744 5339 2758 5388 ;
2787 5321 3004 5375 famulae
3034 5321 3366 5376 comitantur
3394 5322 3607 5389 amicae,

505 939 827 1010 Triumphat
856 938 960 992 hoc
976 936 1212 990 Sabinus
1232 940 1368 988 aestu
1390 931 1658 1004 pontifex,

507 1028 606 1092 Qui
636 1026 948 1096 disciplinis
978 1023 1180 1079 nobilis
1205 1021 1546 1085 caelestibus,

506 1121 682 1176 Sensu
715 1120 860 1190 pius,
888 1132 1145 1172 sermone
1167 1113 1620 1178 facundissimus,

506 1212 838 1267 Venustiano
858 1216 1041 1263 tentus
1071 1207 1255 1261 adstat
1283 1203 1505 1275 praesidi

502 1302 719 1356 Junctis
743 1315 909 1354 sacrae
939 1296 1188 1351 Marcello
1216 1303 1270 1350 et
1298 1293 1684 1364 Exuperantio,

505 1399 620 1452 Arae
643 1393 925 1458 ministris,
950 1391 1316 1462 pluribusque
1345 1387 1577 1444 clericis.

506 1488 600 1541 Cui
637 1501 841 1558 praeses
871 1482 1027 1538 obdit
1058 1495 1283 1534 aureum
1307 1477 1708 1543 Jovemﬁsuum.

505 1579 580 1633 Ad
613 1575 1036 1649 supplicandum
1071 1582 1223 1626 veste
1255 1570 1399 1626 fulva
1429 1569 1720 1642 fulgidum.

507 1673 616 1728 Hoc
646 1672 734 1726 ille
756 1676 976 1740 sumpto
1006 1675 1131 1722 vota
1158 1667 1370 1721 Christo
1392 1663 1602 1735 dirigit,

506 1767 727 1836 Deoque
760 1764 885 1817 trito
916 1761 1079 1816 dorsa
1111 1767 1267 1813 terra!
1287 1758 1549 1829 percutit,

507 1854 566 1908 Et
593 1851 988 1908 comminutum
1019 1848 1258 1902 dissilire
1279 1845 1499 1918 projicit
1536 1862 1548 1898 :

504 1939 872 1995 Venustianus
905 1939 1032 1992 hinc
1063 1938 1246 1991 furore
1276 1935 1540 2001 fervidus,

504 2031 694 2086 Manus
723 2029 918 2084 recidit
949 2026 1249 2099 proterenti
1278 2026 1524 2084 numina.

503 2119 741 2175 Comites
769 2125 988 2174 castam
1015 2114 1380 2172 lancinandos
1418 2112 1726 2185 applicans,

501 2212 646 2277 Quos
676 2210 794 2265 dire
818 2208 1035 2264 acerbis
1049 2213 1354 2262 maceratos
1384 2205 1618 2260 fustibus

499 2303 668 2358 Saevis
695 2302 935 2357 secando
965 2301 1140 2355 sulcat
1168 2296 1628 2371 atroxjanguibus
1663 2315 1676 2361 ;

500 2395 626 2451 Post
653 2395 781 2469 igne
799 2395 923 2450 tosti
955 2392 1274 2450 confitendo
1302 2390 1533 2464 gloriam

501 2486 694 2542 Christi
728 2487 946 2541 beatum
976 2485 1032 2540 in
1064 2494 1206 2540 astra
1236 2483 1424 2556 legant
1461 2480 1742 2552 spiritum,

499 2581 820 2652 Danturque
848 2579 1087 2651 lymphis
1118 2577 1367 2633 membra
1395 2591 1577 2630 mersa
1605 2573 1810 2648 gurgiti

498 2669 730 2734 Quidam
757 2669 1064 2723 vividarum
1097 2673 1419 2738 persecutor
1448 2664 1722 2739 gentium,

497 2761 698 2818 Juncto
726 2761 1032 2827 sacerdote,
1063 2761 1207 2814 alma
1236 2758 1380 2814 tollit
1402 2773 1658 2820 munera,

498 2849 765 2922 Yiamque
785 2851 939 2919 juxta
967 2850 1108 2903 lecta
1138 2849 1207 2902 ab
1237 2848 1402 2903 undis
1423 2847 1674 2902 collocat.

498 2939 700 2993 Praesul
728 2937 968 2992 Sabinus
992 2937 1200 2992 carceri
1230 2936 1560 3002 detruditur,

500 3030 703 3086 Devota
730 3029 896 3084 servit
933 3027 1022 3084 cui
1045 3028 1273 3097 Serena,
1314 3027 1523 3082 lumine

497 3119 726 3190 Captum
756 3125 1015 3190 nepotem
1050 3116 1386 3172 Priscianum
1418 3131 1540 3188 quae
1570 3115 1767 3172 dolens

498 3210 754 3266 Perducit
783 3210 902 3278 ejus
924 3209 1323 3264 sublevandum
1349 3209 1611 3283 tegmine.

493 3303 558 3359 At
587 3309 805 3369 trunca,
836 3299 1055 3358 clausos
1084 3299 1288 3372 praesul
1317 3298 1483 3355 orbes
1509 3296 1736 3354 brachia

2212 3892 2446 3948 Verticis
2474 3911 2504 3948 e
2535 3895 2704 3950 multa
2727 3895 2952 3968 capiunt
2981 3895 3225 3951 ccelestia
3243 3911 3432 3970 regna,

2215 3984 2276 4039 Et
2307 3983 2449 4042 ferro
2471 3987 2711 4058 expliciti
2740 3987 2982 4043 subeunt
3020 3987 3238 4061 fastigia
3267 3987 3414 4044 coeli.

2209 4079 2376 4136 Nocte
2405 4081 2481 4152 pii
2513 4082 2730 4137 sublata
2756 4082 2860 4138 viri
2881 4099 3036 4140 sacra
3065 4084 3314 4139 membra
3346 4091 3659 4155 receptant.

2210 4172 2522 4246 Aulteisque
2560 4174 2809 4246 obnupta
2826 4176 3006 4244 novis,
3039 4183 3094 4232 et
3115 4184 3360 4232 aromate
3387 4177 3659 4234 condunt.

2208 4263 2446 4338 Pignora
2472 4266 2637 4322 chara
2666 4267 2872 4324 referre
2899 4269 3048 4324 viros
3076 4269 3324 4324 Vicentia
3353 4269 3559 4336 mittit;

2206 4353 2430 4410 Nisibus
2455 4362 2510 4410 at
2535 4357 2734 4428 emptis
2757 4356 2983 4413 obstans
3011 4358 3263 4430 Aquileia
3284 4359 3479 4423 sancti,

2205 4441 2450 4499 Tandem
2480 4445 2684 4520 agitata
2711 4446 2820 4518 piis
2848 4445 3064 4517 scpitur
3089 4462 3277 4520 pugna
3303 4445 3546 4517 querelis

2209 4537 2372 4591 Pacto
2397 4535 2521 4603 jure
2549 4541 2713 4604 caput
2741 4535 2970 4606 capiens
2997 4534 3258 4606 Aquileia
3282 4535 3480 4603 sancti,

2206 4624 2422 4691 Felicis,
2456 4623 2736 4678 Fortunati
2756 4624 2919 4680 simul
2942 4639 3067 4679 ossa
3083 4631 3351 4695 capessat,

2206 4718 2436 4776 Pectora
2460 4716 2655 4774 Felicis
2681 4724 2850 4790 caput
2876 4724 2932 4774 et
2952 4717 3202 4774 Vicentia
3228 4717 3434 4774 fratris.

546 5144 800 5202 Traditur
828 5145 932 5200 hac
960 5141 1114 5198 rabie
1145 5155 1440 5214 procerum
1485 5153 1748 5212 perpessa
1786 5136 2029 5193 furorem

479 5234 605 5290 Afra
634 5234 731 5289 Dei
753 5231 972 5300 cultrix,
1005 5229 1304 5302 Zabulique
1335 5236 1525 5300 erepta
1551 5226 1780 5298 rapinis,

478 5326 706 5399 Hospite
727 5325 976 5381 Narcisso
1006 5323 1222 5379 sublata
1251 5321 1500 5375 libidinis
1521 5327 1697 5385 antro,

478 5417 703 5472 Lumine
733 5415 944 5472 caelesti
972 5411 1330 5487 squaloribus
1351 5419 1509 5466 eruta
1533 5411 1700 5477 caeni,

472 5509 618 5566 Solis
644 5509 724 5565 uti
758 5507 931 5563 radiis
960 5507 1198 5563 sordens
1227 5503 1380 5578 uligo
1413 5503 1555 5572 (187)
1584 5501 1804 5557 fatiscit.
2201 5499 2374 5572 Digna
2399 5499 2484 5554 vel
2517 5497 2806 5566 Eumeuia,
2823 5504 3126 5569 spretoque
3168 5501 3471 5572 Euprepria
3493 5502 3646 5568 luxu,

544 5663 687 5729 (187)
715 5659 920 5715 Humor
943 5666 1125 5714 terra},

2214 3801 2414 3856 Urbem
2443 3812 2593 3857 extra
2622 3803 2772 3858 ducti
2804 3802 3031 3859 ﬂuvium
3063 3819 3224 3858 secus
3244 3801 3396 3858 urbis
3423 3802 3738 3870 alumnum,

2201 5410 2493 5482 Quamque
2522 5410 2901 5483 sequebantur
2923 5408 3106 5476 furiis,
3142 5412 3348 5482 pietate
3373 5420 3716 5484 sequuntur:

3779 284 3875 338 ἨΟ
