3972 6208
222 309 319 364 741

222 442 503 513 Lampade
543 446 841 496 nocturnas
870 439 997 493 diva
1026 448 1319 509 superante
1351 440 1638 507 tenebras;

226 539 342 603 Qua
370 538 638 592 lustrante
661 535 826 591 etiam
853 544 1029 589 mater
1060 550 1117 588 se
1146 534 1301 605 prole
1333 536 1580 590 trahente

227 631 431 686 Hilaria
465 630 669 685 ascitur
698 629 903 683 cultum
928 626 1181 683 confessa
1213 627 1455 698 profante

224 722 498 796 Cypridis,
533 721 806 776 addictam
836 720 922 775 cui
956 718 1057 773 fert
1086 719 1399 774 contamina
1429 726 1669 792 gnatam.

229 815 389 871 Unde
419 829 649 889 gemens
682 812 873 876 hostis,
907 812 1260 882 przedamque
1290 813 1543 868 amittere
1588 828 1848 879 mmrens,

227 905 436 960 Tristes
461 902 710 957 induitur
729 901 932 964 vultus,
960 901 1244 973 aegerrima
1276 901 1493 971 praefert

230 995 356 1055 Ora,
393 994 617 1065 nigrans
635 993 1009 1063 elephantinze
1041 992 1235 1046 scaber
1256 992 1439 1047 ulcere
1480 994 1672 1064 pestis,

232 1082 468 1153 Vimque
492 1082 602 1152 pati
632 1081 903 1152 queritur,
938 1080 1147 1151 proprii
1171 1080 1464 1151 dispendia
1481 1082 1621 1150 juris

233 1172 612 1245 lngeminans,
642 1188 743 1227 nec
765 1187 925 1243 posse
956 1171 1074 1225 dari
1106 1188 1205 1225 sua
1236 1173 1457 1227 vascula
1480 1172 1713 1238 Christo,

235 1260 463 1334 Cogitur
489 1269 544 1315 at
575 1260 769 1315 nolens
794 1260 1004 1325 Iesum,
1031 1260 1433 1332 adstrictusque
1466 1261 1643 1327 fateri,

238 1350 341 1403 Pro
382 1348 538 1403 noxis
562 1348 849 1403 Dominum
875 1354 1229 1418 peccatorum
1257 1348 1450 1404 ultimo
1470 1366 1713 1420 passum,

236 1439 453 1509 Accipit
476 1455 634 1511 aqua
664 1440 821 1509 sequi
849 1454 1065 1493 servum
1090 1454 1346 1511 possessa
1369 1449 1648 1510 petentem

236 1528 480 1592 Tutoris,
514 1528 739 1599 prepria
769 1528 1101 1599 Dominique
1132 1531 1579 1599 reposcerejura,

239 1620 345 1685 Qui
376 1620 552 1674 furem
585 1620 823 1693 subigat.
855 1620 1071 1689 captiva
1101 1620 1304 1675 talenta
1328 1628 1589 1691 reportet.

242 1715 339 1768 His
368 1714 460 1769 ille
492 1729 812 1786 oppressus,
847 1703 1094 1785 bellique
1124 1724 1314 1770 tenore
1336 1716 1626 1781 subactus,

242 1809 323 1864 Ad
352 1817 575 1864 versuta
605 1809 788 1880 precis
816 1808 1063 1874 fraudem
1096 1810 1389 1882 detorquet
1421 1812 1634 1881 agonis,

246 1905 415 1960 Posse
444 1903 649 1959 referre
678 1912 873 1974 potens
893 1906 1135 1960 animam
1165 1905 1249 1959 vel
1280 1906 1489 1961 retibus
1518 1923 1717 1962 unam:

246 1995 515 2051 Attollunt
538 1995 821 2067 praemissa
852 1996 1119 2062 animum,
1152 1997 1400 2052 solantur
1422 2014 1683 2071 egenum.

248 2087 484 2143 Roboris
514 2087 693 2142 elatus
718 2088 829 2155 jam
848 2104 1001 2159 spem
1035 2090 1309 2145 consumit
1336 2091 1580 2160 inanem,

246 2179 410 2235 Furta
440 2178 708 2251 dolosque
737 2196 893 2235 sacer
914 2181 1131 2234 calcans
1154 2180 1287 2255 ligat
1308 2197 1404 2237 ore
1433 2183 1697 2238 latronem

242 2266 527 2321 Jurantem
549 2268 795 2339 prOprio,
824 2269 1066 2339 praedam
1090 2285 1213 2323 mox
1231 2278 1620 2327 enecatactam

245 2358 310 2413 Ni
331 2359 547 2416 Christo
572 2368 861 2432 penetrare
890 2361 1054 2417 imam
1082 2362 1349 2431 jubeatur
1382 2363 1659 2435 abyssum.

245 2455 475 2512 Munera
504 2457 801 2514 constricto
840 2458 1039 2529 praesul
1070 2458 1304 2530 depacta
1335 2460 1624 2535 resignans

822 304 903 357 DE
942 302 1193 357 CHRISTI
1234 302 1596 358 TRIUMPHIS
1637 304 1808 360 APUD
1850 304 2110 359 ITALIAM
2154 304 2329 358 LIBRI
2372 304 2501 359 XIV.
2543 334 2613 344 —-
2655 304 2777 359 LIB.
2821 305 2954 360 VIII.

3455 311 3562 365 742

1870 452 1920 519 Α
1951 440 2283 496 Lethiferum
2313 441 2445 495 lethi
2476 440 2641 497 tradit
2669 440 2772 496 sub
2795 442 2918 510 jura
2938 443 3252 512 colubrum,

1950 524 2341 581 Colluctantem
2374 543 2581 602 angore
2610 528 2757 595 terit,
2800 528 3007 586 fontem
3039 534 3188 604 capit
3217 534 3384 609 angui

1952 617 2128 687 Ipsius
2158 616 2211 671 in
2241 618 2465 671 charum
2494 618 2656 673 vertit
2676 620 2784 673 tela
2807 620 2979 675 hostis
2993 622 3231 677 amicum
3262 642 3276 678 :

1953 708 2218 763 Sordibus
2251 711 2569 765 emaculans
2597 719 2811 783 captata
2842 714 3068 769 monilia
3089 724 3283 791 purgat

1952 798 2312 855 Sanctificans
2341 802 2553 858 animas
2582 804 2673 874 pia
2693 813 2815 876 post
2833 806 3049 876 jejunia
3077 808 3214 865 lotas

1952 894 2206 951 Hilariam
2236 898 2611 972 genitamque,
2634 901 3071 975 ancillantesque
3103 905 3336 975 puellas,

1950 984 2140 1041 Plures
2165 995 2429 1058 praeterea
2451 988 2647 1043 afﬁnes
2672 992 2981 1063 charosque
3012 994 3256 1061 sodales,

1957 1076 2196 1132 Ecclesia
2220 1079 2533 1145 instruitur,
2566 1083 2772 1153 templo
2790 1100 2946 1139 sacer
2971 1086 3109 1141 ordo
3137 1087 3368 1151 dicatur,

1960 1164 2249 1236 Presbyter
2277 1175 2331 1222 et
2352 1168 2615 1240 Zosymus
2639 1181 2882 1227 sacratur
2906 1175 3209 1229 avunculus
3237 1177 3396 1242 Afrae,

1962 1253 2352 1328 Dispositoque
2392 1267 2552 1329 pater
2580 1261 2729 1316 clero
2762 1262 2970 1332 petisse
2993 1264 3305 1319 Gerundam

1963 1346 2175 1415 Fertur,
2202 1348 2297 1403 ubi
2329 1358 2536 1424 martyr
2556 1354 2748 1422 juncto
2780 1355 2961 1411 Felice
2979 1357 3296 1428 triumphat.

1964 1437 2095 1492 Afra
2118 1440 2277 1497 beata
2306 1445 2412 1514 piis
2445 1462 2641 1515 pravas
2667 1448 2861 1521 largita
2891 1465 3185 1505 crumenas

1967 1527 2335 1601 Pauperibus,
2366 1551 2561 1592 secura
2590 1541 2772 1594 crucis
2795 1549 3036 1595 sectatur
3064 1542 3333 1597 honorem
3370 1560 3384 1607 ;

1965 1615 2130 1687 Capta
2161 1629 2347 1677 manet
2374 1623 2574 1693 fortis;
2611 1644 2713 1684 nec
2739 1630 3073 1700 desperatio,
3109 1647 3213 1685 nec
3249 1632 3331 1686 vis

1967 1704 2113 1763 Hanc
2136 1726 2167 1763 a
2190 1728 2289 1782 spe
2316 1731 2595 1773 removere
2627 1720 2831 1786 valent,
2851 1720 2938 1774 vel
2970 1720 3133 1775 laude
3165 1737 3408 1791 superna

1890 1774 1936 1839 Β
1958 1794 2134 1861 Mente
2175 1808 2311 1878 petit
2333 1824 2505 1879 prona
2532 1774 2830 1878 tormenta,
2844 1812 3193 1882 amplectitur
3224 1774 3400 1885 ignes.

1967 1898 2224 1964 Exsultat,
2256 1908 2552 1973 gratesque
2582 1902 2700 1957 litat
2727 1902 3061 1959 circumdata
3094 1905 3351 1975 ﬂammis,

1972 1994 2153 2049 Hostia
2182 1995 2304 2050 viva
2334 1995 2445 2050 Deo
2476 1995 2631 2061 nitet,
2659 1995 2949 2067 hostiaque
2967 1996 3185 2069 ignibus
3214 1999 3325 2054 exit
3356 2017 3370 2065 ;

1971 2088 2160 2144 Hostia
2188 2088 2266 2154 fit,
2296 2104 2397 2144 nec
2426 2096 2579 2145 tanta
2609 2088 2746 2144 focis
2774 2098 3004 2164 purgata
3034 2091 3341 2161 probantur

1973 2178 2211 2233 Membra
2245 2188 2499 2250 ;recepta
2539 2194 2671 2251 rogo
2704 2185 2878 2233 mater
2908 2178 3241 2251 famulasque
3271 2180 3447 2235 beatae

1973 2268 2094 2323 Ilzec
2124 2268 2332 2324 tumulo
2349 2268 2478 2322 dum
2503 2275 2658 2340 rapta
2678 2267 2861 2323 locant
2890 2269 3136 2341 ipsaeque
3167 2278 3450 2325 merentur

1972 2362 2265 2417 Emeritam
2297 2360 2791 2433 splendoresequi,
2824 2363 3138 2433 coelumque
3160 2378 3259 2433 per
3288 2363 3449 2437 ignes

1973 2451 2237 2529 [egressae
2268 2449 2498 2508 Domino
2526 2448 2771 2520 perfecta
2796 2450 3118 2505 holocausta
3146 2448 3419 2504 feruntur.

1728 2588 1943 2645 CAPUT
1984 2588 2115 2645 XVI.

1604 2699 1683 2759 De
1724 2710 1930 2762 sancto
1974 2700 2159 2760 Euseb
2169 2700 2246 2758 io.

257 2827 547 2894 Eusebius,
583 2834 707 2899 post
729 2828 1041 2886 Marcellum
1067 2832 1160 2901 jus
1189 2832 1393 2905 excipit
1423 2834 1628 2890 almum

256 2917 416 2972 Urbis
436 2918 679 2973 Romulae
712 2936 724 2973 :
756 2918 954 2975 (.hristi
983 2922 1072 2992 pia
1096 2937 1250 2977 sacra
1272 2931 1595 2992 venustans,

253 3006 429 3061 Diruit
457 3006 545 3061 hic
574 3008 879 3079 pressitque
910 3010 1170 3078 hmreses,
1203 3019 1257 3067 et
1286 3013 1352 3067 ad
1385 3029 1541 3085 aequa
1570 3014 1785 3088 redegit

256 3101 429 3157 Prava
457 3118 557 3173 per
585 3102 841 3174 obliquos
859 3106 1095 3161 errantia
1120 3107 1288 3161 corda
1318 3106 1607 3164 Meandros
1643 3127 1655 3163 :

254 3193 455 3266 Sicque
484 3196 663 3251 nitens
684 3197 894 3252 meritis
923 3196 1270 3255 consortibus
1299 3199 1522 3254 additur
1545 3200 1722 3254 almis.

1974 2836 2103 2891 Esse
2134 2835 2261 2906 piis,
2302 2840 2513 2889 terrore
2539 2832 2693 2888 ferox
2725 2839 2953 2904 apparet
2984 2833 3193 2905 iniquis
3225 2853 3242 2899 ;

1974 2925 2269 2980 Perversos
2291 2923 2489 2998 retegit
2523 2941 2536 2988 ;
2572 2922 2727 2978 festis
2752 2924 2964 2993 jejunia
2992 2925 3157 2979 solvit
3183 2943 3197 2989 ;

1976 3014 2275 3069 Ecclesiam
2298 3014 2518 3070 socians
2544 3020 2760 3068 sacrato
2802 3030 3032 3069 munere
3063 3015 3222 3083 ditat,

1974 3108 2085 3164 Nec
2114 3108 2323 3179 patitur
2354 3108 2557 3174 scindi,
2586 3108 2783 3163 Christi
2817 3109 2920 3163 sub
2949 3111 3321 3184 amoreligari

1976 3203 2205 3257 Enitens
2235 3204 2438 3258 mentis
2463 3219 2586 3275 quae
2616 3212 2740 3273 post
2756 3213 3117 3260 monumenta
3145 3205 3331 3260 tidelis

259 3287 367 3342 Nec
388 3302 542 3344 mora
558 3288 885 3344 Melchiades
913 3291 1185 3361 sequitur,
1210 3292 1506 3363 decorique
1538 3292 1803 3363 probatur
1896 3270 1946 3339 Ο
1976 3294 2184 3351 Emicat
2214 3270 2497 3351 emeritus
2517 3270 2730 3350 coal-esti
2760 3295 2895 3351 sede
2936 3303 3214 3367 receptus,

1726 3418 1938 3475 CAPUT
1976 3420 2133 3475 XVII.

1579 3528 1657 3586 De
1696 3537 1901 3589 sancto
1951 3528 2276 3590 Timotheo.

264 3670 423 3724 Patre
451 3669 554 3724 sub
596 3671 702 3726 hoc
731 3670 955 3726 Romam
988 3670 1217 3725 veniens
1243 3670 1381 3726 urbe
1405 3671 1746 3727 Antiochena

264 3768 604 3835 Timotheus,
629 3768 901 3823 Christum
964 3785 1060 3839 per
1109 3770 1349 3840 compita
1390 3786 1489 3840 per
1518 3770 1633 3826 fora
1673 3771 1881 3845 pangit,

267 3863 503 3933 Dapsilis
529 3864 675 3917 hunc
702 3864 924 3932 juvenis
953 3872 1154 3918 sancta}
1188 3865 1407 3935 pietatis
1432 3874 1642 3919 amator

266 3953 552 4017 Silvester,
581 3953 811 4023 cupiens
838 3954 1068 4008 attolere
1102 3954 1359 4008 laudibus
1388 3955 1564 4021 ardet,

269 4040 508 4095 Plurima
526 4042 619 4113 qui
653 4050 941 4113 postquam
968 4042 1295 4113 populorum
1326 4044 1494 4097 corda
1522 4044 1792 4099 sacrando

270 4133 542 4189 Continuo
566 4134 814 4189 hicanno
847 4134 1142 4200 Christum,
1174 4142 1227 4189 et
1256 4136 1565 4207 quadrante
1596 4136 1812 4204 fatetur,

270 4224 477 4279 Tentus
507 4224 667 4278 laude
697 4224 874 4279 crucis
898 4223 1154 4294 praefecto
1172 4224 1402 4278 traditur
1428 4224 1601 4289 urbis,

276 4315 609 4370 Verberibus
637 4322 843 4381 sectus,
873 4316 1039 4388 longo
1067 4316 1323 4386 squalore
1355 4325 1563 4369 catenae

273 4409 474 4475 Tritus,
507 4424 571 4462 ac
590 4408 826 4463 invictus
847 4408 1106 4462 mulctam
1140 4415 1222 4461 ter
1244 4407 1432 4478 judice
1463 4424 1709 4473 sumens,

278 4498 460 4553 Fortia
486 4497 777 4567 suppliciis
806 4497 1055 4551 solidans
1076 4506 1160 4550 ter
1182 4504 1401 4566 pectora
1428 4498 1607 4558 saevis,

280 4589 453 4645 Morte
469 4603 713 4660 sequens
738 4588 1027 4642 Dominum
1050 4587 1207 4641 saevis
1237 4588 1289 4641 in
1319 4587 1513 4643 funere
1545 4590 1793 4657 mixtum,

282 4682 585 4737 Probrosos
611 4680 755 4734 inter
774 4680 993 4749 capitali
1026 4680 1176 4734 ceede
1198 4688 1469 4743 coruscat,

283 4775 348 4831 Ut
372 4774 561 4845 spinas
590 4774 735 4828 inter
764 4772 995 4828 rutilans
1021 4788 1144 4828 rosa
1170 4771 1412 4845 fulgurat
1444 4773 1629 4828 hirtas.

284 4862 678 4934 Intempestive
700 4861 964 4916 Silvester
994 4860 1171 4915 noctis
1195 4861 1387 4915 abacta

282 4955 522 5011 Membra
549 4954 773 5009 domum
805 4953 1070 5019 referens,
1104 4968 1245 5024 papa
1274 4952 1535 5027 cleroque
1572 4962 1787 5021 vocato,

282 5050 597 5121 Martyrium
630 5048 899 5115 excubiis,
932 5049 1073 5105 divis
1131 5064 1353 5122 quoque
1406 5049 1625 5106 dedicat
1656 5050 1892 5121 hymnis.

284 5141 493 5213 Corpus
526 5145 693 5196 humo
724 5140 949 5195 mandat
980 5140 1201 5211 proprio
1225 5140 1542 5195 veneranda
1594 5142 1896 5210 Theonem,

282 5230 572 5286 Asciscens
591 5229 752 5284 horto
773 5244 935 5283 secus
965 5229 1165 5300 inclyta
1178 5229 1411 5304 pignora
1442 5229 1615 5297 Pauli,

285 5318 379 5373 Cui
404 5333 503 5389 pro
534 5317 809 5388 discipulo
830 5317 1039 5372 socium
1068 5316 1416 5391 cognominis
1446 5318 1617 5383 addit,

286 5406 643 5475 Basilicaeque
674 5405 841 5459 domu
868 5404 1188 5459 venerabile
1219 5404 1383 5459 funus
1413 5406 1665 5460 honorat.

285 5493 563 5549 Detieiens
594 5492 889 5563 praefectus
909 5493 965 5547 in
985 5494 1153 5560 hunc,
1182 5493 1236 5545 in
1265 5500 1488 5563 pectora
1504 5500 1726 5565 torquet

288 5582 529 5653 HOSpitis
550 5597 702 5636 arma
728 5582 827 5653 pii,
861 5583 1094 5637 dimissa
1124 5582 1326 5637 talenta
1356 5598 1654 5653 reposcens

286 5672 472 5729 Panis
487 5671 760 5744 impliciti,
786 5671 972 5728 vincto
1002 5672 1253 5747 graviora
1280 5670 1522 5727 minatur

290 5764 399 5820 Nec
427 5771 716 5836 postquam
750 5763 983 5819 addiscit
1010 5777 1119 5819 non
1151 5762 1445 5818 adduxisse
1469 5776 1759 5819 crumenas

1988 3664 2277 3731 Punctum,
2305 3662 2463 3718 sedet
2492 3662 2571 3716 ira
2592 3660 2857 3728 fremens,
2891 3661 3179 3733 invisaque
3195 3663 3322 3732 jura

1987 3754 2235 3809 Nominis
2263 3754 2525 3823 objectat,
2554 3760 2772 3808 terrens
2800 3767 3018 3806 sacrare
3058 3751 3259 3807 sacella

1988 3838 2052 3893 Ni
2088 3846 2257 3911 petat,
2287 3839 2499 3895 efﬂabit
2519 3839 2811 3895 tormentis
2840 3839 2988 3895 caede
3006 3840 3317 3911 propinqua
3353 3859 3365 3895 :

1993 3949 2017 3981 α
2042 3930 2341 4001 Suppliciis
2370 3930 2660 4001 (Silvester
2685 3930 2778 4002 ait)
2803 3930 2904 3985 hac
2932 3935 3092 3985 nocte
3122 3929 3397 3983 labantem

1989 4019 2217 4074 Famina
2245 4020 2373 4075 diva
2402 4019 2588 4074 ferunt
2611 4019 2851 4073 animam
2884 4018 2953 4073 de
2980 4018 3112 4073 sede
3145 4018 3334 4073 revelli

1990 4112 2183 4170 Cordis
2202 4115 2370 4170 stulte
2401 4113 2502 4178 tui,
2533 4126 2643 4183 quo
2671 4118 2896 4182 pectora
2925 4119 3077 4167 torva
3110 4111 3361 4178 resultas,

1992 4205 2249 4261 Protinus
2277 4212 2495 4260 aeternae
2525 4202 2777 4258 subiture
2805 4203 3051 4273 pericula
3078 4204 3314 4271 mulctae,

1994 4298 2062 4354 Ut
2090 4313 2264 4354 caesos
2283 4296 2526 4370 gaudere
2557 4294 2750 4350 videns
2771 4294 2893 4349 sine
2934 4294 3043 4351 ﬁne
3072 4296 3366 4371 gemiscas,

1994 4394 2195 4465 thute
2226 4392 2472 4448 inflixisti
2504 4390 2607 4445 sub
2635 4396 2864 4460 puncto,
2889 4390 3186 4446 intermine
3224 4407 3434 4459 sumas,

1996 4485 2192 4540 Infelix
2220 4500 2359 4557 quos
2390 4482 2596 4554 punisti
2622 4488 2843 4537 tuerere
2874 4482 3085 4538 beatos.
3126 4506 3146 4533 ι

1995 4579 2320 4652 Tarquinius
2340 4577 2574 4649 dapibus
2605 4576 2845 4631 discedit
2872 4575 3038 4631 inane
3082 4576 3379 4648 replendus
3413 4597 3427 4643 ;

2001 4673 2263 4729 Silvester
2295 4672 2440 4727 ferro
2472 4677 2731 4743 properat
2748 4669 2851 4724 sub
2883 4669 3096 4725 honore
3128 4671 3487 4741 premendus.

2007 4766 2221 4822 Interea
2252 4772 2511 4837 poscente
2540 4763 2656 4834 pio,
2678 4762 2984 4833 prandente
3016 4778 3234 4831 severo,

2007 4858 2281 4913 Iudicium
2312 4872 2527 4912 summa
2555 4861 2764 4911 rectum
2793 4855 3042 4927 procedit
3070 4855 3139 4909 ab
3171 4855 3364 4923 zethra,

1920 4910 1973 4978 D
1997 4910 2391 5020 Caudiavquevin
2419 4964 2661 5019 poenam,
2687 4910 3021 5019 poenamque
3053 4946 3109 5001 in
3134 4910 3541 5021 gaudia'vertit.

2001 5038 2245 5108 Denique
2274 5036 2491 5091 deliciis
2511 5042 2760 5091 ventrem
2788 5037 3045 5092 intarcire
3072 5036 3275 5107 paratis

2001 5129 2243 5185 Gutturis
2268 5127 2525 5183 annitens
2550 5127 2711 5182 avido
2728 5127 3018 5199 praafectus
3048 5130 3199 5185 hiatu

2003 5222 2072 5277 Os
2099 5220 2270 5292 piscis
2299 5218 2521 5289 rapiens
2546 5218 2767 5273 incauta
2793 5216 2949 5274 fauce
2980 5220 3209 5285 volutat,

2009 5312 2241 5368 Interius
2268 5316 2478 5381 raptare
2511 5307 2705 5363 volens
2735 5310 3030 5364 conamine
3061 5310 3213 5366 nullo

2009 5404 2228 5461 Proficit
2257 5418 2502 5478 egerere,
2521 5418 2818 5476 assurgens
2850 5403 2976 5457 nisu
2997 5412 3156 5478 urget
3196 5405 3367 5468 inani,

2011 5496 2326 5561 Methodici,
2367 5494 2650 5567 empyrici,
2682 5494 2959 5569 logicique
2996 5496 3186 5552 dolore
3209 5497 3439 5565 jubente

2006 5590 2194 5652 Aceiti,
2226 5588 2377 5644 nulla
2394 5587 2638 5663 gaudent
2668 5585 2882 5642 ratione
2921 5588 3182 5643 medendi
3213 5609 3229 5643 :

2006 5680 2261 5736 Carmina
2281 5678 2433 5735 nulla
2451 5678 2656 5747 valent,
2684 5677 2836 5734 nulla
2862 5678 3207 5752 experientia
3236 5681 3458 5752 prodest

2002 5771 2196 5827 Tortus
2232 5777 2287 5827 et
2315 5769 2383 5825 ad
2420 5768 2668 5825 medium
2690 5770 2869 5828 noctis
2893 5771 3219 5831 horroribus
3234 5781 3410 5843 actus,
