3972 6208
441 267 547 326 743

441 371 655 424 Tetram
688 373 949 421 tartareas
978 365 1213 418 animam
1248 363 1486 417 demittit
1519 362 1574 414 in
1599 362 1841 428 umbras,

444 464 518 516 Ad
554 478 741 532 poenas
772 461 965 529 poenis,
993 455 1329 512 cruciatibus
1351 456 1416 510 ad
1458 456 1730 511 cruciatus

443 552 683 624 COgitur,
715 553 781 605 ad
817 549 1075 605 tenebras
1104 546 1294 600 mundi
1336 546 1403 598 de
1439 547 1558 599 lucc
1587 545 1879 615 superbus.

444 641 989 701 Eximiturtenebris,
1025 639 1243 709 exitque
1270 638 1337 691 ad
1373 637 1580 691 lumina
1604 637 1803 704 justus.

444 735 667 788 Ducitur
688 731 780 786 ille
806 748 938 805 rogo
969 747 1075 802 qua
1102 729 1332 784 verbera
1359 737 1583 784 voverat
1617 729 1767 783 hora.

1138 318 1143 323 .
1208 263 1574 320 FLODOARDI
1619 261 1931 318 CANONICI
1970 260 2298 319 REMENSIS
2336 260 2671 317 OPUSCULA
2712 258 3018 317 METRICA.

2086 371 2134 435 Α
2169 362 2365 416 Privati
2396 363 2686 416 Dominum
2716 362 2856 431 juris
2888 363 3185 436 plangente
3219 362 3452 417 tumultu
3485 381 3499 428 ;

3687 263 3790 320 7U

2169 451 2393 504 Ducitur
2414 449 2513 503 iste
2535 449 2781 514 domum,
2826 465 2936 521 quo
2969 457 3216 521 tempore
3244 468 3386 505 saeva
3422 458 3649 522 putatus

2168 542 2352 613 Flagra
2380 541 2584 605 subire,
2615 540 2726 611 poli
2760 546 2872 595 toto
2907 542 3205 611 plaudente
3236 549 3453 605 senatu,

2164 638 2432 693 Victorem
2473 652 2692 709 quoque
2724 637 2926 691 livores
2953 643 3270 693 reverenter
3299 637 3555 705 adorant,

1896 828 2103 884 CAPUT
2152 826 2333 882 XVIII.

1578 932 1654 990 De
1686 934 1913 992 sanctis
1946 929 2191 990 Marino
2225 939 2275 987 et
2309 930 2643 989 Almachio.

447 1087 771 1139 Innumeros
801 1096 979 1153 usque
1010 1082 1152 1135 hanc
1181 1078 1373 1134 urbem
1402 1081 1710 1150 compsisse
1758 1078 2069 1149 triumphos

443 1174 773 1243 Accipimus,
806 1180 1093 1241 postquam
1128 1171 1389 1240 praecelsa
1421 1169 1659 1241 insignia
1700 1168 1896 1221 Christi

445 1262 559 1314 lluc
590 1261 783 1314 Petrus
809 1260 1119 1329 Paulusque
1150 1258 1353 1324 ferunt,
1397 1258 1684 1329 larvasque
1718 1257 1992 1328 fumintes.

446 1352 615 1426 Signa
644 1366 882 1421 superna
912 1351 1091 1405 crucis
1122 1350 1346 1405 rutilam
1381 1351 1435 1404 in
1468 1351 1673 1403 mrenia
1705 1356 1968 1419 prwstant

449 1440 565 1495 Non
604 1442 871 1494 iutantum
901 1438 1113 1509 apicem
1145 1438 1310 1508 prisci
1343 1453 1542 1493 vexere
1574 1445 1831 1507 parentes

451 1534 674 1588 Romam
710 1532 803 1585 lite
831 1538 1031 1593 truces,
1060 1530 1298 1584 fraterna
1323 1530 1473 1584 caede
1497 1529 1785 1583 madentes
1817 1548 1833 1591 ς

450 1622 565 1677 Non
599 1622 791 1683 Numa,
825 1636 932 1674 non
971 1619 1140 1683 Decii,
1176 1619 1345 1685 Marii,
1369 1619 1602 1684 Camilli,

453 1712 618 1775 Bruti,
636 1711 942 1781 Scipiades,
967 1710 1281 1777 Cicerones,
1315 1711 1431 1763 sive
1459 1711 1694 1765 Catones

453 1806 567 1860 Non
601 1819 779 1877 reges,
808 1817 1084 1872 proceres,
1116 1802 1549 1869 nonannuajura
1580 1808 1853 1871 gerentes,

454 1896 572 1949 Non
604 1893 754 1948 orbis
792 1892 1005 1946 Domini
1039 1891 1231 1945 mundi
1265 1890 1478 1962 fulgore
1500 1892 1689 1961 potiti;

453 1992 623 2056 Quam
643 1998 777 2062 quot
815 1990 1166 2060 praetulerunt
1195 1988 1380 2057 regnis
1407 1986 1473 2041 ad
1507 2004 1721 2043 summa
1753 1988 1999 2054 relatam,

450 2082 548 2137 Tot
571 2079 734 2134 simul
759 2079 1022 2133 addixere
1047 2077 1196 2149 jugis
1224 2077 1289 2130 ad
1313 2093 1458 2130 szeva
1485 2077 1788 2141 subactam,

454 2173 775 2237 Queishanc
811 2172 1062 2246 signiferi
1080 2171 1258 2225 crucis
1284 2170 1616 2241 athletzeque
1647 2177 1901 2241 potentes

454 2266 679 2319 Solvere
707 2264 1077 2334 compedibus
1109 2270 1344 2326 certant,
1378 2266 1630 2335 caeloque
1651 2270 1928 2333 coaptant,

457 2354 693 2407 Diversis
720 2352 952 2407 ducibus
978 2352 1261 2422 multoque
1289 2352 1487 2406 ardore
1521 2353 1781 2406 nitentes.

458 2442 528 2495 Ex
566 2440 769 2513 quibus
796 2440 1112 2506 Onesimus,
1144 2439 1296 2493 Pauli
1324 2440 1426 2494 sub
1461 2440 1680 2495 vincula
1709 2447 1932 2515 gnatus,

455 2534 631 2588 Verna
658 2532 1016 2594 Philemonis,
1048 2531 1286 2585 famulus
1315 2532 1411 2585 sed
1438 2548 1668 2586 munere
1689 2531 1913 2599 Christi,

456 2622 923 2687 Quondamdurus
964 2623 1116 2688 hero,
1150 2629 1273 2693 post
1304 2623 1406 2692 ipsi
1438 2630 1491 2677 et
1517 2623 1769 2693 pluribus
1792 2631 1953 2694 aptus

459 2711 682 2780 Proliria
711 2728 875 2782 quem
911 2728 1145 2784 magnus
1175 2712 1529 2766 commendat
1560 2712 1739 2767 visere
1782 2713 2001 2781 Paulus,

460 2805 895 2877 Pontiticemquc
927 2821 1151 2861 sacrans
1181 2806 1403 2877 delegat
1425 2807 1638 2862 semine
1670 2808 1844 2864 verbi.

2174 1068 2447 1121 Pastorem
2484 1066 2632 1120 hunc
2652 1065 2851 1136 Ephesi
2885 1072 3199 1120 memorans
3233 1065 3478 1140 Ignatius
3511 1065 3654 1135 ipse,

2172 1163 2325 1217 lIunc
2347 1163 2451 1217 sibi
2498 1163 2777 1217 doctorem
2811 1160 3032 1233 praefert
3061 1162 3403 1233 charumque
3443 1161 3795 1237 magistrum,

2172 1254 2343 1325 Inque
2374 1254 2497 1321 ejus
2529 1260 2792 1323 praestare
2824 1268 3024 1326 greges
3059 1252 3306 1308 hortatur
3328 1268 3514 1308 amore
3549 1270 3563 1306 :

2170 1344 2524 1420 Magnificaus
2558 1345 2846 1400 Dominum
2881 1344 2975 1399 tali
3008 1344 3103 1415 qui
3133 1359 3230 1415 pro
3259 1344 3399 1399 duce
3431 1343 3619 1399 caulas

2167 1437 2475 1491 Servandas
2517 1435 2757 1491 retinere
2798 1436 2977 1504 dedit,
3011 1451 3177 1507 quem
3211 1435 3627 1505 Romapetitum

2097 1562 2144 1627 Β
2168 1528 2320 1583 Nube
2355 1527 2553 1599 premit
2585 1527 2851 1598 lapidum,
2885 1527 3185 1599 conditque
3222 1528 3523 1598 sepultum,

2171 1621 2277 1675 Nec
2307 1620 2507 1674 retinet
2537 1620 2783 1689 longum,
2816 1617 3049 1690 sedique
3081 1619 3347 1692 gregique
3374 1618 3690 1672 remissum.

2173 1709 2267 1763 Hic
2298 1709 2461 1762 etiam
2493 1708 2730 1763 occurrit
2759 1708 2942 1763 clarus
2973 1707 3171 1761 virtute
3203 1705 3446 1761 Marinus

2174 1802 2359 1853 Almus
2383 1807 2438 1853 et
2478 1799 2807 1863 Almachius,
2847 1798 3027 1852 valida
3058 1797 3355 1868 quimente
3387 1796 3602 1852 furores

2176 1891 2434 1946 Indocilis
2470 1890 2620 1963 vulgi
2652 1904 2991 1960 Spurcasque
3023 1889 3302 1961 redarguit
3339 1904 3462 1942 aras

2176 1989 2288 2053 Qua
2317 1987 2542 2042 solitum
2576 1985 2818 2039 insanire
2840 1985 2932 2038 die
2970 1983 3233 2037 libamine
3265 1982 3426 2056 nugis

2179 2082 2330 2133 Anno
2360 2079 2483 2149 plus
2513 2077 2727 2148 reliquo
2764 2094 2777 2143 ;
2810 2076 3053 2146 dumque
3085 2084 3199 2129 atra
3233 2075 3480 2129 recidere
3510 2074 3691 2129 tendit

2180 2171 2448 2225 Cordibus
2468 2177 2634 2241 atque
2666 2168 2809 2224 calet
2839 2167 3057 2223 stolidis
3078 2167 3316 2222 avellere
3344 2166 3485 2227 dira.

2176 2261 2396 2333 Mystica
2427 2275 2537 2332 quo
2561 2257 2704 2312 festo
2727 2258 2856 2312 data
2884 2257 3235 2313 circumcisio
3262 2257 3494 2319 Christo,

2176 2352 2544 2407 Bacchantum
2576 2350 2747 2405 furias
2767 2349 2823 2404 in
2864 2366 2923 2404 se
2954 2357 3112 2414 rotat,
3144 2357 3310 2421 atque
3341 2349 3590 2404 furentes

2176 2445 2274 2499 Tot
2306 2443 2495 2498 turbas
2524 2442 2829 2514 prohibens
2855 2442 3025 2507 solus,
3059 2448 3137 2497 tot
3166 2441 3412 2496 millibus
3442 2455 3592 2495 unus

2179 2536 2463 2593 Obsistens
2491 2536 2703 2591 ratione
2732 2534 2898 2600 feros,
2921 2535 3125 2605 pietate
3164 2550 3387 2589 severos

2179 2628 2519 2701 Aggrediens
2542 2643 2745 2681 vesana
2774 2626 2973 2680 animis
2998 2635 3247 2680 avertere
3276 2625 3444 2681 torvis

2179 2717 2423 2783 Enitens,
2464 2716 2665 2789 gladiis
2690 2715 3072 2789 grassantibus
3097 2715 3491 2786 appetitatque

2178 2809 2444 2865 Sor-libus
2470 2808 2790 2883 indignatus
2809 2808 2925 2863 adit
2950 2808 3198 2863 coelestia
3215 2807 3441 2882 dignus.

1942 2936 2149 2993 CAPUT
2197 2938 2329 2993 XIX.

1823 3038 1898 3099 De
1938 3048 2147 3099 sancta
2191 3041 2430 3114 Agnete.

463 3173 666 3243 Inclyta
694 3172 949 3228 nobilitat
975 3175 1305 3230 veneranda;
1335 3175 1566 3248 virginis
1594 3175 1790 3231 Urbem

459 3267 641 3338 Agnes
658 3262 823 3328 fama,
847 3263 1019 3318 decus
1047 3270 1240 3319 tenero
1268 3281 1393 3335 qua:
1414 3275 1573 3320 nacta
1603 3265 1706 3320 sub
1744 3281 1861 3321 aevo

463 3351 718 3422 Martyrii,
752 3350 994 3405 tumidos
1028 3351 1219 3405 mundi
1248 3352 1759 3407 calcavithonores.

462 3442 585 3497 Haec
614 3443 741 3497 dum
777 3442 897 3513 lege
927 3442 1021 3497 Dei
1047 3444 1290 3513 pueriles
1318 3450 1604 3499 consecrat
1630 3460 1825 3506 annos,

460 3536 702 3590 Summis
730 3547 915 3591 mente
945 3554 1148 3591 vacans
1176 3538 1391 3601 studiis,
1421 3538 1608 3609 specie
1628 3538 1753 3593 terit
1782 3538 1876 3591 alti

462 3628 761 3700 Sanguinis
786 3630 1089 3700 impubem,
1126 3631 1364 3700 praefecti
1399 3631 1570 3701 patris
1599 3630 1908 3695 alumnum,

463 3716 562 3780 Qui
589 3733 855 3789 gemmas,
886 3732 1079 3772 aurum
1108 3718 1350 3788 pretiosa
1380 3718 1608 3773 monilia
1637 3717 1800 3784 ferre,

466 3808 711 3875 Divitias,
737 3825 990 3880 pompas,
1025 3809 1280 3876 famulos,
1312 3826 1609 3884 agrosque,
1632 3810 1939 3881 domosque

466 3897 722 3965 Prodere,
756 3898 998 3953 dotalem
1029 3899 1212 3965 donis,
1244 3899 1615 3970 precibusque
1644 3909 1906 3970 parentes

458 3989 890 4061 Muneribusque
915 3991 1071 4061 petit.
1103 3990 1263 4063 Virgo
1292 3991 1407 4046 haec
1432 3998 1492 4047 ut
1518 4000 1761 4047 stercora
1790 3991 1941 4047 ducit

461 4082 749 4153 Serpentis
778 4082 924 4137 velut
961 4100 1057 4138 ora
1089 4083 1242 4155 proci
1272 4084 1421 4155 capit
1452 4102 1467 4153 ς
1496 4085 1699 4140 aethera
1728 4091 1891 4140 terra

462 4170 684 4226 Praefert
712 4190 727 4237 ;
752 4170 1053 4227 Eneadum
1096 4174 1300 4229 rectori
1331 4181 1620 4229 stemmata
1651 4172 1848 4228 Christi

464 4258 831 4329 Praeponens;
860 4276 1077 4327 aurum,
1100 4277 1368 4333 gemmas,
1393 4261 1738 4326 redimicula,
1759 4268 1940 4316 vestes

462 4348 686 4416 Spernit
726 4349 936 4405 honore
964 4350 1076 4423 poli
1106 4352 1406 4426 gemmanti
1432 4352 1640 4408 lumine
1666 4350 1870 4407 cultam

461 4438 529 4494 Se
558 4455 894 4508 memorans,
925 4441 1116 4513 sponsi
1146 4443 1412 4500 thalamos
1437 4442 1706 4510 melioris,
1736 4440 1907 4495 inisse

463 4527 730 4584 Nobilitas
757 4529 844 4584 cui
867 4529 1216 4600 praecellens,
1249 4532 1543 4605 potiorque
1573 4540 1841 4604 potestas,

466 4622 750 4679 Pulchrior
775 4633 1054 4697 aspectus,
1084 4642 1198 4698 pra;
1223 4635 1444 4683 nectare
1471 4626 1649 4702 gratia
1677 4626 1855 4681 dulcis
1887 4643 1904 4689 ;

464 4716 729 4771 Gazarum
754 4732 813 4773 se
843 4718 1056 4774 addens
1085 4718 1315 4790 inOpino
1346 4720 1593 4789 pondere
1632 4728 1869 4789 pactam,

464 4806 805 4864 Continuans
834 4821 889 4864 et
913 4826 1070 4881 opes,
1104 4818 1156 4864 et
1168 4810 1367 4885 gaudia
1390 4810 1577 4866 nescia
1604 4811 1814 4879 maesti,

461 4900 675 4974 Organa
702 4919 959 4958 curarum
988 4903 1272 4957 dulcorem
1302 4903 1471 4958 mella
1501 4913 1844 4974 prementem

462 4990 707 5061 Munera,
740 4996 1033 5070 fulgorem,
1062 4998 1229 5061 vires,
1250 4996 1487 5071 fastigia,
1522 5013 1727 5052 numen

465 5086 746 5143 Caelicolas
775 5088 981 5144 subicit
1010 5107 1026 5154 ;
1062 5087 1189 5143 hinc
1218 5090 1390 5144 solem
1410 5106 1473 5145 ac
1502 5089 1688 5145 sidera
1711 5089 1902 5145 subdit

466 5176 595 5240 Quae
609 5176 752 5231 bona
786 5177 1090 5247 provideat,
1124 5185 1345 5249 prmstct
1375 5194 1497 5250 qua;
1520 5179 1744 5250 praemia
1768 5179 1919 5234 texit.

468 5264 719 5334 Carpitur
747 5266 876 5337 igne
900 5264 1014 5321 fero
1036 5267 1256 5336 juvenis
1294 5267 1602 5337 morboque
1634 5276 1893 5339 perustus

469 5358 729 5425 Decubat,
766 5361 909 5414 haud
934 5362 1178 5431 perferre
1195 5363 1384 5418 valens
1426 5372 1532 5418 tam
1567 5364 1785 5433 pondus
1816 5363 2087 5434 iniquum.

470 5446 757 5503 Insinuaut
783 5449 921 5520 patri
954 5466 1101 5507 saevo
1124 5452 1463 5507 decumbere
1481 5460 1707 5524 gnatum

469 5536 805 5607 Oppressum
836 5540 1037 5595 medici
1065 5560 1080 5608 ;
1116 5557 1289 5613 puero
1327 5542 1669 5612 replicantur
1696 5544 1766 5599 ab
1797 5544 1913 5608 illo,

472 5627 529 5681 In
555 5644 754 5684 vanum
785 5651 802 5696 ;
836 5649 866 5686 a
895 5634 1085 5706 genito
1119 5634 1336 5690 frustra‘
1370 5633 1627 5700 dispersa
1653 5651 1752 5704 per
1780 5651 1967 5690 auras.

2097 3180 2147 3247 (ζ
2172 3176 2267 3230 llla
2287 3175 2400 3230 dati
2433 3173 2696 3230 inviolata
2725 3173 2893 3230 refert
2914 3174 3025 3244 jam
3050 3174 3273 3229 vincula
3299 3173 3447 3243 pacti

2182 3269 2563 3327 Permansura.
2594 3266 2760 3321 fidem
2789 3274 2997 3322 aeterno
3026 3268 3227 3321 durare
3259 3267 3363 3321 sub
3396 3282 3514 3321 aevo

2183 3362 2480 3419 Praefectus
2502 3359 2725 3432 generis
2750 3359 2937 3430 Sperni
2968 3376 3028 3413 se
3058 3359 3332 3434 sanguine
3363 3358 3563 3430 quovis

2184 3456 2470 3527 Adstupet,
2492 3453 2870 3525 indagansque
2897 3452 3045 3522 capit
3076 3451 3269 3507 Christi
3301 3451 3472 3505 ardua
3494 3450 3660 3516 ferri;

2185 3544 2364 3599 Lzetus
2394 3550 2448 3597 at
2470 3542 2769 3600 illetumet.
2793 3540 2963 3607 jussis
2994 3556 3095 3595 ceu
3118 3547 3271 3611 parta
3300 3538 3473 3594 furori
3518 3557 3533 3603 ;

2186 3631 2486 3702 Perstrepit
2517 3632 2657 3685 hanc
2675 3629 2819 3695 sisti,
2862 3628 3215 3699 blandusque
3268 3628 3566 3698 minaxque
3624 3626 3804 3682 resal—

3635 3724 3728 3773 tat.

3635 3725 3696 3773 tat

2184 3813 2279 3868 Illa
2309 3826 2470 3883 aequo
2500 3818 2770 3882 praestans
2801 3808 2985 3863 animo
3012 3806 3398 3877 tumidumque
3430 3718 3696 3878 piumq[ue

2186 3905 2301 3961 Uno
2333 3902 2631 3969 fertvultu,
2656 3900 2935 3971 similique
2968 3899 3148 3972 rigore
3180 3898 3498 3968 perhorret;

2184 4000 2409 4069 Aspera,
2441 4011 2545 4051 nec
2575 3993 2834 4065 frangunt
2854 3991 3131 4055 stabilem,
3159 4006 3262 4046 nec
3295 3990 3440 4045 lenia
3467 3989 3695 4053 fallunt,

2182 4093 2280 4151 Ille
2310 4092 2508 4147 videns
2537 4105 2712 4147 vacuo
2740 4088 2847 4143 labi
2874 4088 3161 4143 molimine
3191 4086 3438 4149 fraudes,

2180 4184 2343 4237 Arma
2371 4197 2532 4237 serus
2570 4178 2865 4235 manifesta
2893 4177 3035 4248 rapit
3056 4174 3294 4231 truciore
3327 4182 3543 4244 paratu,

2180 4271 2535 4341 Cernensque
2562 4269 2705 4323 hanc
2733 4274 2922 4337 Optare
2952 4281 3167 4327 necem,
3191 4272 3463 4318 tormenta
3486 4279 3706 4325 voeme,

2183 4362 2376 4418 Omnia
2401 4376 2512 4434 prae
2543 4360 2680 4416 votis
2711 4360 2851 4414 hanc
2880 4366 3121 4413 temuere
3154 4357 3291 4411 dura
3320 4356 3599 4425 supernis,

2186 4454 2313 4519 Quae
2343 4453 2520 4525 magis
2538 4454 2816 4507 horrescat
2847 4460 3068 4504 versuto
3087 4449 3336 4519 providet
3368 4457 3517 4514 astu,

2188 4546 2534 4617 Pellioeoque
2559 4543 2718 4615 jubet
2748 4542 2950 4597 nudam
2975 4541 3248 4611 raptarier
3268 4549 3447 4605 antro,

2184 4639 2452 4710 Quodque
2483 4637 2657 4709 magis
2685 4636 2889 4697 doleat,
2925 4633 3225 4705 perturpia
3252 4632 3465 4688 ludicra
3503 4631 3656 4687 velli.

2184 4727 2406 4782 Accedit
2433 4724 2704 4781 luctatrici
2738 4724 2827 4795 pia
2847 4723 3021 4795 gratia
3053 4722 3281 4784 Christi,

2182 4817 2551 4891 Tegminaque
2576 4814 2767 4871 effusis
2790 4822 3046 4871 crescunt
3073 4828 3172 4884 per
3200 4811 3447 4867 membra
3474 4809 3715 4881 capillis,

2184 4913 2493 4967 Densantur
2524 4907 2717 4979 raptim
2748 4906 2931 4961 crines
2964 4905 3217 4975 inaperta
3247 4909 3496 4977 tegentes

2185 4999 2461 5070 Corporis,
2481 5014 2511 5052 a
2542 4995 2757 5051 Christo
2777 4993 2882 5048 fusi
2909 5009 3018 5048 non
3049 4991 3300 5066 unguine
3331 4990 3464 5045 creti
3508 5006 3520 5043 :

2190 5097 2284 5150 Ast
2310 5094 2405 5148 ubi
2434 5093 2771 5167 belligerans
2794 5087 3305 5144 obscenalibidinis
3336 5094 3490 5142 antra

2190 5184 2352 5255 Virgo
2372 5181 2543 5247 subit,
2578 5178 2912 5234 lucissubito
2945 5178 3157 5250 fulgore
3186 5190 3503 5237 coruscans,

2192 5275 2401 5330 Emicat
2438 5275 2679 5329 zetherea
2710 5287 2911 5342 specus
2939 5269 3199 5324 irradiata
3225 5267 3415 5331 nitela,

2193 5363 2435 5430 Accedit,
2464 5362 2637 5437 magis
2667 5361 2894 5416 insolitu
2922 5359 3177 5431 pulsante
3210 5357 3456 5427 palaestra

2192 5455 2404 5519 Sidera,
2426 5453 2697 5519 coelicola,
2729 5468 2944 5507 summa
2974 5466 3099 5505 nam
3118 5456 3305 5503 vectus
3332 5448 3400 5501 ab
3424 5448 3599 5503 a:tlira

2194 5544 2451 5616 Congrua
2478 5541 2760 5615 belligerae
2778 5540 2882 5596 fert
2906 5538 3231 5594 indumenta
3251 5537 3474 5606 puellae,

2196 5632 2437 5702 Suscipit
2468 5632 2558 5687 illa
2587 5633 2782 5688 stolam
2809 5630 3021 5687 caelesti
3053 5629 3262 5691 lumine
3301 5628 3526 5695 cultam,
