3972 6208
427 284 532 343 747

428 408 569 464 Urbs
589 408 751 463 simul
778 407 1038 473 exsultat;
1071 406 1174 462 soli
1206 414 1533 479 torquentur
1564 408 1761 481 iniqui.

429 500 527 555 llla
557 509 765 571 patrem
792 497 1096 569 fratresque
1127 507 1323 569 petens
1346 498 1440 553 dat
1467 499 1700 575 virginis
1729 502 1868 556 aulae

426 589 669 646 Membra
694 587 973 644 renitendi
1001 589 1469 663 mausolteumque
1499 591 1689 660 locari,

428 684 565 741 Tum
588 683 697 739 sibi
719 684 943 740 mandat
973 684 1048 740 ibi
1079 693 1139 741 ut
1166 692 1385 740 maneat
1414 701 1539 741 cum
1563 686 1775 760 virgine
1798 687 1971 761 virgo,

428 775 590 831 Fama
612 782 968 852 propagatur,
999 786 1227 833 currunt
1255 777 1325 831 ad
1355 776 1502 833 dona
1533 778 1725 832 salutis

430 868 683 941 Undique
710 868 986 935 salvandi;
1021 869 1233 924 nullum
1265 886 1395 941 spes
1426 868 1566 925 fallit
1596 870 1795 934 inanis,

429 958 705 1013 laetantur
722 958 857 1028 justi
888 961 1172 1031 quaesitam
1197 959 1337 1014 ferre
1369 960 1662 1027 medelam,

432 1050 725 1124 Virginitas
754 1060 846 1107 aut
867 1051 1143 1126 regigena:
1171 1051 1352 1122 placet
1375 1053 1627 1124 hancque
1649 1060 1951 1107 venustans

428 1142 561 1198 Fine
593 1151 754 1200 tenus
782 1143 935 1211 colit,
966 1143 1431 1217 accumulansque
1452 1144 1690 1217 insignia
1721 1145 1870 1200 lucra

1146 281 1516 339 FLODOARDI
1556 283 1858 345 CANONICI
1900 285 2232 342 REMENSlS
2273 284 2606 342 OPUSCULA
2648 284 2955 340 METRICA.

3687 288 3801 340 748

2072 418 2122 483 Α
2152 412 2310 466 Plura
2339 411 2524 465 studet
2546 410 2758 467 Christo
2782 411 3041 465 comitum
3072 410 3313 482 allegare
3336 410 3562 475 talenta,

2149 504 2509 573 Asservatque
2540 517 2749 556 sacram
2788 501 2891 556 sub
2924 502 3211 575 religionis
3237 517 3423 557 amore

2150 590 2280 645 Cum
2312 590 2478 646 sociis
2505 591 2734 663 Agnem,
2776 590 3065 661 praesentis
3092 598 3152 646 ut
3177 607 3275 647 ora
3298 592 3602 667 magistrae,

2148 686 2384 759 Cujusin
2424 686 2677 757 exemplo
2708 694 2939 742 tractant
2967 687 3217 742 ccelestia
3235 688 3444 745 multae.

2150 777 2271 831 llaec
2290 792 2392 850 ego
2420 775 2721 850 naufragiis
2741 776 2930 830 vulsus
2959 776 3085 832 licet
3114 777 3312 834 horreo
3339 779 3516 846 tetris,

2148 864 2332 919 Lintre
2362 880 2566 937 vagans
2598 865 2816 936 pelago,
2835 864 3105 919 Ambrosii
3134 865 3230 919 sed
3253 865 3374 920 vela
3401 874 3630 922 secutus

2150 960 2465 1033 Virginibus
2494 976 2763 1015 venerans
2788 959 2985 1014 collata
3014 960 3239 1015 monilia
3269 960 3402 1036 legi,

2148 1052 2383 1115 Quarum
2407 1066 2495 1103 me
2526 1048 2788 1121 precibus
2813 1048 2964 1103 fusca
2988 1057 3115 1119 peto
3136 1050 3297 1105 sorde
3320 1050 3485 1122 piari,

2152 1145 2214 1199 Ut
2240 1145 2452 1216 capiam
2474 1143 2651 1199 venim
2682 1143 2894 1199 meritis
2924 1159 3049 1215 qua:
3079 1159 3189 1200 non
3220 1160 3366 1216 queo
3397 1145 3562 1200 dona.

1364 1352 1861 1444 INCIPIT
1936 1355 2321 1442 LIBER
2395 1354 2872 1444 NONUS.

1828 1540 2039 1597 CAPUT
2088 1541 2371 1597 PRIMUM.

1742 1666 1818 1725 De
1857 1676 2063 1727 saneto
2122 1668 2453 1729 Valentino.

429 1801 569 1857 Luce
599 1798 920 1855 Valentinus
950 1795 1074 1854 caeli
1105 1800 1366 1855 rutilante
1395 1800 1617 1855 cluebat

429 1892 637 1949 Praesul
665 1892 939 1955 doctrina.
961 1892 1161 1947 virtute
1186 1901 1241 1946 et
1268 1891 1470 1947 nobilis
1500 1892 1641 1947 alma
1665 1910 1679 1957 ;

431 1985 564 2041 Huic
593 1986 787 2041 Craton
813 1985 1063 2058 genitum
1094 1984 1448 2055 sopbicorum
1475 1984 1675 2040 fotibus
1703 1986 1893 2051 altum,

426 2077 696 2132 Viscereee
721 2075 948 2148 gravido
969 2075 1138 2145 pestis
1166 2074 1261 2128 sed
1286 2075 1532 2144 pondere
1554 2092 1823 2145 pressum,

429 2168 523 2223 Cui
553 2183 756 2224 nomen
784 2167 1111 2233 Cberemon,
1134 2166 1489 2221 relevandum
1512 2168 1730 2222 casibus
1756 2168 1936 2235 offert,

433 2260 659 2316 Fwdere
686 2258 781 2313 scd
805 2265 989 2329 pacto,
1025 2271 1198 2327 puero
1229 2272 1338 2327 quo
1370 2256 1596 2327 sospite,
1630 2256 1829 2312 Christi

431 2354 543 2409 Sub
577 2353 712 2426 juga
762 2350 905 2407 colla
948 2348 1104 2415 ferat,
1146 2347 1549 2420 Dominamque
1588 2357 1890 2420 sequantur
1926 2350 2047 2404 alu-

1822 2442 1974 2512 (mni.

431 2539 648 2597 Robore
668 2550 937 2607 corporeo
969 2533 1081 2589 nati
1109 2549 1267 2588 mens
1292 2534 1521 2605 praedita
1561 2533 1731 2604 patris

431 2631 695 2687 Eximitur
724 2626 991 2691 tenebris,
1021 2626 1213 2697 implet
1253 2625 1539 2695 promissa,
1568 2633 1834 2689 sacratur,

432 2724 563 2779 Cum
583 2721 824 2792 stipante
845 2719 1036 2783 domu,
1068 2734 1172 2771 nec
1194 2717 1419 2790 longum
1443 2732 1658 2769 summa
1683 2716 1924 2786 capessit

432 2812 659 2867 Munera
684 2808 917 2874 militias,
959 2817 1163 2877 martyr
1196 2806 1324 2859 dum
1361 2813 1540 2859 terrea
1564 2806 1838 2876 linquens,

432 2902 608 2957 Aurea
645 2899 875 2953 sidereae
906 2890 1133 2953 sortitur
1160 2895 1383 2966 praemia
1409 2894 1554 2949 vitae.

433 2994 627 3067 Flagra
652 2990 974 3046 Valentinus
994 2988 1293 3063 virgarum,
1324 2995 1379 3041 et
1398 2985 1634 3041 tormina
1665 3002 1881 3057 passus,

2145 1803 2369 1858 Carcere
2391 1803 2875 1870 detrusus,'calcat
2903 1805 3039 1860 dura
3062 1807 3248 1862 omnia
3279 1808 3455 1875 laetus,

2144 1895 2499 1966 Invictusque
2529 1912 2760 1950 mancus
2786 1896 2888 1950 sub
2911 1907 3060 1952 vasta
3092 1899 3314 1954 silentia
3341 1900 3525 1955 noctis

2066 2010 2116 2078 Β
2146 1982 2389 2054 Exigitur
2409 1983 2656 2049 latebris,
2688 2000 2972 2056 czesusque
2992 1986 3299 2041 admittitur
3328 1988 3517 2052 astris;

2148 2077 2399 2152 Piguoris
2429 2078 2745 2149 impuberes
2766 2079 2984 2153 glebam
3015 2080 3268 2136 furantur
3301 2081 3534 2148 alumni,

2150 2169 2409 2225 Proculus
2435 2179 2597 2241 atque
2619 2172 2940 2242 Apollonius
2965 2173 3068 2227 sub
3098 2174 3277 2229 noctis
3303 2189 3498 2244 Opaco,

2149 2260 2518 2332 Ecclesizeque
2547 2260 2724 2316 ferunt
2752 2263 3010 2332 preprize,
3040 2271 3094 2318 et
3128 2264 3259 2321 dant
3291 2264 3483 2319 ultima
3514 2275 3700 2331 caute,

2150 2355 2405 2409 Excubiis
2430 2356 2522 2427 qui
2553 2357 2683 2411 dum
2709 2356 2937 2433 jugibus
2958 2375 3111 2414 sacra
3139 2375 3368 2414 munera
3399 2366 3645 2427 servant,

2148 2450 2326 2517 Tenti,
2350 2452 2634 2523 antrisquc
2668 2453 2780 2507 dati
2821 2460 2931 2508 tum
2964 2454 3263 2525 quaesitore
3288 2454 3467 2525 petiti,

2151 2544 2261 2599 Nec
2292 2544 2417 2600 victi
2448 2554 2594 2599 stant
2649 2545 3059 2617 blanditiasque
3093 2547 3378 2618 minasque
3405 2546 3670 2615 ferentes,
3720 2538 3723 2541 ’

2154 2638 2370 2693 lmmoti
2400 2638 2619 2692 tandem
2652 2638 2931 2693 deduntur
2956 2639 3157 2693 vertice
3186 2639 3372 2709 plecti,

2152 2732 2261 2787 Nec
2292 2734 2477 2804 procul
2511 2734 2723 2789 exuviis
2756 2751 2946 2789 urnam
2979 2742 3106 2789 sunt
3135 2733 3307 2805 patris
3337 2733 3524 2805 adepti

2154 2823 2381 2889 Domna,
2415 2840 2686 2895 paresque
2734 2825 2938 2879 micant
2975 2824 3199 2896 gemino
3257 2824 3351 2879 hic
3406 2824 3510 2879 sub
3568 2825 3776 2881 honore

3442 2914 3708 2983 [coronis.

1949 3092 2157 3148 CAPUT
2208 3093 2274 3148 ll.

1617 3194 1693 3254 De
1720 3198 1945 3255 sanctis
1974 3197 2216 3257 Antimo
2247 3204 2299 3255 et
2328 3195 2607 3255 Maximo.

430 3340 727 3398 Romuleas
756 3354 981 3412 quoque
1010 3338 1158 3394 clara
1188 3338 1302 3393 vias
1326 3344 1653 3410 portumque
1684 3344 1982 3393 venustant

432 3434 823 3504 chtaﬂopaaa
854 3431 1079 3503 polique
1109 3432 1379 3503 Erebique
1409 3430 1771 3503 flagrantibus
1797 3430 1966 3484 armis

432 3524 598 3590 Queis
626 3524 867 3579 mundus
897 3523 1203 3595 mundique
1236 3523 1464 3578 subacta
1494 3523 1736 3593 potentia
1772 3522 1983 3576 Christo

433 3618 568 3675 Hinc
597 3618 734 3686 sale,
767 3624 977 3684 sancte,
1011 3623 1102 3672 tuo
1134 3617 1356 3672 condita
1386 3616 1585 3671 salaria
1614 3615 1820 3689 gaudet

2153 3335 2407 3391 Anthime
2442 3335 2700 3390 virtutum
2736 3334 3025 3405 laudisque
3058 3333 3295 3407 insignia
3326 3334 3492 3406 regis,

2154 3429 2253 3494 Qui
2277 3428 2433 3483 factis
2461 3435 2627 3499 atque
2658 3443 2753 3481 ore
2776 3426 2958 3480 ferens
2986 3443 3156 3496 super
3186 3433 3330 3480 astra
3362 3425 3584 3481 ﬂuentis

2156 3517 2430 3592 lngereris
2456 3524 2605 3571 tutus
2632 3516 2922 3587 Tyberinis
2959 3531 3099 3586 eque
3132 3514 3410 3586 procellis.

1945 3714 2155 3771 CAPUT
2203 3715 2294 3770 Ill.

1756 3818 1831 3875 De
1872 3826 2086 3895 septem
2124 3817 2444 3892 fratribus.

433 3955 723 4012 Tiburtina
752 3955 888 4030 tegit
916 3953 1132 4009 cineres
1161 3957 1370 4024 septem
1405 3967 1602 4026 aggere
1635 3950 1855 4006 fratrum

433 4050 610 4122 Appia
636 4049 868 4105 Czecilite
901 4055 1067 4103 testes
1097 4055 1316 4102 centum
1351 4048 1524 4103 octies
1543 4048 1695 4101 addit

438 4139 559 4195 Hac
585 4154 808 4211 quoque
828 4138 1120 4192 Trasitium
1149 4138 1343 4208 recipit
1362 4138 1463 4193 sub
1492 4138 1649 4192 busta
1685 4136 1885 4199 Calisti,

434 4231 617 4285 Munia
643 4231 736 4303 qui
769 4231 1083 4286 veneranda
1109 4247 1332 4305 gerens,
1364 4232 1573 4286 assecla
1602 4248 1904 4295 sacrorum,

429 4324 697 4395 Tempore
720 4324 849 4378 dum
872 4324 1110 4396 quodam
1133 4325 1325 4379 Christi
1355 4342 1508 4380 sacra
1531 4324 1760 4396 mystica
1792 4322 1978 4391 ferret,

432 4411 712 4486 Sacrilego
739 4410 983 4467 offensus
1008 4412 1242 4483 capitur,
1267 4413 1613 4484 trahiturque
1649 4412 1908 4477 tumultu,

430 4500 672 4557 Prodere
696 4500 989 4557 discutitur
1004 4502 1136 4574 quid
1164 4509 1362 4557 tectum
1392 4502 1663 4558 occultius
1692 4500 1872 4555 abdat.

2081 3957 2130 4024 C
2155 3950 2445 4024 Indignum
2482 3950 2571 4005 ille
2603 3948 2786 4004 ferens
2816 3964 3064 4024 gemmas
3096 3961 3374 4018 exponere
3406 3946 3611 4018 porcis,

2155 4040 2444 4115 Lignorum
2470 4056 2533 4094 ac
2560 4039 2805 4109 lapidum
2830 4045 2980 4092 tanto
3012 4036 3372 4091 contenditur
3400 4035 3579 4091 imbre

2153 4130 2287 4184 Dum
2314 4137 2556 4184 mentem
2588 4128 2744 4183 oculis
2774 4126 3097 4197 capiendam
3126 4126 3404 4180 emitteret
3433 4126 3603 4181 astris

2152 4218 2262 4274 Nec
2290 4218 2459 4273 decus
2491 4218 2595 4272 hoc
2629 4218 3013 4287 incorporeum
3046 4214 3195 4269 subit
3221 4214 3431 4268 aethera
3453 4215 3635 4269 solum

2154 4308 2413 4379 Corporei
2444 4307 2577 4379 quin
2610 4314 2764 4377 rapta
2801 4306 2965 4360 simul
2997 4304 3259 4376 mysteria
3291 4303 3447 4374 panis

2154 4406 2444 4462 Excutiunt
2465 4405 2723 4477 equidem
2751 4411 2932 4459 vestes
2953 4410 3009 4458 et
3036 4402 3283 4457 membra
3314 4401 3603 4457 revolvunt

2156 4496 2390 4565 Infandi,
2418 4514 2520 4552 nec
2548 4513 2699 4552 sacra
2719 4497 2904 4552 valent
2931 4494 3174 4565 reperire
3200 4502 3416 4568 negata.

1932 4640 2142 4697 CAPUT
2197 4642 2280 4697 IV.

1749 4743 1827 4802 De
1863 4753 2067 4804 sancto
2099 4744 2434 4824 Bonifacio.

429 4878 534 4937 Pro
552 4879 763 4936 meritis
792 4879 1014 4937 decorat
1035 4876 1347 4933 Bonifacius
1366 4877 1484 4932 aede
1514 4876 1759 4933 Latinam

427 4969 702 5040 lmpensis
729 4968 968 5025 dominae
990 4966 1210 5040 pietatis
1232 4966 1441 5021 honore
1467 4967 1710 5035 lucratze,

426 5059 528 5125 Qui
560 5058 689 5113 dum
718 5057 861 5113 furta
891 5057 995 5113 tori
1020 5056 1244 5128 proprio
1264 5055 1466 5113 sudore
1490 5057 1671 5114 lavare

425 5149 749 5215 Procurant,
770 5147 957 5218 superi
985 5154 1120 5202 nutu
1140 5146 1537 5203 moderaminis
1566 5149 1673 5204 acti

425 5239 743 5293 Decernunt
773 5236 979 5309 pariter
1006 5234 1326 5291 Bonifacius
1352 5237 1497 5291 alma
1526 5238 1764 5293 levatum

425 5324 667 5397 Corpora
696 5325 918 5381 festinet
947 5323 1144 5380 Christi
1176 5332 1450 5397 prostrata
1476 5325 1697 5394 decore,

423 5418 481 5474 Si
511 5416 626 5474 fors
653 5416 941 5489 obsequiis
960 5423 1277 5472 sanctorum
1299 5417 1368 5472 ad
1389 5424 1517 5473 vota
1547 5418 1767 5488 pientur

420 5512 712 5582 Spectator
731 5525 1036 5582 properans
1065 5509 1222 5577 belli,
1253 5508 1314 5564 fit
1333 5510 1568 5583 belliger
1595 5511 1762 5577 ultro,

415 5599 607 5654 .lesum
638 5596 1001 5673 magniﬁcans
1028 5597 1197 5654 alieni
1226 5597 1388 5653 laude
1412 5597 1606 5666 duelli,

417 5684 798 5760 Magniﬁcetur
825 5688 903 5741 uti
934 5688 1144 5758 proprii
1174 5694 1330 5756 parat
1354 5688 1560 5759 impete
1591 5688 1752 5757 belli;

2148 4880 2374 4936 Vincula
2405 4880 2789 4952 praelambens,
2820 4878 3017 4934 vinclis
3044 4878 3379 4949 appenditur
3406 4876 3581 4943 altus;

2148 4969 2390 5024 Athletas
2419 4984 2656 5035 armans,
2690 4983 2815 5023 mox
2846 4974 3007 5038 capto
3036 4972 3278 5021 armatur
3305 4981 3519 5038 agone;

2149 5064 2414 5120 Attollens
2445 5064 2653 5139 plagas,
2689 5064 2862 5137 plagis
2894 5064 3167 5119 laceratur
3195 5064 3263 5117 ad
3294 5078 3461 5127 ossa;

2060 5132 2118 5201 D
2142 5156 2345 5213 Atfixos
2371 5156 2617 5223 firmans,
2652 5157 2880 5212 calamis
2919 5156 3170 5231 infigitur
3194 5170 3430 5229 ungues,

2154 5245 2343 5299 Praelia
2372 5244 2513 5299 ferre
2544 5261 2773 5299 movens
2800 5245 2943 5310 laete,
2978 5244 3083 5299 fert
3114 5242 3301 5315 praelia
3332 5243 3490 5297 laatus
3518 5259 3534 5309 ;

2153 5334 2467 5389 Gratiticum
2501 5333 2719 5388 fervens
2751 5333 2947 5404 nequit
2973 5350 3036 5389 os
3065 5333 3357 5388 occludere
3387 5333 3705 5403 plumbum;

2151 5426 2589 5495 Immersumque
2615 5424 2722 5479 olla
2744 5424 2833 5495 pix
2867 5422 3080 5477 fervida
3112 5421 3315 5477 laedere
3341 5422 3537 5477 nescit.

2151 5511 2450 5582 Suppliciis
2472 5511 2652 5567 lanius
2680 5511 2971 5568 denuntiat
2997 5512 3192 5565 ultima
3212 5511 3408 5566 victus.

2150 5606 2216 5659 At
2245 5602 2432 5657 tremit
2461 5604 2708 5661 abscisso
2733 5605 2917 5672 tellus,
2958 5618 3120 5658 mons
3148 5612 3312 5674 atque
3344 5610 3673 5673 trementes,

2144 5693 2319 5761 lnque
2350 5688 2513 5745 fidem
2546 5706 2771 5766 cogens,
2803 5691 3003 5747 Christi
3035 5691 3313 5762 praeconia
3346 5691 3556 5764 pangit.
