3972 6208
201 323 316 383 749
839 324 919 381 DE
961 326 1215 382 CHRISTI
1257 324 1617 385 TRIUMPHIS
1658 330 1828 387 APUD
1871 330 2138 388 I'I‘AIJAM
2180 331 2356 388 LIBRI
2395 332 2524 388 XIV.
2567 363 2636 373 —
2674 330 2801 388 LIB.
2845 332 2932 387 IX.
3450 335 3557 391 750

201 453 323 508 Jam
356 453 621 508 caelorum
655 453 834 523 epulis
862 454 1220 527 gaudentem,
1251 455 1374 509 labe
1401 458 1619 527 popinm
1864 471 1910 536 Α
1940 463 2096 516 Parta
2123 463 2252 516 sedc
2282 462 2441 527 locat,
2477 462 2854 533 templumque
2889 463 3067 518 nitore
3106 471 3385 532 venustat,

205 542 466 614 Immergi
497 551 747 596 mussant
778 542 937 608 socii,
973 552 1269 614 scortoque
1302 545 1478 598 teneri

1940 559 2126 613 Mundi
2156 549 2550 630 exemptajugo
2573 574 2852 613 servorum
2883 557 3022 613 colla
3046 560 3294 626 resolvit,

205 634 382 697 Quem
412 642 624 700 rentur,
654 649 855 704 supera
889 633 1180 688 inveniunt
1213 636 1506 691 dulcedine
1563 638 1833 703 functura,
1943 648 2214 702 Libertate
2238 665 2444 703 “omns
2478 647 2730 710 famulos,
2766 647 2823 702 ﬁt
2846 647 3014 703 libera
3041 665 3189 715 vero,

208 725 436 781 Mercari
467 733 679 780 530F813
706 732 924 796 Peleus.
949 726 1202 778 mercede
1227 735 1481 798 ιόορνιιιε
1943 739 2072 792 Dum
2110 738 2300 793 Christi
2332 737 2588 793 famulam
2624 739 2778 793 factis
2793 756 2851 794 se
2880 739 3073 810 pandit
3103 741 3351 796 honestis
3393 758 3407 805 ;

209 819 407 882 Λυδίαν
439 833 595 872 sacer
635 818 752 888 ipse
773 817 996 884 0mm",
1028 817 1318 890 pretioque
1351 819 1604 884 ΓείόΓῑυΓ,
1941 830 2100 885 Saacli
2132 848 2190 885 se
2223 832 2510 902 expolians
2542 831 2780 902 pompis,
2813 832 3106 886 virtutibus
3135 843 3312 900 ornat,

210 909 449 980 Sparsus
480 908 838 975 aromatibus,
873 908 1071 964 merito
1111 910 1405 965 decoratur
1440 912 1644 966 honore
1681 928 1693 964 :
1944 920 2049 975 nos
2079 928 2235 975 terra,
2268 921 2482 996 largita,
2518 922 2650 987 υοογ
2677 921 2894 976 αίίοεείι
2917 921 3106 992 opimo

213 1005 475 1060 Ctelicola
503 1006 648 1079 Aglae
681 1022 767 1059 res
799 1022 1140 1075 praecursore
1185 1013 1405 1060 notatur
1437 1024 1450 1063 :
1943 1013 2190 1067 Culmine
2215 1015 2498 1074 virtutum.
2531 1015 2813 1086 signisque
2843 1029 3069 1068 corusca
3104 1015 3342 1082 nitescit,

213 1094 460 1151 Occurrit
501 1111 608 1151 non
632 1097 743 1163 jam
779 1097 1007 1161 famulo,
1040 1097 1174 1168 quin
1210 1115 1366 1152 serva
1398 1099 1576 1153 tidelis
1944 1103 2454 1174 Consummansquc
2486 1104 2591 1174 piis
2618 1120 2832 1158 cursum
2865 1103 3098 1159 feliciter
3122 1105 3277 1169 actis,

213 1187 385 1243 Obvia
419 1186 589 1242 fertur
620 1189 775 1252 hero,
803 1189 1139 1260 capiensque
1164 1190 1405 1259 cptabile
1440 1207 1660 1250 munus.
1948 1193 2196 1262 Martyris
2222 1208 2345 1246 ossa
2368 1193 2557 1252 domo.
2583 1193 2724 1246 ccelo
2758 1208 2911 1246 mens
2943 1191 3154 1246 inditur
3184 1192 3310 1246 allo.

1736 1345 1946 1402 CAPUT
1996 1348 2054 1402 V.

1355 1469 1429 1527 De
1455 1471 1680 1529 sanctis
1709 1468 2009 1546 Gorgonio
2046 1478 2098 1529 et
2133 1471 2438 1531 Doroth-co.

224 1599 348 1656 Haec
379 1599 524 1656 inter
550 1599 800 1674 geminas
821 1600 1020 1655 meruit
1065 1600 1149 1655 via
1183 1601 1412 1673 pignore
1447 1603 1631 1659 lauros
1868 1610 1919 1678 Β
1949 1604 2189 1660 Membra
2210 1606 2323 1675 rapi
2347 1606 2611 1660 semiusta
2633 1620 2865 1659 monens
2898 1603 3092 1659 nidore
3126 1604 3325 1659 lanista

222 1691 484 1765 Gargonii
511 1691 680 1759 comi,
713 1691 969 1745 Dorotbei
999 1701 1054 1745 ct
1081 1692 1292 1747 honore
1324 1693 1550 1748 sodalis.
1947 1694 2110 1768 Erigit
2134 1711 2258 1749 arce
2291 1695 2470 1750 crucis
2491 1695 2791 1749 sustollens
2823 1695 2942 1748 luce
2973 1693 3262 1764 triumphi,

225 1783 544 1838 lmbuerant
568 1782 798 1838 comites
819 1781 946 1836 tidei
980 1791 1239 1853 praestare
1270 1784 1459 1859 vigore
1946 1785 2250 1855 Eductique
2278 1786 2436 1839 astris
2467 1791 2757 1855 penetrant
2787 1783 3029 1839 cwlcstia
3055 1782 3189 1837 Iteti.

226 1872 384 1926 Unde
437 1886 658 1942 quoque
721 1871 776 1924 in
841 1869 1034 1925 Christi
1122 1871 1343 1926 dantem
1414 1880 1685 1927 tormenta
1757 1882 1842 1944 ty-
1944 1877 2152 1947 Raptus
2184 1885 2237 1930 et
2270 1877 2522 1949 angelico
2553 1875 2726 1930 suetis
2756 1875 2894 1930 duce
2926 1873 3176 1929 redditus
3204 1872 3314 1926 aris

1492 1965 1766 2036 [rannum,
1943 1966 2100 2019 Cessa
2117 1966 2318 2020 talenta
2349 1965 2480 2020 colit
2506 1981 2615 2036 quo
2640 1981 2867 2018 munere
2896 1963 3098 2019 vertice
3134 1962 3348 2033 plexus.

223 2058 528 2133 Objurgant
555 2056 810 2122 famulos,
841 2073 1015 2128 seque
1047 2058 1148 2113 hac
1166 2058 1370 2129 pietate
1402 2060 1577 2114 nitere
1942 2058 2205 2112 Maximus
2247 2059 2391 2112 hunc
2419 2058 2688 2128 sequitur,
2722 2057 2878 2125 cujus
2904 2056 3022 2110 vice
3055 2055 3221 2110 corda
3254 2054 3470 2125 piorum

225 2148 452 2202 Pectore
485 2155 539 2201 et
563 2162 656 2202 ore
690 2154 882 2201 notant
915 2165 929 2213 ;
972 2147 1074 2201 hoc
1098 2163 1220 2202 sese
1255 2147 1463 2212 fervere
1496 2150 1668 2214 cultu,
1947 2151 2206 2216 Roborat,
2230 2166 2291 2204 ac
2319 2158 2584 2221 praestans
2613 2149 2828 2204 validus
2866 2149 3014 2202 ccede
3043 2149 3247 2202 aethera
3278 2154 3490 2218 captat:

223 2243 650 2297 Omnibushunc
675 2242 921 2296 animum
953 2242 1138 2306 sociis,
1173 2243 1276 2298 hoc
1308 2243 1528 2297 vincere
1554 2244 1697 2312 jure.
1946 2241 2190 2298 Membra
2220 2244 2398 2298 solum
2425 2243 2861 2298 servantsolitus
2882 2256 2991 2312 quo
3018 2248 3142 2296 vota
3165 2239 3340 2294 litare.

227 2333 369 2388 Luce
409 2333 535 2386 data
574 2330 842 2400 hac,totis
871 2331 1179 2386 lacerantur
1197 2332 1406 2386 viscera
1438 2333 1720 2399 membris,
1949 2330 2146 2385 Bassus
2171 2331 2374 2385 abinde
2406 2331 2555 2386 subit
2588 2331 2848 2402 Dionysia
2869 2346 3020 2385 sacra
3052 2329 3332 2395 refellens,

227 2425 485 2497 Pellcque
511 2425 808 2495 discerpta,
839 2424 952 2478 sale
982 2432 1034 2477 et
1066 2424 1434 2479 infunduntur
1461 2439 1637 2492 aceto,
1948 2426 2123 2496 Atque
2166 2425 2290 2480 terit
2322 2425 2451 2480 tlatu
2483 2442 2750 2494 cererem,
2786 2425 3088 2498 spiramine
3106 2424 3266 2480 divos

228 2516 460 2570 Fortiter
486 2515 601 2569 haec
633 2515 808 2586 passis
845 2515 1009 2571 cratis
1035 2515 1552 2586 substratajubetur
1947 2516 2046 2580 Qui
2074 2524 2333 2572 sternens
2363 2519 2538 2584 tenui,
2566 2535 2742 2573 caesus
2774 2519 2908 2590 petit
2936 2519 3108 2574 ardua
3135 2517 3278 2582 cmli,

230 2607 362 2679 Igne
394 2606 667 2678 vaporari,
707 2607 966 2678 lentoque
993 2607 1270 2661 calescere
1291 2606 1426 2672 fotu,
1948 2607 2040 2661 Sic
2069 2606 2270 2661 Fabius
2296 2607 2522 2680 longum
2548 2608 2749 2664 vinclis
2772 2617 2826 2663 et
2845 2624 3071 2664 carcere
3097 2609 3278 2676 tritus,

229 2700 304 2754 Ne
336 2698 473 2752 ferat
503 2705 756 2769 optantes
789 2699 979 2768 raptim
1002 2698 1289 2752 succensio
1309 2707 1559 2766 mentes;
1949 2699 2102 2752 Astra
2130 2715 2288 2753 sacer
2315 2701 2538 2754 tandem
2570 2701 2896 2756 conscendit
2921 2701 3126 2755 vertice
3158 2701 3350 2771 plexus
3378 2716 3394 2765 ;

231 2791 496 2863 Rcliquize
525 2792 730 2860 sicjam
771 2791 912 2846 victo
941 2797 1110 2845 tortor
1134 2791 1426 2863 ﬂagrorum
1955 2791 2156 2857 Victor,
2190 2802 2245 2847 et
2275 2794 2538 2848 emeritus
2568 2794 2689 2849 coeli
2716 2794 3036 2850 conscendit
3057 2773 3326 2847 honorem

233 2882 325 2938 llic
351 2883 818 2953 superadduntur,
849 2883 993 2937 vinci
1021 2883 1064 2936 si
1097 2881 1235 2936 forte
1269 2882 1562 2953 coquendo
1881 2933 1924 2958 μ
1954 2883 2044 2937 Bis
2075 2892 2296 2939 centum
2328 2885 2470 2940 banc
2493 2893 2718 2940 comunt
2748 2901 2969 2957 quoque
2999 2885 3281 2958 sexaginta
3309 2884 3529 2956 duoque
3563 2899 3577 2937 :

231 2971 362 3026 Ossa
394 2981 598 3042 queant
628 2971 794 3046 longo
820 2971 976 3026 tostis
1005 2972 1199 3025 ardore
1243 2972 1498 3025 medullis
1526 2989 1538 3026 :
1879 2936 1927 2999 (¹
1951 2975 2286 3048 Pignoribus
2314 2985 2486 3032 testes
2503 2993 2644 3049 quos
2673 2978 2790 3033 haec
2807 2977 2894 3033 via
2921 2977 3062 3032 celat
3087 2977 3294 3044 arenis,

235 3067 484 3138 Dumque
506 3068 676 3139 pudet
703 3067 831 3122 Iidei
863 3067 1154 3122 vulcanum
1185 3069 1382 3122 ardore
1406 3067 1715 3138 subactum,
1953 3067 2014 3122 Et
2036 3067 2124 3122 cui
2155 3068 2248 3122 dat
2278 3067 2478 3124 famam
2512 3077 2767 3125 ventrosa
2794 3068 3084 3126 cucurbita
3124 3069 3322 3125 clivus.

1706 3204 1916 3260 CAPUT
1968 3206 2053 3260 VI.

1450 3321 1536 3386 De
1563 3327 1753 3386 santis
1787 3325 2001 3386 Luccia
2030 3333 2082 3384 et
2112 3325 2342 3384 Accciu.

233 3467 366 3523 Tum
394 3466 692 3523 comitante
715 3467 1009 3521 salutarem
1040 3466 1239 3521 Luceia
1262 3473 1480 3521 caterva
1950 3463 2184 3518 Zenonis
2213 3461 2442 3533 insignis
2480 3475 2712 3514 manans
2734 3461 2869 3533 juge
2900 3468 3053 3534 gutta
3072 3460 3387 3532 pata-stram

236 3562 420 3638 Regis,
453 3571 507 3618 et
536 3563 742 3617 Acceize
773 3562 1002 3616 victoria
1031 3561 1264 3616 barbara
1291 3561 1480 3627 comit,
1952 3556 2116 3612 Millia
2155 3569 2320 3626 quem
2359 3559 2564 3608 sectata
2596 3552 2788 3606 decem
2821 3558 2931 3606 tres
2956 3560 3121 3624 atque
3153 3553 3401 3610 ducenti.

235 3653 349 3718 Qua
382 3658 680 3724 properant
710 3651 954 3721 explere,
989 3651 1098 3721 poli
1129 3667 1188 3706 se
1220 3667 1346 3723 rege
1385 3658 1634 3718 vocante,

1730 3772 1936 3828 CAPUT
1975 3773 2084 3829 VII.

941 3903 1017 3963 De
1040 3905 1268 3963 sanctis
1297 3903 1610 3976 Archelao,
1645 3901 1986 3979 Hippolyto,
2038 3897 2345 3957 Vincentio
2377 3905 2428 3956 et
2457 3895 2637 3955 soci-is
2666 3911 2896 3956 eorum.

239 4041 565 4096 Romuleum
599 4039 772 4093 ditant
803 4037 963 4092 etiam
994 4037 1081 4106 pia
1114 4051 1341 4089 munera
1358 4043 1574 4106 portum
1966 4030 2130 4095 Julia,
2161 4046 2288 4085 rure
2320 4044 2418 4082 suo
2452 4027 2656 4081 celebri
2691 4027 2934 4097 disponit
2963 4027 3190 4080 honore.

241 4134 563 4200 Archelaus,
586 4131 748 4186 simul
783 4129 1124 4200 Hippolytus,
1158 4127 1477 4181 Vincentius
1504 4132 1690 4197 atque,
1966 4122 2158 4176 Titulis
2187 4118 2476 4190 triumphis
2499 4118 2618 4189 lege
2643 4115 2839 4171 Christi
2864 4116 3088 4189 Iulgidis

243 4224 514 4278 Praeterea
543 4221 729 4292 plures
756 4219 1064 4284 Quiriacus,
1108 4225 1162 4271 et
1193 4216 1574 4281 Ilerculianus,
1969 4211 2238 4265 Notantur
2269 4209 2390 4263 istic
2431 4207 2765 4262 advenarum
2800 4213 3122 4276 martyrum,

247 4313 427 4367 Enitet
457 4310 548 4365 hic
586 4316 790 4380 martyr
828 4308 1112 4379 fortisque,
1143 4308 1461 4378 decensque
1503 4307 1862 4378 Hyacinthus,
1971 4306 2098 4360 Cum
2122 4303 2386 4368 Martiale,
2428 4300 2626 4372 Aprilis
2657 4316 2722 4355 ac
2753 4300 3053 4363 sodalium,

247 4401 476 4476 Ignibus
514 4400 807 4454 immersus
832 4405 1054 4469 superat
1083 4398 1176 4469 qui
1198 4397 1459 4451 incendia
1501 4397 1677 4463 laetus,
1970 4397 2162 4451 Felicis
2191 4403 2356 4466 atque
2395 4399 2717 4448 ceeterorum
2741 4391 2983 4463 plurium

249 4495 380 4550 Inde
420 4494 579 4548 datus
620 4492 827 4562 rapidis
853 4491 1099 4561 spumosi
1139 4489 1383 4544 ﬂuminis
1424 4488 1607 4554 undis,
1974 4491 2222 4559 lstosquc
2255 4492 2456 4558 praeter
2481 4484 2830 4558 cognitorum
2854 4482 2951 4538 uni
2993 4483 3127 4546 Deo,

251 4586 548 4642 Incolumis
586 4585 747 4639 sicca:
777 4582 1098 4638 redhibetur
1129 4581 1182 4635 in
1223 4596 1423 4656 aggere
1447 4579 1618 4650 ripae;
1890 4622 1948 4690 Β
1975 4578 2072 4643 Qui
2104 4578 2248 4632 circa
2278 4584 2334 4631 et
2358 4574 2499 4629 infra
2523 4574 2682 4628 laude
2712 4573 2896 4646 dignis
2915 4570 3201 4628 Romulam

251 4684 288 4690 _
443 4681 456 4690 .
517 4681 550 4690 ι.
712 4686 720 4690 -
993 4679 1001 4688 ι
1203 4677 1236 4690 ι.
1284 4683 1292 4690 .
1976 4670 2167 4690 IY,L-_.-
2220 4673 2476 4690 --_-_-_a
2501 4665 2776 4690 -ﬂ‘.-..-..l-
2819 4663 3055 4690 0..-..ZL..-

249 4684 382 4738 Tum
406 4681 591 4756 gladio
613 4686 820 4736 sectum
863 4679 1036 4734 servis
1074 4677 1355 4747 comitata,
1385 4690 1680 4746 capessens
1891 4663 1948 4690 ”
1976 4670 2172 4726 Urbem
2213 4665 2778 4726 coronanteﬁ'erendo
2819 4663 3079 4721 fascibus.

1724 4803 1931 4861 CAPUT
1984 4802 2123 4858 VIII.

1577 4932 1652 4992 De
1693 4936 1900 4990 sancto
1941 4923 2266 5003 Sylvcstro.

254 5077 547 5153 Sylvester,
581 5071 858 5131 cathedrae
888 5074 1113 5129 sortitus
1145 5071 1388 5128 culmina
1419 5069 1581 5136 Petri,
1975 5065 2149 5134 Atque
2188 5075 2381 5116 vacare
2420 5058 2531 5113 Deo
2563 5058 2802 5153 discreto
2825 5064 3069 5153 tempore
3091 5050 3384 5152 mandans.

255 5145 468 5228 Patrem
498 5185 558 5225 se
600 5166 778 5240 plebis
807 5167 1023 5240 magnis
1044 5165 1403 5236 minimisque
1441 5161 1713 5234 probabat
1752 5179 1765 5226 ;
1979 5153 2242 5208 Praeterea
2264 5156 2543 5243 certamen
2575 5147 2631 5243 et
2654 5164 2776 5202 cum
2808 5145 3316 5243 gentibusingenS,

258 5262 511 5316 Errantes
550 5237 839 5323 revocans,
872 5237 1147 5311 sectantes
1186 5255 1377 5310 ccelica
1410 5252 1654 5316 ﬁrmans,
1981 5245 2134 5300 Falsa
2158 5240 2411 5297 refutanti
2442 5237 2686 5304 assertis,
2717 5244 2918 5291 etvera
2940 5237 3137 5295 tuenti,
3443 5324 3452 5328 Δ
3556 5315 3568 5328 .

258 5351 522 5426 Regmine
553 5350 789 5404 sollicito
842 5350 1068 5413 clerum,
1115 5345 1492 5418 pepulumque
1539 5343 1878 5418 gubernans,
1983 5339 2248 5409 Quodque
2314 5335 2382 5390 ad
2434 5334 2484 5389 id
2541 5347 2720 5402 usque
2776 5330 2978 5394 datam,
3020 5341 3217 5382 manus
3247 5329 3306 5379 ut
3326 5324 3606 5426 con-traria

259 5411 369 5495 Rc;
391 5441 514 5510 pius
541 5437 797 5491 Ecclesitc
831 5452 1106 5506 perpensa
1146 5435 1303 5489 lance
1336 5431 1570 5487 librabat
3146 5505 3160 5510 _
3325 5411 3534 5482 [ponat,

259 5505 530 5603 Indignis,
559 5526 748 5595 templi
780 5505 839 5579 et
876 5524 1120 5588 t-ibricis,
1156 5522 1448 5592 dignisque
1483 5518 1770 5574 ministris.
1989 5518 2122 5572 Iluic
2153 5516 2361 5572 bellum
2401 5531 2522 5571 cum
2554 5510 2785 5582 Tarpeio
2812 5515 3100 5603 grassmte
3130 5505 3394 5603 dracone,

259 5594 414 5683 Quos
435 5614 996 5690 quoquedisponcns
1026 5618 1186 5665 cauto
1209 5608 1311 5662 sub
1344 5609 1555 5664 honore
1587 5605 1813 5660 dicabat
1987 5605 2240 5662 Carmine
2269 5605 2365 5676 qui
2394 5617 2547 5658 sacro
2579 5608 2788 5668 oratus,
2817 5600 3036 5670 rituque
3069 5594 3327 5668 profano,

261 5711 508 5768 Moribus
531 5709 641 5764 hos
669 5705 891 5771 sanctis,
923 5717 1124 5772 supero
1146 5700 1280 5767 sale,
1303 5699 1548 5755 vestibus
1573 5712 1795 5762 ornans,
1991 5700 2120 5770 Igne
2161 5703 2348 5752 tamen
2380 5696 2500 5752 diro
2527 5693 2684 5763 rupis
2713 5692 2898 5750 vicina
2916 5690 3148 5756 terebat,
