  <div class='ocr_page' id='page_1' title='image "/cluster/home/n/w/nwhite01/storage/ocr_20150623/134-135/uva.x000829784/961.png"; bbox 0 0 3972 6208; ppageno 0'>
   <div class='ocr_carea' id='block_1_1' title="bbox 1175 245 2986 309">
    <p class='ocr_par' dir='ltr' id='par_1_1' title="bbox 1175 245 2986 309">
     <span class='ocr_line' id='line_1_1' title="bbox 1175 245 2986 309; baseline 0.004 -7"><span class='ocrx_word' id='word_1_1' title='bbox 1175 245 1543 305; x_wconf 79' lang='lat' dir='ltr'>FLODOARDI</span> <span class='ocrx_word' id='word_1_2' title='bbox 1585 246 1889 304; x_wconf 77' lang='lat' dir='ltr'>CANONICI</span> <span class='ocrx_word' id='word_1_3' title='bbox 1936 247 2262 305; x_wconf 79' lang='lat' dir='ltr'>REMENSIS</span> <span class='ocrx_word' id='word_1_4' title='bbox 2304 251 2639 307; x_wconf 75' lang='lat' dir='ltr'>OPUSCULA</span> <span class='ocrx_word' id='word_1_5' title='bbox 2680 253 2986 309; x_wconf 79' lang='lat' dir='ltr'>METRICA.</span> 
     </span>
    </p>
   </div>
   <div class='ocr_carea' id='block_1_2' title="bbox 488 363 1620 440">
    <p class='ocr_par' dir='ltr' id='par_1_2' title="bbox 488 363 1620 440">
     <span class='ocr_line' id='line_1_2' title="bbox 488 363 1620 440; baseline -0.002 -18"><span class='ocrx_word' id='word_1_6' title='bbox 488 368 662 427; x_wconf 59' lang='lat' dir='ltr'>lautos</span> <span class='ocrx_word' id='word_1_7' title='bbox 694 363 882 437; x_wconf 87' lang='lat' dir='ltr'>populi</span> <span class='ocrx_word' id='word_1_8' title='bbox 912 381 1170 437; x_wconf 89' lang='lat' dir='ltr'>suprema</span> <span class='ocrx_word' id='word_1_9' title='bbox 1192 372 1343 435; x_wconf 92' lang='lat' dir='ltr'>peste</span> <span class='ocrx_word' id='word_1_10' title='bbox 1368 365 1620 440; x_wconf 76' lang='lat' dir='ltr'>fatigans.</span> 
     </span>
    </p>
   </div>
   <div class='ocr_carea' id='block_1_3' title="bbox 366 455 1768 528">
    <p class='ocr_par' dir='ltr' id='par_1_3' title="bbox 366 455 1768 528">
     <span class='ocr_line' id='line_1_3' title="bbox 366 455 1768 528; baseline -0.001 -17"><span class='ocrx_word' id='word_1_11' title='bbox 366 484 378 511; x_wconf 83' lang='grc' dir='ltr'>ι</span> <span class='ocrx_word' id='word_1_12' title='bbox 474 464 669 514; x_wconf 77' lang='lat' dir='ltr'>avocat</span> <span class='ocrx_word' id='word_1_13' title='bbox 692 458 785 511; x_wconf 90' lang='lat' dir='ltr'>ille</span> <span class='ocrx_word' id='word_1_14' title='bbox 814 462 998 528; x_wconf 80' lang='lat' dir='ltr'>patres</span> <span class='ocrx_word' id='word_1_15' title='bbox 1024 455 1270 511; x_wconf 77' lang='lat' dir='ltr'>ccelestia</span> <span class='ocrx_word' id='word_1_16' title='bbox 1308 455 1453 510; x_wconf 89' lang='lat' dir='ltr'>dona</span> <span class='ocrx_word' id='word_1_17' title='bbox 1473 464 1768 524; x_wconf 87' lang='lat' dir='ltr'>merentes,</span> 
     </span>
    </p>
   </div>
   <div class='ocr_carea' id='block_1_4' title="bbox 393 543 1616 616">
    <p class='ocr_par' dir='ltr' id='par_1_4' title="bbox 393 543 1616 616">
     <span class='ocr_line' id='line_1_4' title="bbox 393 543 1616 616; baseline -0.003 -14"><span class='ocrx_word' id='word_1_18' title='bbox 393 546 659 602; x_wconf 68' lang='lat' dir='ltr'>Praedieat</span> <span class='ocrx_word' id='word_1_19' title='bbox 678 552 734 600; x_wconf 91' lang='lat' dir='ltr'>et</span> <span class='ocrx_word' id='word_1_20' title='bbox 758 543 929 599; x_wconf 88' lang='lat' dir='ltr'>ternis</span> <span class='ocrx_word' id='word_1_21' title='bbox 951 544 1164 616; x_wconf 89' lang='lat' dir='ltr'>jejunia</span> <span class='ocrx_word' id='word_1_22' title='bbox 1184 543 1366 598; x_wconf 91' lang='lat' dir='ltr'>danda</span> <span class='ocrx_word' id='word_1_23' title='bbox 1396 543 1616 615; x_wconf 89' lang='lat' dir='ltr'>diebus,</span> 
     </span>
    </p>
   </div>
   <div class='ocr_carea' id='block_1_5' title="bbox 390 635 1848 712">
    <p class='ocr_par' dir='ltr' id='par_1_5' title="bbox 390 635 1848 712">
     <span class='ocr_line' id='line_1_5' title="bbox 390 635 1848 712; baseline -0.002 -18"><span class='ocrx_word' id='word_1_24' title='bbox 390 639 558 706; x_wconf 83' lang='lat' dir='ltr'>Queis</span> <span class='ocrx_word' id='word_1_25' title='bbox 586 637 844 712; x_wconf 86' lang='lat' dir='ltr'>precibus</span> <span class='ocrx_word' id='word_1_26' title='bbox 866 636 1056 705; x_wconf 86' lang='lat' dir='ltr'>castis,</span> <span class='ocrx_word' id='word_1_27' title='bbox 1085 635 1341 708; x_wconf 90' lang='lat' dir='ltr'>votisque</span> <span class='ocrx_word' id='word_1_28' title='bbox 1379 635 1584 691; x_wconf 76' lang='lat' dir='ltr'>insistit</span> <span class='ocrx_word' id='word_1_29' title='bbox 1612 637 1848 703; x_wconf 82' lang='lat' dir='ltr'>anhelis,</span> 
     </span>
    </p>
   </div>
   <div class='ocr_carea' id='block_1_6' title="bbox 389 725 2005 801">
    <p class='ocr_par' dir='ltr' id='par_1_6' title="bbox 389 725 2005 801">
     <span class='ocr_line' id='line_1_6' title="bbox 389 725 2005 801; baseline -0.002 -16"><span class='ocrx_word' id='word_1_30' title='bbox 389 730 550 785; x_wconf 85' lang='lat' dir='ltr'>Parte</span> <span class='ocrx_word' id='word_1_31' title='bbox 569 728 671 783; x_wconf 97' lang='lat' dir='ltr'>sub</span> <span class='ocrx_word' id='word_1_32' title='bbox 701 727 802 784; x_wconf 85' lang='lat' dir='ltr'>hac</span> <span class='ocrx_word' id='word_1_33' title='bbox 832 726 1029 782; x_wconf 77' lang='lat' dir='ltr'>Christi</span> <span class='ocrx_word' id='word_1_34' title='bbox 1059 732 1117 781; x_wconf 94' lang='lat' dir='ltr'>ut</span> <span class='ocrx_word' id='word_1_35' title='bbox 1155 725 1451 781; x_wconf 83' lang='lat' dir='ltr'>manifesta</span> <span class='ocrx_word' id='word_1_36' title='bbox 1500 726 1747 797; x_wconf 88' lang='lat' dir='ltr'>potentia</span> <span class='ocrx_word' id='word_1_37' title='bbox 1793 726 2005 801; x_wconf 78' lang='lat' dir='ltr'>gliscat.</span> 
     </span>
    </p>
   </div>
   <div class='ocr_carea' id='block_1_7' title="bbox 390 817 1659 893">
    <p class='ocr_par' dir='ltr' id='par_1_7' title="bbox 390 817 1659 893">
     <span class='ocr_line' id='line_1_7' title="bbox 390 817 1659 893; baseline -0.003 -18"><span class='ocrx_word' id='word_1_38' title='bbox 390 820 525 877; x_wconf 86' lang='lat' dir='ltr'>Tum</span> <span class='ocrx_word' id='word_1_39' title='bbox 555 827 741 893; x_wconf 84' lang='lat' dir='ltr'>pastor</span> <span class='ocrx_word' id='word_1_40' title='bbox 768 819 918 875; x_wconf 88' lang='lat' dir='ltr'>visus</span> <span class='ocrx_word' id='word_1_41' title='bbox 946 817 1128 874; x_wconf 83' lang='lat' dir='ltr'>defert</span> <span class='ocrx_word' id='word_1_42' title='bbox 1155 818 1425 874; x_wconf 79' lang='lat' dir='ltr'>solamina</span> <span class='ocrx_word' id='word_1_43' title='bbox 1445 818 1659 885; x_wconf 86' lang='lat' dir='ltr'>Petrus,</span> 
     </span>
    </p>
   </div>
   <div class='ocr_carea' id='block_1_8' title="bbox 391 911 1720 968">
    <p class='ocr_par' dir='ltr' id='par_1_8' title="bbox 391 911 1720 968">
     <span class='ocr_line' id='line_1_8' title="bbox 391 911 1720 968; baseline -0.002 -1"><span class='ocrx_word' id='word_1_44' title='bbox 391 913 522 967; x_wconf 74' lang='lat' dir='ltr'>Cum</span> <span class='ocrx_word' id='word_1_45' title='bbox 550 912 777 968; x_wconf 89' lang='lat' dir='ltr'>monitis</span> <span class='ocrx_word' id='word_1_46' title='bbox 802 911 943 967; x_wconf 81' lang='lat' dir='ltr'>sacri</span> <span class='ocrx_word' id='word_1_47' title='bbox 974 918 1261 967; x_wconf 85' lang='lat' dir='ltr'>sumantur</span> <span class='ocrx_word' id='word_1_48' title='bbox 1290 911 1345 966; x_wconf 91' lang='lat' dir='ltr'>in</span> <span class='ocrx_word' id='word_1_49' title='bbox 1371 911 1567 967; x_wconf 84' lang='lat' dir='ltr'>ordine</span> <span class='ocrx_word' id='word_1_50' title='bbox 1590 911 1720 967; x_wconf 88' lang='lat' dir='ltr'>cleri</span> 
     </span>
    </p>
   </div>
   <div class='ocr_carea' id='block_1_9' title="bbox 386 1003 1661 1075">
    <p class='ocr_par' dir='ltr' id='par_1_9' title="bbox 386 1003 1661 1075">
     <span class='ocr_line' id='line_1_9' title="bbox 386 1003 1661 1075; baseline 0.001 -18"><span class='ocrx_word' id='word_1_51' title='bbox 386 1003 710 1061; x_wconf 69' lang='lat' dir='ltr'>Theodorus</span> <span class='ocrx_word' id='word_1_52' title='bbox 736 1004 941 1071; x_wconf 86' lang='lat' dir='ltr'>senior,</span> <span class='ocrx_word' id='word_1_53' title='bbox 972 1020 1036 1059; x_wconf 89' lang='lat' dir='ltr'>ac</span> <span class='ocrx_word' id='word_1_54' title='bbox 1067 1003 1460 1071; x_wconf 76' lang='lat' dir='ltr'>Felicissimus,</span> <span class='ocrx_word' id='word_1_55' title='bbox 1494 1013 1661 1075; x_wconf 89' lang='lat' dir='ltr'>atque</span> 
     </span>
    </p>
   </div>
   <div class='ocr_carea' id='block_1_10' title="bbox 387 1094 1731 1171">
    <p class='ocr_par' dir='ltr' id='par_1_10' title="bbox 387 1094 1731 1171">
     <span class='ocr_line' id='line_1_10' title="bbox 387 1094 1731 1171; baseline -0.001 -21"><span class='ocrx_word' id='word_1_56' title='bbox 387 1095 605 1151; x_wconf 81' lang='lat' dir='ltr'>Tertius</span> <span class='ocrx_word' id='word_1_57' title='bbox 625 1096 712 1151; x_wconf 89' lang='lat' dir='ltr'>his</span> <span class='ocrx_word' id='word_1_58' title='bbox 732 1095 920 1151; x_wconf 90' lang='lat' dir='ltr'>socius</span> <span class='ocrx_word' id='word_1_59' title='bbox 957 1095 1272 1171; x_wconf 72' lang='lat' dir='ltr'>Dionysius,</span> <span class='ocrx_word' id='word_1_60' title='bbox 1315 1094 1444 1150; x_wconf 88' lang='lat' dir='ltr'>inde</span> <span class='ocrx_word' id='word_1_61' title='bbox 1469 1094 1731 1161; x_wconf 87' lang='lat' dir='ltr'>ministri,</span> 
     </span>
    </p>
   </div>
   <div class='ocr_carea' id='block_1_11' title="bbox 393 1190 1722 1263">
    <p class='ocr_par' dir='ltr' id='par_1_11' title="bbox 393 1190 1722 1263">
     <span class='ocr_line' id='line_1_11' title="bbox 393 1190 1722 1263; baseline -0.001 -18"><span class='ocrx_word' id='word_1_62' title='bbox 393 1190 805 1263; x_wconf 77' lang='lat' dir='ltr'>Romanusque,</span> <span class='ocrx_word' id='word_1_63' title='bbox 836 1199 891 1245; x_wconf 93' lang='lat' dir='ltr'>et</span> <span class='ocrx_word' id='word_1_64' title='bbox 923 1190 1230 1245; x_wconf 83' lang='lat' dir='ltr'>llonoratus</span> <span class='ocrx_word' id='word_1_65' title='bbox 1253 1190 1513 1261; x_wconf 85' lang='lat' dir='ltr'>mysteria</span> <span class='ocrx_word' id='word_1_66' title='bbox 1542 1190 1679 1244; x_wconf 90' lang='lat' dir='ltr'>libet</span> <span class='ocrx_word' id='word_1_67' title='bbox 1708 1207 1722 1255; x_wconf 87' lang='lat'><strong>;</strong></span> 
     </span>
    </p>
   </div>
   <div class='ocr_carea' id='block_1_12' title="bbox 389 1279 1726 1352">
    <p class='ocr_par' dir='ltr' id='par_1_12' title="bbox 389 1279 1726 1352">
     <span class='ocr_line' id='line_1_12' title="bbox 389 1279 1726 1352; baseline 0 -19"><span class='ocrx_word' id='word_1_68' title='bbox 389 1279 483 1334; x_wconf 82' lang='lat' dir='ltr'>llis</span> <span class='ocrx_word' id='word_1_69' title='bbox 509 1280 661 1351; x_wconf 89' lang='lat' dir='ltr'>prius</span> <span class='ocrx_word' id='word_1_70' title='bbox 691 1280 921 1335; x_wconf 89' lang='lat' dir='ltr'>annisus</span> <span class='ocrx_word' id='word_1_71' title='bbox 947 1281 1176 1351; x_wconf 86' lang='lat' dir='ltr'>posthac</span> <span class='ocrx_word' id='word_1_72' title='bbox 1210 1280 1511 1334; x_wconf 88' lang='lat' dir='ltr'>descendat</span> <span class='ocrx_word' id='word_1_73' title='bbox 1537 1279 1726 1352; x_wconf 89' lang='lat' dir='ltr'>agoni,</span> 
     </span>
    </p>
   </div>
   <div class='ocr_carea' id='block_1_13' title="bbox 387 1373 1833 1447">
    <p class='ocr_par' dir='ltr' id='par_1_13' title="bbox 387 1373 1833 1447">
     <span class='ocr_line' id='line_1_13' title="bbox 387 1373 1833 1447; baseline -0.002 -17"><span class='ocrx_word' id='word_1_74' title='bbox 387 1375 620 1432; x_wconf 81' lang='lat' dir='ltr'>Additur</span> <span class='ocrx_word' id='word_1_75' title='bbox 645 1382 700 1429; x_wconf 89' lang='lat' dir='ltr'>et</span> <span class='ocrx_word' id='word_1_76' title='bbox 720 1375 854 1447; x_wconf 86' lang='lat' dir='ltr'>quid</span> <span class='ocrx_word' id='word_1_77' title='bbox 890 1374 1217 1447; x_wconf 90' lang='lat' dir='ltr'>reppererit,</span> <span class='ocrx_word' id='word_1_78' title='bbox 1246 1374 1378 1446; x_wconf 90' lang='lat' dir='ltr'>quid</span> <span class='ocrx_word' id='word_1_79' title='bbox 1412 1375 1655 1429; x_wconf 89' lang='lat' dir='ltr'>muneris</span> <span class='ocrx_word' id='word_1_80' title='bbox 1685 1373 1833 1441; x_wconf 90' lang='lat' dir='ltr'>edat,</span> 
     </span>
    </p>
   </div>
   <div class='ocr_carea' id='block_1_14' title="bbox 390 1473 1816 1549">
    <p class='ocr_par' dir='ltr' id='par_1_14' title="bbox 390 1473 1816 1549">
     <span class='ocr_line' id='line_1_14' title="bbox 390 1473 1816 1549; baseline 0 -22"><span class='ocrx_word' id='word_1_81' title='bbox 390 1473 609 1529; x_wconf 80' lang='lat' dir='ltr'>Hostem</span> <span class='ocrx_word' id='word_1_82' title='bbox 647 1489 757 1547; x_wconf 92' lang='lat' dir='ltr'>quo</span> <span class='ocrx_word' id='word_1_83' title='bbox 787 1473 968 1529; x_wconf 92' lang='lat' dir='ltr'>dirum</span> <span class='ocrx_word' id='word_1_84' title='bbox 992 1474 1259 1549; x_wconf 85' lang='lat' dir='ltr'>subigens</span> <span class='ocrx_word' id='word_1_85' title='bbox 1289 1474 1592 1528; x_wconf 87' lang='lat' dir='ltr'>certamine</span> <span class='ocrx_word' id='word_1_86' title='bbox 1633 1473 1816 1528; x_wconf 82' lang='lat' dir='ltr'>vincat</span> 
     </span>
    </p>
   </div>
   <div class='ocr_carea' id='block_1_15' title="bbox 389 1564 1667 1640">
    <p class='ocr_par' dir='ltr' id='par_1_15' title="bbox 389 1564 1667 1640">
     <span class='ocr_line' id='line_1_15' title="bbox 389 1564 1667 1640; baseline 0.001 -22"><span class='ocrx_word' id='word_1_87' title='bbox 389 1564 731 1640; x_wconf 83' lang='lat' dir='ltr'>Aggrediens</span> <span class='ocrx_word' id='word_1_88' title='bbox 772 1564 874 1619; x_wconf 92' lang='lat' dir='ltr'>init</span> <span class='ocrx_word' id='word_1_89' title='bbox 912 1580 1105 1619; x_wconf 89' lang='lat' dir='ltr'>aversa</span> <span class='ocrx_word' id='word_1_90' title='bbox 1136 1572 1375 1619; x_wconf 90' lang='lat' dir='ltr'>terrente</span> <span class='ocrx_word' id='word_1_91' title='bbox 1405 1566 1667 1631; x_wconf 88' lang='lat' dir='ltr'>cohorte;</span> 
     </span>
    </p>
   </div>
   <div class='ocr_carea' id='block_1_16' title="bbox 3654 260 3751 316">
    <p class='ocr_par' dir='ltr' id='par_1_16' title="bbox 3654 260 3751 316">
     <span class='ocr_line' id='line_1_16' title="bbox 3654 260 3751 316; baseline -0.041 0"><span class='ocrx_word' id='word_1_92' title='bbox 3654 260 3751 316; x_wconf 75' lang='lat'>752</span> 
     </span>
    </p>
   </div>
   <div class='ocr_carea' id='block_1_17' title="bbox 2038 370 3659 441">
    <p class='ocr_par' dir='ltr' id='par_1_17' title="bbox 2038 370 3659 441">
     <span class='ocr_line' id='line_1_17' title="bbox 2038 370 3659 441; baseline 0.007 -19"><span class='ocrx_word' id='word_1_93' title='bbox 2038 375 2088 441; x_wconf 80' lang='grc' dir='ltr'><strong>Α</strong></span> <span class='ocrx_word' id='word_1_94' title='bbox 2117 370 2297 441; x_wconf 66' lang='lat' dir='ltr'>Seque</span> <span class='ocrx_word' id='word_1_95' title='bbox 2330 372 2610 425; x_wconf 80' lang='lat' dir='ltr'>hominem</span> <span class='ocrx_word' id='word_1_96' title='bbox 2644 374 2896 428; x_wconf 83' lang='lat' dir='ltr'>meminit</span> <span class='ocrx_word' id='word_1_97' title='bbox 2922 374 3026 428; x_wconf 89' lang='lat' dir='ltr'>sub</span> <span class='ocrx_word' id='word_1_98' title='bbox 3055 376 3379 431; x_wconf 91' lang='lat' dir='ltr'>conditione</span> <span class='ocrx_word' id='word_1_99' title='bbox 3410 387 3659 434; x_wconf 88' lang='lat' dir='ltr'>creatum</span> 
     </span>
    </p>
   </div>
   <div class='ocr_carea' id='block_1_18' title="bbox 2116 458 3603 539">
    <p class='ocr_par' dir='ltr' id='par_1_18' title="bbox 2116 458 3603 539">
     <span class='ocr_line' id='line_1_18' title="bbox 2116 458 3603 539; baseline 0.01 -30"><span class='ocrx_word' id='word_1_100' title='bbox 2116 458 2407 513; x_wconf 85' lang='lat' dir='ltr'>Servorum</span> <span class='ocrx_word' id='word_1_101' title='bbox 2438 461 2625 528; x_wconf 77' lang='lat' dir='ltr'>simili,</span> <span class='ocrx_word' id='word_1_102' title='bbox 2653 471 2816 534; x_wconf 84' lang='lat' dir='ltr'>atque</span> <span class='ocrx_word' id='word_1_103' title='bbox 2851 464 2965 534; x_wconf 90' lang='lat' dir='ltr'>pari</span> <span class='ocrx_word' id='word_1_104' title='bbox 2999 465 3091 536; x_wconf 88' lang='lat' dir='ltr'>qui</span> <span class='ocrx_word' id='word_1_105' title='bbox 3132 476 3323 539; x_wconf 78' lang='lat' dir='ltr'>surgat</span> <span class='ocrx_word' id='word_1_106' title='bbox 3351 468 3421 522; x_wconf 89' lang='lat' dir='ltr'>ab</span> <span class='ocrx_word' id='word_1_107' title='bbox 3451 476 3603 535; x_wconf 91' lang='lat' dir='ltr'>ortu,</span> 
     </span>
    </p>
   </div>
   <div class='ocr_carea' id='block_1_19' title="bbox 2110 550 3321 629">
    <p class='ocr_par' dir='ltr' id='par_1_19' title="bbox 2110 550 3321 629">
     <span class='ocr_line' id='line_1_19' title="bbox 2110 550 3321 629; baseline 0.007 -24"><span class='ocrx_word' id='word_1_108' title='bbox 2110 550 2221 606; x_wconf 90' lang='lat' dir='ltr'>Nec</span> <span class='ocrx_word' id='word_1_109' title='bbox 2250 568 2412 607; x_wconf 85' lang='lat' dir='ltr'>causa</span> <span class='ocrx_word' id='word_1_110' title='bbox 2446 572 2542 625; x_wconf 90' lang='lat' dir='ltr'>par</span> <span class='ocrx_word' id='word_1_111' title='bbox 2562 571 2685 609; x_wconf 87' lang='lat' dir='ltr'>esse</span> <span class='ocrx_word' id='word_1_112' title='bbox 2706 556 2789 611; x_wconf 91' lang='lat' dir='ltr'>sui</span> <span class='ocrx_word' id='word_1_113' title='bbox 2832 564 2909 613; x_wconf 93' lang='lat' dir='ltr'>tot</span> <span class='ocrx_word' id='word_1_114' title='bbox 2937 556 3109 612; x_wconf 85' lang='lat' dir='ltr'>millia</span> <span class='ocrx_word' id='word_1_115' title='bbox 3141 559 3321 629; x_wconf 89' lang='lat' dir='ltr'>perdi.</span> 
     </span>
    </p>
   </div>
   <div class='ocr_carea' id='block_1_20' title="bbox 2112 646 3466 723">
    <p class='ocr_par' dir='ltr' id='par_1_20' title="bbox 2112 646 3466 723">
     <span class='ocr_line' id='line_1_20' title="bbox 2112 646 3466 723; baseline 0.01 -25"><span class='ocrx_word' id='word_1_116' title='bbox 2112 646 2319 701; x_wconf 81' lang='lat' dir='ltr'>Servati</span> <span class='ocrx_word' id='word_1_117' title='bbox 2352 647 2405 701; x_wconf 91' lang='lat' dir='ltr'>in</span> <span class='ocrx_word' id='word_1_118' title='bbox 2431 649 2822 719; x_wconf 88' lang='lat' dir='ltr'>tumidosjuris</span> <span class='ocrx_word' id='word_1_119' title='bbox 2864 652 3234 709; x_wconf 90' lang='lat' dir='ltr'>reminiscitur</span> <span class='ocrx_word' id='word_1_120' title='bbox 3256 654 3466 723; x_wconf 87' lang='lat' dir='ltr'>hostes,</span> 
     </span>
    </p>
   </div>
   <div class='ocr_carea' id='block_1_21' title="bbox 2111 736 3542 818">
    <p class='ocr_par' dir='ltr' id='par_1_21' title="bbox 2111 736 3542 818">
     <span class='ocr_line' id='line_1_21' title="bbox 2111 736 3542 818; baseline 0.009 -29"><span class='ocrx_word' id='word_1_121' title='bbox 2111 736 2495 810; x_wconf 85' lang='lat' dir='ltr'>Subjectisque</span> <span class='ocrx_word' id='word_1_122' title='bbox 2518 741 2689 809; x_wconf 89' lang='lat' dir='ltr'>pudet</span> <span class='ocrx_word' id='word_1_123' title='bbox 2718 758 2981 797; x_wconf 87' lang='lat' dir='ltr'>concessa</span> <span class='ocrx_word' id='word_1_124' title='bbox 2997 759 3198 815; x_wconf 88' lang='lat' dir='ltr'>negare</span> <span class='ocrx_word' id='word_1_125' title='bbox 3233 762 3247 799; x_wconf 94' lang='lat'><strong>:</strong></span> <span class='ocrx_word' id='word_1_126' title='bbox 3273 746 3542 818; x_wconf 87' lang='lat' dir='ltr'>superbis</span> 
     </span>
    </p>
   </div>
   <div class='ocr_carea' id='block_1_22' title="bbox 2114 829 3613 904">
    <p class='ocr_par' dir='ltr' id='par_1_22' title="bbox 2114 829 3613 904">
     <span class='ocr_line' id='line_1_22' title="bbox 2114 829 3613 904; baseline 0.007 -21"><span class='ocrx_word' id='word_1_127' title='bbox 2114 829 2376 885; x_wconf 90' lang='lat' dir='ltr'>llostibus</span> <span class='ocrx_word' id='word_1_128' title='bbox 2399 850 2519 887; x_wconf 84' lang='lat' dir='ltr'>esse</span> <span class='ocrx_word' id='word_1_129' title='bbox 2554 842 2780 904; x_wconf 79' lang='lat' dir='ltr'>patrem,</span> <span class='ocrx_word' id='word_1_130' title='bbox 2805 835 3086 890; x_wconf 83' lang='lat' dir='ltr'>crudelem</span> <span class='ocrx_word' id='word_1_131' title='bbox 3110 837 3327 893; x_wconf 81' lang='lat' dir='ltr'>civibus</span> <span class='ocrx_word' id='word_1_132' title='bbox 3355 840 3573 895; x_wconf 86' lang='lat' dir='ltr'>hostem</span> <span class='ocrx_word' id='word_1_133' title='bbox 3600 858 3613 893; x_wconf 90' lang='lat'><strong>:</strong></span> 
     </span>
    </p>
   </div>
   <div class='ocr_carea' id='block_1_23' title="bbox 2119 919 3381 994">
    <p class='ocr_par' dir='ltr' id='par_1_23' title="bbox 2119 919 3381 994">
     <span class='ocr_line' id='line_1_23' title="bbox 2119 919 3381 994; baseline 0.009 -22"><span class='ocrx_word' id='word_1_134' title='bbox 2119 919 2365 975; x_wconf 87' lang='lat' dir='ltr'>Victores</span> <span class='ocrx_word' id='word_1_135' title='bbox 2409 923 2553 977; x_wconf 69' lang='lat' dir='ltr'>\iliis</span> <span class='ocrx_word' id='word_1_136' title='bbox 2585 924 2913 994; x_wconf 83' lang='lat' dir='ltr'>pepulerum</span> <span class='ocrx_word' id='word_1_137' title='bbox 2955 926 3153 981; x_wconf 83' lang='lat' dir='ltr'>cedere</span> <span class='ocrx_word' id='word_1_138' title='bbox 3184 928 3381 993; x_wconf 87' lang='lat' dir='ltr'>victos,</span> 
     </span>
    </p>
   </div>
   <div class='ocr_carea' id='block_1_24' title="bbox 2119 1013 3575 1089">
    <p class='ocr_par' dir='ltr' id='par_1_24' title="bbox 2119 1013 3575 1089">
     <span class='ocr_line' id='line_1_24' title="bbox 2119 1013 3575 1089; baseline 0.005 -23"><span class='ocrx_word' id='word_1_139' title='bbox 2119 1013 2358 1088; x_wconf 82' lang='lat' dir='ltr'>Legibus</span> <span class='ocrx_word' id='word_1_140' title='bbox 2390 1020 2552 1082; x_wconf 90' lang='lat' dir='ltr'>atque</span> <span class='ocrx_word' id='word_1_141' title='bbox 2587 1032 2711 1071; x_wconf 89' lang='lat' dir='ltr'>reos</span> <span class='ocrx_word' id='word_1_142' title='bbox 2745 1017 2983 1087; x_wconf 83' lang='lat' dir='ltr'>propriis</span> <span class='ocrx_word' id='word_1_143' title='bbox 3013 1019 3314 1089; x_wconf 86' lang='lat' dir='ltr'>grassando</span> <span class='ocrx_word' id='word_1_144' title='bbox 3347 1020 3527 1074; x_wconf 89' lang='lat' dir='ltr'>teneri</span> <span class='ocrx_word' id='word_1_145' title='bbox 3559 1036 3575 1086; x_wconf 90' lang='lat'><strong>;</strong></span> 
     </span>
    </p>
   </div>
   <div class='ocr_carea' id='block_1_25' title="bbox 2116 1105 3491 1181">
    <p class='ocr_par' dir='ltr' id='par_1_25' title="bbox 2116 1105 3491 1181">
     <span class='ocr_line' id='line_1_25' title="bbox 2116 1105 3491 1181; baseline 0.006 -22"><span class='ocrx_word' id='word_1_146' title='bbox 2116 1105 2318 1177; x_wconf 86' lang='lat' dir='ltr'>Sicque</span> <span class='ocrx_word' id='word_1_147' title='bbox 2343 1106 2497 1175; x_wconf 87' lang='lat' dir='ltr'>juvat</span> <span class='ocrx_word' id='word_1_148' title='bbox 2518 1108 2716 1163; x_wconf 88' lang='lat' dir='ltr'>virtute</span> <span class='ocrx_word' id='word_1_149' title='bbox 2746 1108 2891 1163; x_wconf 87' lang='lat' dir='ltr'>feros</span> <span class='ocrx_word' id='word_1_150' title='bbox 2923 1126 3257 1180; x_wconf 87' lang='lat' dir='ltr'>componere</span> <span class='ocrx_word' id='word_1_151' title='bbox 3284 1128 3491 1181; x_wconf 90' lang='lat' dir='ltr'>mores,</span> 
     </span>
    </p>
   </div>
   <div class='ocr_carea' id='block_1_26' title="bbox 2117 1195 3260 1269">
    <p class='ocr_par' dir='ltr' id='par_1_26' title="bbox 2117 1195 3260 1269">
     <span class='ocr_line' id='line_1_26' title="bbox 2117 1195 3260 1269; baseline 0.007 -21"><span class='ocrx_word' id='word_1_152' title='bbox 2117 1195 2344 1251; x_wconf 87' lang='lat' dir='ltr'>Vincere</span> <span class='ocrx_word' id='word_1_153' title='bbox 2367 1198 2596 1261; x_wconf 62' lang='lat' dir='ltr'>saevitia,</span> <span class='ocrx_word' id='word_1_154' title='bbox 2626 1200 2741 1253; x_wconf 87' lang='lat' dir='ltr'>sola</span> <span class='ocrx_word' id='word_1_155' title='bbox 2778 1200 2980 1269; x_wconf 86' lang='lat' dir='ltr'>pietate</span> <span class='ocrx_word' id='word_1_156' title='bbox 3005 1202 3217 1255; x_wconf 90' lang='lat' dir='ltr'>domari</span> <span class='ocrx_word' id='word_1_157' title='bbox 3246 1221 3260 1268; x_wconf 88' lang='lat'><strong>;</strong></span> 
     </span>
    </p>
   </div>
   <div class='ocr_carea' id='block_1_27' title="bbox 2118 1284 3463 1359">
    <p class='ocr_par' dir='ltr' id='par_1_27' title="bbox 2118 1284 3463 1359">
     <span class='ocr_line' id='line_1_27' title="bbox 2118 1284 3463 1359; baseline 0.004 -19"><span class='ocrx_word' id='word_1_158' title='bbox 2118 1284 2429 1342; x_wconf 89' lang='lat' dir='ltr'>Contemnit</span> <span class='ocrx_word' id='word_1_159' title='bbox 2452 1288 2625 1357; x_wconf 87' lang='lat' dir='ltr'>pietas</span> <span class='ocrx_word' id='word_1_160' title='bbox 2642 1305 2855 1344; x_wconf 92' lang='lat' dir='ltr'>morum</span> <span class='ocrx_word' id='word_1_161' title='bbox 2884 1291 3134 1345; x_wconf 88' lang='lat' dir='ltr'>consulta</span> <span class='ocrx_word' id='word_1_162' title='bbox 3157 1308 3463 1359; x_wconf 86' lang='lat' dir='ltr'>sacrorum,</span> 
     </span>
    </p>
   </div>
   <div class='ocr_carea' id='block_1_28' title="bbox 2113 1376 3639 1454">
    <p class='ocr_par' dir='ltr' id='par_1_28' title="bbox 2113 1376 3639 1454">
     <span class='ocr_line' id='line_1_28' title="bbox 2113 1376 3639 1454; baseline 0.006 -26"><span class='ocrx_word' id='word_1_163' title='bbox 2113 1376 2289 1447; x_wconf 77' lang='lat' dir='ltr'>Atque</span> <span class='ocrx_word' id='word_1_164' title='bbox 2319 1376 2436 1430; x_wconf 88' lang='lat' dir='ltr'>dari</span> <span class='ocrx_word' id='word_1_165' title='bbox 2465 1377 2722 1447; x_wconf 77' lang='lat' dir='ltr'>lacrymis</span> <span class='ocrx_word' id='word_1_166' title='bbox 2752 1380 3085 1435; x_wconf 79' lang='lat' dir='ltr'>mandantur</span> <span class='ocrx_word' id='word_1_167' title='bbox 3115 1381 3348 1454; x_wconf 82' lang='lat' dir='ltr'>pignora</span> <span class='ocrx_word' id='word_1_168' title='bbox 3376 1388 3639 1437; x_wconf 86' lang='lat' dir='ltr'>matrum.</span> 
     </span>
    </p>
   </div>
   <div class='ocr_carea' id='block_1_29' title="bbox 2112 1464 3624 1555">
    <p class='ocr_par' dir='ltr' id='par_1_29' title="bbox 2112 1464 3624 1555">
     <span class='ocr_line' id='line_1_29' title="bbox 2112 1464 3624 1555; baseline 0.005 -37"><span class='ocrx_word' id='word_1_169' title='bbox 2112 1464 2337 1519; x_wconf 73' lang='lat' dir='ltr'>Pectora</span> <span class='ocrx_word' id='word_1_170' title='bbox 2369 1467 2614 1536; x_wconf 86' lang='lat' dir='ltr'>percellit</span> <span class='ocrx_word' id='word_1_171' title='bbox 2645 1475 2857 1555; x_wconf 72' lang='lat' dir='ltr'>stupor,</span> <span class='ocrx_word' id='word_1_172' title='bbox 2890 1485 2953 1523; x_wconf 90' lang='lat' dir='ltr'>ac</span> <span class='ocrx_word' id='word_1_173' title='bbox 2986 1481 3162 1525; x_wconf 90' lang='lat' dir='ltr'>metus</span> <span class='ocrx_word' id='word_1_174' title='bbox 3191 1470 3383 1525; x_wconf 91' lang='lat' dir='ltr'>intima</span> <span class='ocrx_word' id='word_1_175' title='bbox 3414 1471 3624 1541; x_wconf 87' lang='lat' dir='ltr'>pulsat,</span> 
     </span>
    </p>
   </div>
   <div class='ocr_carea' id='block_1_30' title="bbox 2112 1558 3412 1631">
    <p class='ocr_par' dir='ltr' id='par_1_30' title="bbox 2112 1558 3412 1631">
     <span class='ocr_line' id='line_1_30' title="bbox 2112 1558 3412 1631; baseline 0.004 -18"><span class='ocrx_word' id='word_1_176' title='bbox 2112 1558 2347 1614; x_wconf 89' lang='lat' dir='ltr'>Credere</span> <span class='ocrx_word' id='word_1_177' title='bbox 2381 1577 2481 1614; x_wconf 90' lang='lat' dir='ltr'>nec</span> <span class='ocrx_word' id='word_1_178' title='bbox 2509 1560 2655 1613; x_wconf 82' lang='lat' dir='ltr'>facili</span> <span class='ocrx_word' id='word_1_179' title='bbox 2685 1562 2950 1616; x_wconf 89' lang='lat' dir='ltr'>suadetur</span> <span class='ocrx_word' id='word_1_180' title='bbox 2990 1562 3206 1617; x_wconf 86' lang='lat' dir='ltr'>tramite</span> <span class='ocrx_word' id='word_1_181' title='bbox 3238 1581 3252 1631; x_wconf 90' lang='lat'><strong>;</strong></span> <span class='ocrx_word' id='word_1_182' title='bbox 3286 1563 3412 1618; x_wconf 63' lang='lat' dir='ltr'>larta</span> 
     </span>
    </p>
   </div>
   <div class='ocr_carea' id='block_1_31' title="bbox 390 1652 3415 1764">
    <p class='ocr_par' dir='ltr' id='par_1_31' title="bbox 390 1652 3415 1764">
     <span class='ocr_line' id='line_1_31' title="bbox 390 1652 3415 1764; baseline -0.001 -50"><span class='ocrx_word' id='word_1_183' title='bbox 390 1657 696 1714; x_wconf 87' lang='lat' dir='ltr'>lnstructus</span> <span class='ocrx_word' id='word_1_184' title='bbox 734 1655 1024 1723; x_wconf 90' lang='lat' dir='ltr'>latebram,</span> <span class='ocrx_word' id='word_1_185' title='bbox 1083 1656 1506 1728; x_wconf 88' lang='lat' dir='ltr'>intrepidusque</span> <span class='ocrx_word' id='word_1_186' title='bbox 1558 1656 1813 1711; x_wconf 90' lang='lat' dir='ltr'>barathra</span> <span class='ocrx_word' id='word_1_187' title='bbox 1840 1673 2012 1727; x_wconf 85' lang='lat' dir='ltr'>penc-</span> <span class='ocrx_word' id='word_1_188' title='bbox 2037 1696 2086 1764; x_wconf 76' lang='grc' dir='ltr'><strong><em>Β</em></strong></span> <span class='ocrx_word' id='word_1_189' title='bbox 2113 1652 2393 1725; x_wconf 82' lang='lat' dir='ltr'>Augentur</span> <span class='ocrx_word' id='word_1_190' title='bbox 2414 1654 2643 1723; x_wconf 74' lang='lat' dir='ltr'>trepidis</span> <span class='ocrx_word' id='word_1_191' title='bbox 2661 1654 2953 1721; x_wconf 85' lang='lat' dir='ltr'>solamina,</span> <span class='ocrx_word' id='word_1_192' title='bbox 2976 1657 3202 1726; x_wconf 75' lang='lat' dir='ltr'>praunia</span> <span class='ocrx_word' id='word_1_193' title='bbox 3237 1657 3415 1723; x_wconf 84' lang='lat' dir='ltr'>callis,</span> 
     </span>
     <span class='ocr_line' id='line_1_32' title="bbox 1774 1741 3388 1764; baseline 0 0"><span class='ocrx_word' id='word_1_194' title='bbox 1774 1752 1802 1764; x_wconf 73' lang='grc' dir='ltr'><em>ι.</em></span> <span class='ocrx_word' id='word_1_195' title='bbox 1881 1761 1888 1764; x_wconf 71' lang='lat'>.</span> <span class='ocrx_word' id='word_1_196' title='bbox 2121 1741 2433 1764; x_wconf 67' lang='grc' dir='ltr'>Δ,1Σ.-..-..ι-</span> <span class='ocrx_word' id='word_1_197' title='bbox 2466 1742 2564 1764; x_wconf 64' lang='grc' dir='ltr'>-.ΞΜ</span> <span class='ocrx_word' id='word_1_198' title='bbox 2622 1743 2875 1764; x_wconf 32' lang='grc' dir='ltr'>1-μ-.,..-ιῖγ</span> <span class='ocrx_word' id='word_1_199' title='bbox 2944 1762 3000 1764; x_wconf 57' lang='lat'>_._</span> <span class='ocrx_word' id='word_1_200' title='bbox 3031 1746 3089 1764; x_wconf 63' lang='grc' dir='ltr'>ι’,</span> <span class='ocrx_word' id='word_1_201' title='bbox 3142 1762 3151 1764; x_wconf 67' lang='lat'><strong><em>_</em></strong></span> <span class='ocrx_word' id='word_1_202' title='bbox 3202 1763 3211 1764; x_wconf 32' lang='grc' dir='ltr'><em>κ</em></span> <span class='ocrx_word' id='word_1_203' title='bbox 3376 1755 3388 1764; x_wconf 80' lang='grc'><strong>.</strong></span> 
     </span>
    </p>
   </div>
   <div class='ocr_carea' id='block_1_32' title="bbox 1774 1752 1931 1824">
    <p class='ocr_par' dir='ltr' id='par_1_32' title="bbox 1774 1752 1931 1824">
     <span class='ocr_line' id='line_1_33' title="bbox 1774 1752 1931 1824; baseline 0.013 -19"><span class='ocrx_word' id='word_1_204' title='bbox 1774 1752 1895 1824; x_wconf 89' lang='lat' dir='ltr'>[trat</span> <span class='ocrx_word' id='word_1_205' title='bbox 1917 1770 1931 1819; x_wconf 88' lang='lat'><strong>;</strong></span> 
     </span>
    </p>
   </div>
   <div class='ocr_carea' id='block_1_33' title="bbox 385 1842 1790 1916">
    <p class='ocr_par' dir='ltr' id='par_1_33' title="bbox 385 1842 1790 1916">
     <span class='ocr_line' id='line_1_34' title="bbox 385 1842 1790 1916; baseline 0 -17"><span class='ocrx_word' id='word_1_206' title='bbox 385 1843 689 1915; x_wconf 78' lang='lat' dir='ltr'>Appellens</span> <span class='ocrx_word' id='word_1_207' title='bbox 728 1843 950 1899; x_wconf 88' lang='lat' dir='ltr'>tandem</span> <span class='ocrx_word' id='word_1_208' title='bbox 980 1842 1156 1898; x_wconf 89' lang='lat' dir='ltr'>rabidi</span> <span class='ocrx_word' id='word_1_209' title='bbox 1188 1843 1255 1898; x_wconf 91' lang='lat' dir='ltr'>ad</span> <span class='ocrx_word' id='word_1_210' title='bbox 1288 1844 1496 1916; x_wconf 65' lang='lat' dir='ltr'>spelma</span> <span class='ocrx_word' id='word_1_211' title='bbox 1522 1844 1790 1916; x_wconf 76' lang='lat' dir='ltr'>chelydri,</span> 
     </span>
    </p>
   </div>
   <div class='ocr_carea' id='block_1_34' title="bbox 386 1935 1862 2008">
    <p class='ocr_par' dir='ltr' id='par_1_34' title="bbox 386 1935 1862 2008">
     <span class='ocr_line' id='line_1_35' title="bbox 386 1935 1862 2008; baseline 0 -17"><span class='ocrx_word' id='word_1_212' title='bbox 386 1935 809 2008; x_wconf 87' lang='lat' dir='ltr'>Obtrudensque</span> <span class='ocrx_word' id='word_1_213' title='bbox 835 1937 1070 2001; x_wconf 89' lang='lat' dir='ltr'>hostem,</span> <span class='ocrx_word' id='word_1_214' title='bbox 1112 1935 1296 1990; x_wconf 91' lang='lat' dir='ltr'>valvas</span> <span class='ocrx_word' id='word_1_215' title='bbox 1324 1936 1426 1991; x_wconf 88' lang='lat' dir='ltr'>sidi</span> <span class='ocrx_word' id='word_1_216' title='bbox 1453 1936 1603 1991; x_wconf 87' lang='lat' dir='ltr'>ducit</span> <span class='ocrx_word' id='word_1_217' title='bbox 1633 1938 1862 2002; x_wconf 89' lang='lat' dir='ltr'>ahenas,</span> 
     </span>
    </p>
   </div>
   <div class='ocr_carea' id='block_1_35' title="bbox 386 2026 1832 2099">
    <p class='ocr_par' dir='ltr' id='par_1_35' title="bbox 386 2026 1832 2099">
     <span class='ocr_line' id='line_1_36' title="bbox 386 2026 1832 2099; baseline 0.002 -18"><span class='ocrx_word' id='word_1_218' title='bbox 386 2026 506 2082; x_wconf 80' lang='lat' dir='ltr'>Mox</span> <span class='ocrx_word' id='word_1_219' title='bbox 536 2027 786 2098; x_wconf 87' lang='lat' dir='ltr'>chalybis</span> <span class='ocrx_word' id='word_1_220' title='bbox 813 2026 995 2083; x_wconf 86' lang='lat' dir='ltr'>vinclo</span> <span class='ocrx_word' id='word_1_221' title='bbox 1025 2027 1228 2099; x_wconf 84' lang='lat' dir='ltr'>cyclos,</span> <span class='ocrx_word' id='word_1_222' title='bbox 1256 2035 1421 2099; x_wconf 87' lang='lat' dir='ltr'>atque</span> <span class='ocrx_word' id='word_1_223' title='bbox 1462 2030 1604 2084; x_wconf 90' lang='lat' dir='ltr'>ostia</span> <span class='ocrx_word' id='word_1_224' title='bbox 1633 2030 1832 2097; x_wconf 88' lang='lat' dir='ltr'>munit,</span> 
     </span>
    </p>
   </div>
   <div class='ocr_carea' id='block_1_36' title="bbox 387 2123 1935 2195">
    <p class='ocr_par' dir='ltr' id='par_1_36' title="bbox 387 2123 1935 2195">
     <span class='ocr_line' id='line_1_37' title="bbox 387 2123 1935 2195; baseline 0 -18"><span class='ocrx_word' id='word_1_225' title='bbox 387 2123 549 2178; x_wconf 84' lang='lat' dir='ltr'>Ferro</span> <span class='ocrx_word' id='word_1_226' title='bbox 579 2130 742 2195; x_wconf 89' lang='lat' dir='ltr'>atque</span> <span class='ocrx_word' id='word_1_227' title='bbox 762 2138 870 2178; x_wconf 66' lang='lat' dir='ltr'>aere</span> <span class='ocrx_word' id='word_1_228' title='bbox 902 2123 1046 2178; x_wconf 89' lang='lat' dir='ltr'>luem</span> <span class='ocrx_word' id='word_1_229' title='bbox 1072 2123 1340 2189; x_wconf 86' lang='lat' dir='ltr'>subdens,</span> <span class='ocrx_word' id='word_1_230' title='bbox 1367 2131 1420 2178; x_wconf 93' lang='lat' dir='ltr'>et</span> <span class='ocrx_word' id='word_1_231' title='bbox 1446 2125 1596 2179; x_wconf 86' lang='lat' dir='ltr'>clave</span> <span class='ocrx_word' id='word_1_232' title='bbox 1625 2140 1888 2180; x_wconf 86' lang='lat' dir='ltr'>coercens</span> <span class='ocrx_word' id='word_1_233' title='bbox 1919 2143 1935 2189; x_wconf 84' lang='lat'><strong><em>;</em></strong></span> 
     </span>
    </p>
   </div>
   <div class='ocr_carea' id='block_1_37' title="bbox 388 2209 1702 2284">
    <p class='ocr_par' dir='ltr' id='par_1_37' title="bbox 388 2209 1702 2284">
     <span class='ocr_line' id='line_1_38' title="bbox 388 2209 1702 2284; baseline 0.002 -19"><span class='ocrx_word' id='word_1_234' title='bbox 388 2210 526 2266; x_wconf 90' lang='lat' dir='ltr'>llinc</span> <span class='ocrx_word' id='word_1_235' title='bbox 545 2209 657 2266; x_wconf 86' lang='lat' dir='ltr'>voti</span> <span class='ocrx_word' id='word_1_236' title='bbox 688 2226 917 2283; x_wconf 90' lang='lat' dir='ltr'>compos</span> <span class='ocrx_word' id='word_1_237' title='bbox 948 2211 1145 2283; x_wconf 87' lang='lat' dir='ltr'>repetit</span> <span class='ocrx_word' id='word_1_238' title='bbox 1172 2213 1484 2284; x_wconf 89' lang='lat' dir='ltr'>spectacula</span> <span class='ocrx_word' id='word_1_239' title='bbox 1510 2213 1702 2269; x_wconf 88' lang='lat' dir='ltr'>victor.</span> 
     </span>
    </p>
   </div>
   <div class='ocr_carea' id='block_1_38' title="bbox 384 2298 1849 2373">
    <p class='ocr_par' dir='ltr' id='par_1_38' title="bbox 384 2298 1849 2373">
     <span class='ocr_line' id='line_1_39' title="bbox 384 2298 1849 2373; baseline 0.003 -22"><span class='ocrx_word' id='word_1_240' title='bbox 384 2298 700 2371; x_wconf 69' lang='lat' dir='ltr'>Anguicolaa</span> <span class='ocrx_word' id='word_1_241' title='bbox 732 2299 953 2353; x_wconf 89' lang='lat' dir='ltr'>demum</span> <span class='ocrx_word' id='word_1_242' title='bbox 986 2306 1239 2371; x_wconf 90' lang='lat' dir='ltr'>portenta</span> <span class='ocrx_word' id='word_1_243' title='bbox 1278 2301 1503 2356; x_wconf 89' lang='lat' dir='ltr'>subacta</span> <span class='ocrx_word' id='word_1_244' title='bbox 1533 2302 1849 2373; x_wconf 90' lang='lat' dir='ltr'>probantes,</span> 
     </span>
    </p>
   </div>
   <div class='ocr_carea' id='block_1_39' title="bbox 386 2384 1469 2460">
    <p class='ocr_par' dir='ltr' id='par_1_39' title="bbox 386 2384 1469 2460">
     <span class='ocr_line' id='line_1_40' title="bbox 386 2384 1469 2460; baseline 0.004 -21"><span class='ocrx_word' id='word_1_245' title='bbox 386 2384 573 2440; x_wconf 77' lang='lat' dir='ltr'>Livida</span> <span class='ocrx_word' id='word_1_246' title='bbox 602 2387 900 2458; x_wconf 88' lang='lat' dir='ltr'>projiciuut</span> <span class='ocrx_word' id='word_1_247' title='bbox 930 2387 1078 2443; x_wconf 86' lang='lat' dir='ltr'>exuti</span> <span class='ocrx_word' id='word_1_248' title='bbox 1100 2389 1244 2460; x_wconf 90' lang='lat' dir='ltr'>pelle</span> <span class='ocrx_word' id='word_1_249' title='bbox 1274 2388 1469 2454; x_wconf 91' lang='lat' dir='ltr'>ferina,</span> 
     </span>
    </p>
   </div>
   <div class='ocr_carea' id='block_1_40' title="bbox 387 2475 1702 2556">
    <p class='ocr_par' dir='ltr' id='par_1_40' title="bbox 387 2475 1702 2556">
     <span class='ocr_line' id='line_1_41' title="bbox 387 2475 1702 2556; baseline 0.003 -24"><span class='ocrx_word' id='word_1_250' title='bbox 387 2475 798 2551; x_wconf 81' lang='lat' dir='ltr'>Candentisque</span> <span class='ocrx_word' id='word_1_251' title='bbox 825 2479 934 2554; x_wconf 90' lang='lat' dir='ltr'>tegi</span> <span class='ocrx_word' id='word_1_252' title='bbox 967 2488 1248 2556; x_wconf 83' lang='lat' dir='ltr'>gratantes</span> <span class='ocrx_word' id='word_1_253' title='bbox 1279 2482 1530 2537; x_wconf 87' lang='lat' dir='ltr'>vestibus</span> <span class='ocrx_word' id='word_1_254' title='bbox 1552 2481 1702 2555; x_wconf 88' lang='lat' dir='ltr'>agni.</span> 
     </span>
    </p>
   </div>
   <div class='ocr_carea' id='block_1_41' title="bbox 383 2567 1748 2644">
    <p class='ocr_par' dir='ltr' id='par_1_41' title="bbox 383 2567 1748 2644">
     <span class='ocr_line' id='line_1_42' title="bbox 383 2567 1748 2644; baseline 0.005 -24"><span class='ocrx_word' id='word_1_255' title='bbox 383 2567 496 2623; x_wconf 85' lang='lat' dir='ltr'>Nec</span> <span class='ocrx_word' id='word_1_256' title='bbox 526 2568 752 2644; x_wconf 92' lang='lat' dir='ltr'>longum</span> <span class='ocrx_word' id='word_1_257' title='bbox 772 2577 973 2637; x_wconf 87' lang='lat' dir='ltr'>cessat,</span> <span class='ocrx_word' id='word_1_258' title='bbox 1002 2571 1193 2627; x_wconf 88' lang='lat' dir='ltr'>clauso</span> <span class='ocrx_word' id='word_1_259' title='bbox 1223 2582 1505 2643; x_wconf 87' lang='lat' dir='ltr'>serpente,</span> <span class='ocrx_word' id='word_1_260' title='bbox 1537 2581 1748 2627; x_wconf 88' lang='lat' dir='ltr'>cerasta</span> 
     </span>
    </p>
   </div>
   <div class='ocr_carea' id='block_1_42' title="bbox 384 2662 1767 2740">
    <p class='ocr_par' dir='ltr' id='par_1_42' title="bbox 384 2662 1767 2740">
     <span class='ocr_line' id='line_1_43' title="bbox 384 2662 1767 2740; baseline 0.004 -23"><span class='ocrx_word' id='word_1_261' title='bbox 384 2662 718 2719; x_wconf 84' lang='lat' dir='ltr'>Proturbare</span> <span class='ocrx_word' id='word_1_262' title='bbox 750 2664 898 2736; x_wconf 90' lang='lat' dir='ltr'>pios,</span> <span class='ocrx_word' id='word_1_263' title='bbox 932 2663 1156 2740; x_wconf 87' lang='lat' dir='ltr'>instigat</span> <span class='ocrx_word' id='word_1_264' title='bbox 1191 2666 1246 2720; x_wconf 92' lang='lat' dir='ltr'>in</span> <span class='ocrx_word' id='word_1_265' title='bbox 1280 2683 1430 2721; x_wconf 89' lang='lat' dir='ltr'>arma</span> <span class='ocrx_word' id='word_1_266' title='bbox 1460 2666 1723 2737; x_wconf 87' lang='lat' dir='ltr'>profanos</span> <span class='ocrx_word' id='word_1_267' title='bbox 1753 2684 1767 2733; x_wconf 84' lang='lat'><strong>;</strong></span> 
     </span>
    </p>
   </div>
   <div class='ocr_carea' id='block_1_43' title="bbox 386 2753 1754 2831">
    <p class='ocr_par' dir='ltr' id='par_1_43' title="bbox 386 2753 1754 2831">
     <span class='ocr_line' id='line_1_44' title="bbox 386 2753 1754 2831; baseline 0.002 -22"><span class='ocrx_word' id='word_1_268' title='bbox 386 2753 727 2810; x_wconf 64' lang='lat' dir='ltr'>Christicolae</span> <span class='ocrx_word' id='word_1_269' title='bbox 758 2756 916 2811; x_wconf 88' lang='lat' dir='ltr'>divos</span> <span class='ocrx_word' id='word_1_270' title='bbox 954 2757 1232 2828; x_wconf 91' lang='lat' dir='ltr'>suplicent</span> <span class='ocrx_word' id='word_1_271' title='bbox 1257 2759 1437 2812; x_wconf 89' lang='lat' dir='ltr'>edicta</span> <span class='ocrx_word' id='word_1_272' title='bbox 1459 2765 1754 2831; x_wconf 84' lang='lat' dir='ltr'>prOpagat;</span> 
     </span>
    </p>
   </div>
   <div class='ocr_carea' id='block_1_44' title="bbox 385 2842 1879 2918">
    <p class='ocr_par' dir='ltr' id='par_1_44' title="bbox 385 2842 1879 2918">
     <span class='ocr_line' id='line_1_45' title="bbox 385 2842 1879 2918; baseline 0.002 -20"><span class='ocrx_word' id='word_1_273' title='bbox 385 2842 552 2908; x_wconf 83' lang='lat' dir='ltr'>Queis</span> <span class='ocrx_word' id='word_1_274' title='bbox 579 2843 813 2899; x_wconf 89' lang='lat' dir='ltr'>laceram</span> <span class='ocrx_word' id='word_1_275' title='bbox 846 2844 1062 2900; x_wconf 79' lang='lat' dir='ltr'>fervore</span> <span class='ocrx_word' id='word_1_276' title='bbox 1091 2846 1638 2918; x_wconf 73' lang='lat' dir='ltr'>novo:quatientibus</span> <span class='ocrx_word' id='word_1_277' title='bbox 1668 2846 1879 2901; x_wconf 91' lang='lat' dir='ltr'>urbem.</span> 
     </span>
    </p>
   </div>
   <div class='ocr_carea' id='block_1_45' title="bbox 385 2936 1909 3010">
    <p class='ocr_par' dir='ltr' id='par_1_45' title="bbox 385 2936 1909 3010">
     <span class='ocr_line' id='line_1_46' title="bbox 385 2936 1909 3010; baseline 0.003 -19"><span class='ocrx_word' id='word_1_278' title='bbox 385 2936 487 3001; x_wconf 85' lang='lat' dir='ltr'>Qui</span> <span class='ocrx_word' id='word_1_279' title='bbox 516 2938 692 3010; x_wconf 87' lang='lat' dir='ltr'>magis</span> <span class='ocrx_word' id='word_1_280' title='bbox 719 2938 1025 3010; x_wconf 88' lang='lat' dir='ltr'>impetitur,</span> <span class='ocrx_word' id='word_1_281' title='bbox 1058 2947 1279 2994; x_wconf 89' lang='lat' dir='ltr'>sanctus</span> <span class='ocrx_word' id='word_1_282' title='bbox 1318 2940 1498 3007; x_wconf 86' lang='lat' dir='ltr'>Pater,</span> <span class='ocrx_word' id='word_1_283' title='bbox 1530 2939 1666 2996; x_wconf 90' lang='lat' dir='ltr'>urbe</span> <span class='ocrx_word' id='word_1_284' title='bbox 1698 2940 1909 3008; x_wconf 89' lang='lat' dir='ltr'>relicta,</span> 
     </span>
    </p>
   </div>
   <div class='ocr_carea' id='block_1_46' title="bbox 385 3024 1591 3101">
    <p class='ocr_par' dir='ltr' id='par_1_46' title="bbox 385 3024 1591 3101">
     <span class='ocr_line' id='line_1_47' title="bbox 385 3024 1591 3101; baseline 0.004 -21"><span class='ocrx_word' id='word_1_285' title='bbox 385 3024 628 3081; x_wconf 87' lang='lat' dir='ltr'>Soractis</span> <span class='ocrx_word' id='word_1_286' title='bbox 654 3035 868 3083; x_wconf 84' lang='lat' dir='ltr'>secreta</span> <span class='ocrx_word' id='word_1_287' title='bbox 896 3025 1067 3096; x_wconf 88' lang='lat' dir='ltr'>subit,</span> <span class='ocrx_word' id='word_1_288' title='bbox 1106 3028 1327 3101; x_wconf 92' lang='lat' dir='ltr'>rurique</span> <span class='ocrx_word' id='word_1_289' title='bbox 1350 3038 1591 3085; x_wconf 89' lang='lat' dir='ltr'>moratus</span> 
     </span>
    </p>
   </div>
   <div class='ocr_carea' id='block_1_47' title="bbox 384 3121 1687 3192">
    <p class='ocr_par' dir='ltr' id='par_1_47' title="bbox 384 3121 1687 3192">
     <span class='ocr_line' id='line_1_48' title="bbox 384 3121 1687 3192; baseline 0.004 -16"><span class='ocrx_word' id='word_1_290' title='bbox 384 3121 519 3176; x_wconf 90' lang='lat' dir='ltr'>Cum</span> <span class='ocrx_word' id='word_1_291' title='bbox 550 3122 687 3177; x_wconf 88' lang='lat' dir='ltr'>eleri</span> <span class='ocrx_word' id='word_1_292' title='bbox 716 3122 911 3178; x_wconf 89' lang='lat' dir='ltr'>cuneis</span> <span class='ocrx_word' id='word_1_293' title='bbox 944 3124 1125 3179; x_wconf 88' lang='lat' dir='ltr'>reddit</span> <span class='ocrx_word' id='word_1_294' title='bbox 1152 3141 1252 3180; x_wconf 90' lang='lat' dir='ltr'>sua</span> <span class='ocrx_word' id='word_1_295' title='bbox 1281 3132 1406 3181; x_wconf 90' lang='lat' dir='ltr'>vota</span> <span class='ocrx_word' id='word_1_296' title='bbox 1435 3125 1687 3192; x_wconf 90' lang='lat' dir='ltr'>Tonanti,</span> 
     </span>
    </p>
   </div>
   <div class='ocr_carea' id='block_1_48' title="bbox 380 3216 1862 3296">
    <p class='ocr_par' dir='ltr' id='par_1_48' title="bbox 380 3216 1862 3296">
     <span class='ocr_line' id='line_1_49' title="bbox 380 3216 1862 3296; baseline 0.004 -25"><span class='ocrx_word' id='word_1_297' title='bbox 380 3218 446 3271; x_wconf 80' lang='lat' dir='ltr'>At</span> <span class='ocrx_word' id='word_1_298' title='bbox 472 3216 733 3289; x_wconf 89' lang='lat' dir='ltr'>princeps</span> <span class='ocrx_word' id='word_1_299' title='bbox 756 3235 923 3290; x_wconf 90' lang='lat' dir='ltr'>quem</span> <span class='ocrx_word' id='word_1_300' title='bbox 952 3236 1149 3275; x_wconf 88' lang='lat' dir='ltr'>suasus</span> <span class='ocrx_word' id='word_1_301' title='bbox 1181 3220 1293 3296; x_wconf 87' lang='lat' dir='ltr'>agit</span> <span class='ocrx_word' id='word_1_302' title='bbox 1323 3222 1663 3277; x_wconf 80' lang='lat' dir='ltr'>discriminis</span> <span class='ocrx_word' id='word_1_303' title='bbox 1690 3238 1862 3291; x_wconf 91' lang='lat' dir='ltr'>error,</span> 
     </span>
    </p>
   </div>
   <div class='ocr_carea' id='block_1_49' title="bbox 379 3311 1641 3385">
    <p class='ocr_par' dir='ltr' id='par_1_49' title="bbox 379 3311 1641 3385">
     <span class='ocr_line' id='line_1_50' title="bbox 379 3311 1641 3385; baseline 0.003 -19"><span class='ocrx_word' id='word_1_304' title='bbox 379 3311 801 3378; x_wconf 85' lang='lat' dir='ltr'>Constantinus,</span> <span class='ocrx_word' id='word_1_305' title='bbox 831 3313 909 3367; x_wconf 93' lang='lat' dir='ltr'>uti</span> <span class='ocrx_word' id='word_1_306' title='bbox 941 3320 1167 3368; x_wconf 89' lang='lat' dir='ltr'>sanetur</span> <span class='ocrx_word' id='word_1_307' title='bbox 1194 3322 1401 3385; x_wconf 88' lang='lat' dir='ltr'>mente,</span> <span class='ocrx_word' id='word_1_308' title='bbox 1445 3315 1641 3370; x_wconf 89' lang='lat' dir='ltr'>feritur</span> 
     </span>
    </p>
   </div>
   <div class='ocr_carea' id='block_1_50' title="bbox 382 3405 1914 3483">
    <p class='ocr_par' dir='ltr' id='par_1_50' title="bbox 382 3405 1914 3483">
     <span class='ocr_line' id='line_1_51' title="bbox 382 3405 1914 3483; baseline 0.003 -22"><span class='ocrx_word' id='word_1_309' title='bbox 382 3405 646 3478; x_wconf 89' lang='lat' dir='ltr'>Corpore,</span> <span class='ocrx_word' id='word_1_310' title='bbox 675 3423 955 3480; x_wconf 89' lang='lat' dir='ltr'>quemque</span> <span class='ocrx_word' id='word_1_311' title='bbox 988 3410 1217 3481; x_wconf 88' lang='lat' dir='ltr'>elephas</span> <span class='ocrx_word' id='word_1_312' title='bbox 1246 3410 1366 3466; x_wconf 88' lang='lat' dir='ltr'>dira</span> <span class='ocrx_word' id='word_1_313' title='bbox 1396 3412 1683 3483; x_wconf 82' lang='lat' dir='ltr'>prurigine</span> <span class='ocrx_word' id='word_1_314' title='bbox 1711 3418 1914 3483; x_wconf 86' lang='lat' dir='ltr'>turpat,</span> 
     </span>
    </p>
   </div>
   <div class='ocr_carea' id='block_1_51' title="bbox 381 3501 1764 3577">
    <p class='ocr_par' dir='ltr' id='par_1_51' title="bbox 381 3501 1764 3577">
     <span class='ocr_line' id='line_1_52' title="bbox 381 3501 1764 3577; baseline 0.004 -21"><span class='ocrx_word' id='word_1_315' title='bbox 381 3502 493 3557; x_wconf 85' lang='lat' dir='ltr'>Nec</span> <span class='ocrx_word' id='word_1_316' title='bbox 523 3501 688 3558; x_wconf 92' lang='lat' dir='ltr'>modo</span> <span class='ocrx_word' id='word_1_317' title='bbox 719 3502 913 3557; x_wconf 81' lang='lat' dir='ltr'>fcedari</span> <span class='ocrx_word' id='word_1_318' title='bbox 944 3503 1188 3559; x_wconf 85' lang='lat' dir='ltr'>infandis</span> <span class='ocrx_word' id='word_1_319' title='bbox 1219 3504 1368 3561; x_wconf 91' lang='lat' dir='ltr'>dolet</span> <span class='ocrx_word' id='word_1_320' title='bbox 1396 3522 1491 3561; x_wconf 91' lang='lat' dir='ltr'>ora</span> <span class='ocrx_word' id='word_1_321' title='bbox 1522 3506 1764 3577; x_wconf 88' lang='lat' dir='ltr'>papillis,</span> 
     </span>
    </p>
   </div>
   <div class='ocr_carea' id='block_1_52' title="bbox 378 3590 1711 3663">
    <p class='ocr_par' dir='ltr' id='par_1_52' title="bbox 378 3590 1711 3663">
     <span class='ocr_line' id='line_1_53' title="bbox 378 3590 1711 3663; baseline 0.005 -20"><span class='ocrx_word' id='word_1_322' title='bbox 378 3590 520 3655; x_wconf 82' lang='lat' dir='ltr'>Quin</span> <span class='ocrx_word' id='word_1_323' title='bbox 549 3606 843 3662; x_wconf 86' lang='lat' dir='ltr'>preperare</span> <span class='ocrx_word' id='word_1_324' title='bbox 876 3599 1039 3663; x_wconf 83' lang='lat' dir='ltr'>pavet</span> <span class='ocrx_word' id='word_1_325' title='bbox 1071 3592 1289 3649; x_wconf 90' lang='lat' dir='ltr'>funesto</span> <span class='ocrx_word' id='word_1_326' title='bbox 1320 3593 1427 3648; x_wconf 88' lang='lat' dir='ltr'>fata</span> <span class='ocrx_word' id='word_1_327' title='bbox 1456 3611 1669 3650; x_wconf 89' lang='lat' dir='ltr'>veneno</span> <span class='ocrx_word' id='word_1_328' title='bbox 1695 3614 1711 3661; x_wconf 73' lang='lat'>,-</span> 
     </span>
    </p>
   </div>
   <div class='ocr_carea' id='block_1_53' title="bbox 381 3684 1711 3761">
    <p class='ocr_par' dir='ltr' id='par_1_53' title="bbox 381 3684 1711 3761">
     <span class='ocr_line' id='line_1_54' title="bbox 381 3684 1711 3761; baseline 0.005 -23"><span class='ocrx_word' id='word_1_329' title='bbox 381 3684 587 3748; x_wconf 76' lang='lat' dir='ltr'>Quaerit</span> <span class='ocrx_word' id='word_1_330' title='bbox 626 3686 996 3757; x_wconf 84' lang='lat' dir='ltr'>aruspicibus,</span> <span class='ocrx_word' id='word_1_331' title='bbox 1029 3689 1227 3758; x_wconf 72' lang='lat' dir='ltr'>qUEBl&#39;il.</span> <span class='ocrx_word' id='word_1_332' title='bbox 1258 3688 1518 3761; x_wconf 82' lang='lat' dir='ltr'>suffragia</span> <span class='ocrx_word' id='word_1_333' title='bbox 1549 3690 1711 3756; x_wconf 89' lang='lat' dir='ltr'>divis,</span> 
     </span>
    </p>
   </div>
   <div class='ocr_carea' id='block_1_54' title="bbox 377 3776 1727 3849">
    <p class='ocr_par' dir='ltr' id='par_1_54' title="bbox 377 3776 1727 3849">
     <span class='ocr_line' id='line_1_55' title="bbox 377 3776 1727 3849; baseline 0.003 -20"><span class='ocrx_word' id='word_1_334' title='bbox 377 3776 686 3849; x_wconf 89' lang='lat' dir='ltr'>Omnigeno</span> <span class='ocrx_word' id='word_1_335' title='bbox 716 3778 965 3848; x_wconf 83' lang='lat' dir='ltr'>explorat</span> <span class='ocrx_word' id='word_1_336' title='bbox 990 3779 1284 3833; x_wconf 89' lang='lat' dir='ltr'>conamine</span> <span class='ocrx_word' id='word_1_337' title='bbox 1309 3779 1435 3848; x_wconf 83' lang='lat' dir='ltr'>jura</span> <span class='ocrx_word' id='word_1_338' title='bbox 1474 3780 1727 3835; x_wconf 67' lang='lat' dir='ltr'>medela).</span> 
     </span>
    </p>
   </div>
   <div class='ocr_carea' id='block_1_55' title="bbox 377 3865 1755 3935">
    <p class='ocr_par' dir='ltr' id='par_1_55' title="bbox 377 3865 1755 3935">
     <span class='ocr_line' id='line_1_56' title="bbox 377 3865 1755 3935; baseline 0.001 -16"><span class='ocrx_word' id='word_1_339' title='bbox 377 3865 533 3919; x_wconf 88' lang='lat' dir='ltr'>Nulla</span> <span class='ocrx_word' id='word_1_340' title='bbox 564 3881 761 3919; x_wconf 90' lang='lat' dir='ltr'>manus</span> <span class='ocrx_word' id='word_1_341' title='bbox 786 3866 1031 3935; x_wconf 87' lang='lat' dir='ltr'>prodest,</span> <span class='ocrx_word' id='word_1_342' title='bbox 1066 3866 1217 3920; x_wconf 92' lang='lat' dir='ltr'>nullo</span> <span class='ocrx_word' id='word_1_343' title='bbox 1253 3866 1533 3921; x_wconf 86' lang='lat' dir='ltr'>medicina</span> <span class='ocrx_word' id='word_1_344' title='bbox 1564 3868 1755 3923; x_wconf 89' lang='lat' dir='ltr'>labore</span> 
     </span>
    </p>
   </div>
   <div class='ocr_carea' id='block_1_56' title="bbox 374 3951 1672 4019">
    <p class='ocr_par' dir='ltr' id='par_1_56' title="bbox 374 3951 1672 4019">
     <span class='ocr_line' id='line_1_57' title="bbox 374 3951 1672 4019; baseline 0.002 -12"><span class='ocrx_word' id='word_1_345' title='bbox 374 3951 616 4019; x_wconf 88' lang='lat' dir='ltr'>Proficit,</span> <span class='ocrx_word' id='word_1_346' title='bbox 649 3953 889 4008; x_wconf 85' lang='lat' dir='ltr'>artifices</span> <span class='ocrx_word' id='word_1_347' title='bbox 917 3960 1147 4009; x_wconf 88' lang='lat' dir='ltr'>cunctos</span> <span class='ocrx_word' id='word_1_348' title='bbox 1175 3971 1262 4009; x_wconf 87' lang='lat' dir='ltr'>ars</span> <span class='ocrx_word' id='word_1_349' title='bbox 1304 3954 1455 4009; x_wconf 88' lang='lat' dir='ltr'>irrita</span> <span class='ocrx_word' id='word_1_350' title='bbox 1486 3955 1627 4010; x_wconf 85' lang='lat' dir='ltr'>fallit</span> <span class='ocrx_word' id='word_1_351' title='bbox 1659 3973 1672 4010; x_wconf 93' lang='lat'>:</span> 
     </span>
    </p>
   </div>
   <div class='ocr_carea' id='block_1_57' title="bbox 371 4044 1826 4120">
    <p class='ocr_par' dir='ltr' id='par_1_57' title="bbox 371 4044 1826 4120">
     <span class='ocr_line' id='line_1_58' title="bbox 371 4044 1826 4120; baseline 0.003 -21"><span class='ocrx_word' id='word_1_352' title='bbox 371 4045 803 4100; x_wconf 88' lang='lat' dir='ltr'>Astinventores</span> <span class='ocrx_word' id='word_1_353' title='bbox 832 4044 1104 4101; x_wconf 89' lang='lat' dir='ltr'>scelerum</span> <span class='ocrx_word' id='word_1_354' title='bbox 1128 4046 1559 4120; x_wconf 89' lang='lat' dir='ltr'>umbrarumque</span> <span class='ocrx_word' id='word_1_355' title='bbox 1590 4048 1826 4103; x_wconf 88' lang='lat' dir='ltr'>ministri</span> 
     </span>
    </p>
   </div>
   <div class='ocr_carea' id='block_1_58' title="bbox 376 4137 1708 4205">
    <p class='ocr_par' dir='ltr' id='par_1_58' title="bbox 376 4137 1708 4205">
     <span class='ocr_line' id='line_1_59' title="bbox 376 4137 1708 4205; baseline 0.004 -14"><span class='ocrx_word' id='word_1_356' title='bbox 376 4137 617 4192; x_wconf 84' lang='lat' dir='ltr'>Invisum</span> <span class='ocrx_word' id='word_1_357' title='bbox 650 4144 882 4192; x_wconf 89' lang='lat' dir='ltr'>tractant</span> <span class='ocrx_word' id='word_1_358' title='bbox 902 4138 1135 4205; x_wconf 88' lang='lat' dir='ltr'>facinus,</span> <span class='ocrx_word' id='word_1_359' title='bbox 1160 4140 1442 4195; x_wconf 90' lang='lat' dir='ltr'>horrenda</span> <span class='ocrx_word' id='word_1_360' title='bbox 1474 4141 1708 4197; x_wconf 90' lang='lat' dir='ltr'>lavacra.</span> 
     </span>
    </p>
   </div>
   <div class='ocr_carea' id='block_1_59' title="bbox 373 4228 1745 4300">
    <p class='ocr_par' dir='ltr' id='par_1_59' title="bbox 373 4228 1745 4300">
     <span class='ocr_line' id='line_1_60' title="bbox 373 4228 1745 4300; baseline 0.002 -17"><span class='ocrx_word' id='word_1_361' title='bbox 373 4228 594 4285; x_wconf 80' lang='lat' dir='ltr'>Crimen</span> <span class='ocrx_word' id='word_1_362' title='bbox 627 4230 956 4297; x_wconf 89' lang='lat' dir='ltr'>inauditum,</span> <span class='ocrx_word' id='word_1_363' title='bbox 991 4232 1287 4287; x_wconf 74' lang='lat' dir='ltr'>medicinae</span> <span class='ocrx_word' id='word_1_364' title='bbox 1318 4233 1464 4289; x_wconf 90' lang='lat' dir='ltr'>dona</span> <span class='ocrx_word' id='word_1_365' title='bbox 1482 4232 1745 4300; x_wconf 75' lang='lat' dir='ltr'>ferentes,</span> 
     </span>
    </p>
   </div>
   <div class='ocr_carea' id='block_1_60' title="bbox 373 4317 1777 4396">
    <p class='ocr_par' dir='ltr' id='par_1_60' title="bbox 373 4317 1777 4396">
     <span class='ocr_line' id='line_1_61' title="bbox 373 4317 1777 4396; baseline 0.004 -25"><span class='ocrx_word' id='word_1_366' title='bbox 373 4317 698 4392; x_wconf 88' lang='lat' dir='ltr'>lnsontique</span> <span class='ocrx_word' id='word_1_367' title='bbox 728 4320 805 4375; x_wconf 92' lang='lat' dir='ltr'>lui</span> <span class='ocrx_word' id='word_1_368' title='bbox 828 4322 1074 4376; x_wconf 85' lang='lat' dir='ltr'>maculas</span> <span class='ocrx_word' id='word_1_369' title='bbox 1104 4322 1238 4377; x_wconf 89' lang='lat' dir='ltr'>dant</span> <span class='ocrx_word' id='word_1_370' title='bbox 1268 4323 1540 4396; x_wconf 87' lang='lat' dir='ltr'>sanguine</span> <span class='ocrx_word' id='word_1_371' title='bbox 1569 4330 1777 4378; x_wconf 88' lang='lat' dir='ltr'>sontes.</span> 
     </span>
    </p>
   </div>
   <div class='ocr_carea' id='block_1_61' title="bbox 370 4411 1753 4483">
    <p class='ocr_par' dir='ltr' id='par_1_61' title="bbox 370 4411 1753 4483">
     <span class='ocr_line' id='line_1_62' title="bbox 370 4411 1753 4483; baseline 0.004 -18"><span class='ocrx_word' id='word_1_372' title='bbox 370 4411 548 4483; x_wconf 83' lang='lat' dir='ltr'>Atque</span> <span class='ocrx_word' id='word_1_373' title='bbox 574 4412 796 4467; x_wconf 90' lang='lat' dir='ltr'>salubre</span> <span class='ocrx_word' id='word_1_374' title='bbox 826 4413 929 4467; x_wconf 87' lang='lat' dir='ltr'>viri</span> <span class='ocrx_word' id='word_1_375' title='bbox 969 4414 1270 4469; x_wconf 84' lang='lat' dir='ltr'>multorum</span> <span class='ocrx_word' id='word_1_376' title='bbox 1302 4413 1496 4470; x_wconf 89' lang='lat' dir='ltr'>funera</span> <span class='ocrx_word' id='word_1_377' title='bbox 1524 4415 1753 4470; x_wconf 91' lang='lat' dir='ltr'>dictant.</span> 
     </span>
    </p>
   </div>
   <div class='ocr_carea' id='block_1_62' title="bbox 370 4503 1792 4574">
    <p class='ocr_par' dir='ltr' id='par_1_62' title="bbox 370 4503 1792 4574">
     <span class='ocr_line' id='line_1_63' title="bbox 370 4503 1792 4574; baseline 0.003 -16"><span class='ocrx_word' id='word_1_378' title='bbox 370 4503 602 4559; x_wconf 86' lang='lat' dir='ltr'>Mittitur</span> <span class='ocrx_word' id='word_1_379' title='bbox 628 4520 756 4561; x_wconf 89' lang='lat' dir='ltr'>arva</span> <span class='ocrx_word' id='word_1_380' title='bbox 786 4504 913 4573; x_wconf 90' lang='lat' dir='ltr'>teri,</span> <span class='ocrx_word' id='word_1_381' title='bbox 937 4504 1263 4561; x_wconf 87' lang='lat' dir='ltr'>famularum</span> <span class='ocrx_word' id='word_1_382' title='bbox 1296 4506 1585 4562; x_wconf 88' lang='lat' dir='ltr'>adducitur</span> <span class='ocrx_word' id='word_1_383' title='bbox 1611 4508 1747 4563; x_wconf 90' lang='lat' dir='ltr'>ordo</span> <span class='ocrx_word' id='word_1_384' title='bbox 1778 4525 1792 4574; x_wconf 88' lang='lat'><strong>;</strong></span> 
     </span>
    </p>
   </div>
   <div class='ocr_carea' id='block_1_63' title="bbox 369 4591 1640 4665">
    <p class='ocr_par' dir='ltr' id='par_1_63' title="bbox 369 4591 1640 4665">
     <span class='ocr_line' id='line_1_64' title="bbox 369 4591 1640 4665; baseline 0.005 -20"><span class='ocrx_word' id='word_1_385' title='bbox 369 4591 537 4647; x_wconf 81' lang='lat' dir='ltr'>Millia</span> <span class='ocrx_word' id='word_1_386' title='bbox 566 4600 816 4649; x_wconf 92' lang='lat' dir='ltr'>natorum</span> <span class='ocrx_word' id='word_1_387' title='bbox 850 4594 1156 4665; x_wconf 90' lang='lat' dir='ltr'>rapiuntur,</span> <span class='ocrx_word' id='word_1_388' title='bbox 1188 4594 1362 4649; x_wconf 91' lang='lat' dir='ltr'>millia</span> <span class='ocrx_word' id='word_1_389' title='bbox 1383 4604 1640 4664; x_wconf 90' lang='lat' dir='ltr'>matrum,</span> 
     </span>
    </p>
   </div>
   <div class='ocr_carea' id='block_1_64' title="bbox 365 4684 1916 4763">
    <p class='ocr_par' dir='ltr' id='par_1_64' title="bbox 365 4684 1916 4763">
     <span class='ocr_line' id='line_1_65' title="bbox 365 4684 1916 4763; baseline 0.004 -23"><span class='ocrx_word' id='word_1_390' title='bbox 365 4684 553 4741; x_wconf 80' lang='lat' dir='ltr'>Mortis</span> <span class='ocrx_word' id='word_1_391' title='bbox 580 4685 637 4741; x_wconf 91' lang='lat' dir='ltr'>in</span> <span class='ocrx_word' id='word_1_392' title='bbox 657 4686 989 4758; x_wconf 88' lang='lat' dir='ltr'>obsequium</span> <span class='ocrx_word' id='word_1_393' title='bbox 1023 4694 1224 4742; x_wconf 89' lang='lat' dir='ltr'>matres</span> <span class='ocrx_word' id='word_1_394' title='bbox 1252 4703 1352 4743; x_wconf 90' lang='lat' dir='ltr'>sua</span> <span class='ocrx_word' id='word_1_395' title='bbox 1393 4689 1624 4762; x_wconf 81' lang='lat' dir='ltr'>pignora</span> <span class='ocrx_word' id='word_1_396' title='bbox 1651 4698 1869 4763; x_wconf 87' lang='lat' dir='ltr'>gestant</span> <span class='ocrx_word' id='word_1_397' title='bbox 1899 4711 1916 4747; x_wconf 90' lang='lat'><strong><em>:</em></strong></span> 
     </span>
    </p>
   </div>
   <div class='ocr_carea' id='block_1_65' title="bbox 362 4772 1881 4847">
    <p class='ocr_par' dir='ltr' id='par_1_65' title="bbox 362 4772 1881 4847">
     <span class='ocr_line' id='line_1_66' title="bbox 362 4772 1881 4847; baseline 0.003 -19"><span class='ocrx_word' id='word_1_398' title='bbox 362 4772 726 4829; x_wconf 85' lang='lat' dir='ltr'>Fundendum</span> <span class='ocrx_word' id='word_1_399' title='bbox 751 4774 978 4844; x_wconf 88' lang='lat' dir='ltr'>jamjam</span> <span class='ocrx_word' id='word_1_400' title='bbox 997 4775 1250 4831; x_wconf 91' lang='lat' dir='ltr'>nutriunt</span> <span class='ocrx_word' id='word_1_401' title='bbox 1279 4792 1405 4847; x_wconf 68' lang='lat' dir='ltr'>quae</span> <span class='ocrx_word' id='word_1_402' title='bbox 1439 4776 1579 4831; x_wconf 89' lang='lat' dir='ltr'>lacte</span> <span class='ocrx_word' id='word_1_403' title='bbox 1608 4792 1881 4833; x_wconf 92' lang='lat' dir='ltr'>cruorem.</span> 
     </span>
    </p>
   </div>
   <div class='ocr_carea' id='block_1_66' title="bbox 364 4863 1713 4936">
    <p class='ocr_par' dir='ltr' id='par_1_66' title="bbox 364 4863 1713 4936">
     <span class='ocr_line' id='line_1_67' title="bbox 364 4863 1713 4936; baseline 0.001 -18"><span class='ocrx_word' id='word_1_404' title='bbox 364 4863 430 4918; x_wconf 88' lang='lat' dir='ltr'>Ut</span> <span class='ocrx_word' id='word_1_405' title='bbox 456 4863 633 4919; x_wconf 89' lang='lat' dir='ltr'>visum</span> <span class='ocrx_word' id='word_1_406' title='bbox 653 4880 920 4936; x_wconf 86' lang='lat' dir='ltr'>superare</span> <span class='ocrx_word' id='word_1_407' title='bbox 939 4864 1115 4932; x_wconf 88' lang='lat' dir='ltr'>nefas,</span> <span class='ocrx_word' id='word_1_408' title='bbox 1144 4865 1273 4920; x_wconf 92' lang='lat' dir='ltr'>data</span> <span class='ocrx_word' id='word_1_409' title='bbox 1302 4864 1555 4920; x_wconf 85' lang='lat' dir='ltr'>criminis</span> <span class='ocrx_word' id='word_1_410' title='bbox 1581 4865 1713 4921; x_wconf 90' lang='lat' dir='ltr'>hora</span> 
     </span>
    </p>
   </div>
   <div class='ocr_carea' id='block_1_67' title="bbox 360 4957 1778 5032">
    <p class='ocr_par' dir='ltr' id='par_1_67' title="bbox 360 4957 1778 5032">
     <span class='ocr_line' id='line_1_68' title="bbox 360 4957 1778 5032; baseline 0 -20"><span class='ocrx_word' id='word_1_411' title='bbox 360 4957 440 5012; x_wconf 79' lang='lat' dir='ltr'>Ad</span> <span class='ocrx_word' id='word_1_412' title='bbox 472 4957 627 5013; x_wconf 88' lang='lat' dir='ltr'>necis</span> <span class='ocrx_word' id='word_1_413' title='bbox 648 4958 953 5032; x_wconf 81' lang='lat' dir='ltr'>Augustum</span> <span class='ocrx_word' id='word_1_414' title='bbox 980 4957 1300 5028; x_wconf 90' lang='lat' dir='ltr'>spectacula</span> <span class='ocrx_word' id='word_1_415' title='bbox 1315 4974 1458 5013; x_wconf 63' lang='lat' dir='ltr'>saeva</span> <span class='ocrx_word' id='word_1_416' title='bbox 1485 4957 1733 5014; x_wconf 86' lang='lat' dir='ltr'>trahebat</span> <span class='ocrx_word' id='word_1_417' title='bbox 1763 4976 1778 5025; x_wconf 87' lang='lat'><strong>;</strong></span> 
     </span>
    </p>
   </div>
   <div class='ocr_carea' id='block_1_68' title="bbox 357 5045 1770 5121">
    <p class='ocr_par' dir='ltr' id='par_1_68' title="bbox 357 5045 1770 5121">
     <span class='ocr_line' id='line_1_69' title="bbox 357 5045 1770 5121; baseline 0.001 -20"><span class='ocrx_word' id='word_1_418' title='bbox 357 5045 475 5111; x_wconf 85' lang='lat' dir='ltr'>Quo</span> <span class='ocrx_word' id='word_1_419' title='bbox 502 5046 709 5103; x_wconf 87' lang='lat' dir='ltr'>strictis</span> <span class='ocrx_word' id='word_1_420' title='bbox 736 5046 939 5121; x_wconf 88' lang='lat' dir='ltr'>gladiis</span> <span class='ocrx_word' id='word_1_421' title='bbox 964 5046 1236 5103; x_wconf 88' lang='lat' dir='ltr'>scelerata</span> <span class='ocrx_word' id='word_1_422' title='bbox 1266 5047 1483 5104; x_wconf 88' lang='lat' dir='ltr'>lavacra</span> <span class='ocrx_word' id='word_1_423' title='bbox 1516 5055 1770 5118; x_wconf 88' lang='lat' dir='ltr'>petente,</span> 
     </span>
    </p>
   </div>
   <div class='ocr_carea' id='block_1_69' title="bbox 358 5138 1679 5212">
    <p class='ocr_par' dir='ltr' id='par_1_69' title="bbox 358 5138 1679 5212">
     <span class='ocr_line' id='line_1_70' title="bbox 358 5138 1679 5212; baseline 0.002 -19"><span class='ocrx_word' id='word_1_424' title='bbox 358 5138 532 5195; x_wconf 88' lang='lat' dir='ltr'>Obvia</span> <span class='ocrx_word' id='word_1_425' title='bbox 562 5138 724 5195; x_wconf 89' lang='lat' dir='ltr'>turba</span> <span class='ocrx_word' id='word_1_426' title='bbox 753 5142 880 5210; x_wconf 88' lang='lat' dir='ltr'>ruit,</span> <span class='ocrx_word' id='word_1_427' title='bbox 917 5141 1124 5197; x_wconf 88' lang='lat' dir='ltr'>nudato</span> <span class='ocrx_word' id='word_1_428' title='bbox 1159 5148 1384 5212; x_wconf 91' lang='lat' dir='ltr'>pectore</span> <span class='ocrx_word' id='word_1_429' title='bbox 1414 5147 1679 5209; x_wconf 90' lang='lat' dir='ltr'>matrum,</span> 
     </span>
    </p>
   </div>
   <div class='ocr_carea' id='block_1_70' title="bbox 356 5229 1985 5305">
    <p class='ocr_par' dir='ltr' id='par_1_70' title="bbox 356 5229 1985 5305">
     <span class='ocr_line' id='line_1_71' title="bbox 356 5229 1985 5305; baseline 0.001 -18"><span class='ocrx_word' id='word_1_430' title='bbox 356 5229 528 5287; x_wconf 87' lang='lat' dir='ltr'>Passo</span> <span class='ocrx_word' id='word_1_431' title='bbox 557 5229 735 5296; x_wconf 89' lang='lat' dir='ltr'>crine,</span> <span class='ocrx_word' id='word_1_432' title='bbox 764 5237 978 5288; x_wconf 90' lang='lat' dir='ltr'>trucem</span> <span class='ocrx_word' id='word_1_433' title='bbox 1009 5233 1377 5305; x_wconf 84' lang='lat' dir='ltr'>lacrymarum</span> <span class='ocrx_word' id='word_1_434' title='bbox 1405 5238 1461 5288; x_wconf 93' lang='lat' dir='ltr'>et</span> <span class='ocrx_word' id='word_1_435' title='bbox 1488 5231 1719 5288; x_wconf 89' lang='lat' dir='ltr'>flumine</span> <span class='ocrx_word' id='word_1_436' title='bbox 1752 5240 1985 5289; x_wconf 90' lang='lat' dir='ltr'>mortem</span> 
     </span>
    </p>
   </div>
   <div class='ocr_carea' id='block_1_71' title="bbox 2110 1741 3440 1818">
    <p class='ocr_par' dir='ltr' id='par_1_71' title="bbox 2110 1741 3440 1818">
     <span class='ocr_line' id='line_1_72' title="bbox 2110 1741 3440 1818; baseline 0.006 -25"><span class='ocrx_word' id='word_1_437' title='bbox 2110 1741 2438 1809; x_wconf 83' lang='lat' dir='ltr'>Adjumenta</span> <span class='ocrx_word' id='word_1_438' title='bbox 2466 1742 2591 1808; x_wconf 63' lang='lat' dir='ltr'>vite,</span> <span class='ocrx_word' id='word_1_439' title='bbox 2622 1743 2879 1798; x_wconf 86' lang='lat' dir='ltr'>lamentis</span> <span class='ocrx_word' id='word_1_440' title='bbox 2900 1746 3100 1818; x_wconf 85' lang='lat' dir='ltr'>gaudia</span> <span class='ocrx_word' id='word_1_441' title='bbox 3130 1755 3393 1801; x_wconf 86' lang='lat' dir='ltr'>crescunt</span> <span class='ocrx_word' id='word_1_442' title='bbox 3425 1764 3440 1812; x_wconf 86' lang='lat'><strong>;</strong></span> 
     </span>
    </p>
   </div>
   <div class='ocr_carea' id='block_1_72' title="bbox 2108 1835 3363 1912">
    <p class='ocr_par' dir='ltr' id='par_1_72' title="bbox 2108 1835 3363 1912">
     <span class='ocr_line' id='line_1_73' title="bbox 2108 1835 3363 1912; baseline 0.003 -22"><span class='ocrx_word' id='word_1_443' title='bbox 2108 1835 2172 1890; x_wconf 94' lang='lat' dir='ltr'>Ut</span> <span class='ocrx_word' id='word_1_444' title='bbox 2201 1852 2325 1907; x_wconf 68' lang='lat' dir='ltr'>qua}</span> <span class='ocrx_word' id='word_1_445' title='bbox 2357 1836 2610 1912; x_wconf 88' lang='lat' dir='ltr'>lugentes</span> <span class='ocrx_word' id='word_1_446' title='bbox 2638 1839 2815 1895; x_wconf 83' lang='lat' dir='ltr'>invisa</span> <span class='ocrx_word' id='word_1_447' title='bbox 2844 1843 2911 1896; x_wconf 87' lang='lat' dir='ltr'>ad</span> <span class='ocrx_word' id='word_1_448' title='bbox 2941 1842 3145 1896; x_wconf 65' lang='lat' dir='ltr'>muruia</span> <span class='ocrx_word' id='word_1_449' title='bbox 3184 1842 3363 1897; x_wconf 79' lang='lat' dir='ltr'>ductze</span> 
     </span>
    </p>
   </div>
   <div class='ocr_carea' id='block_1_73' title="bbox 2107 1930 3460 1998">
    <p class='ocr_par' dir='ltr' id='par_1_73' title="bbox 2107 1930 3460 1998">
     <span class='ocr_line' id='line_1_74' title="bbox 2107 1930 3460 1998; baseline 0.006 -16"><span class='ocrx_word' id='word_1_450' title='bbox 2107 1930 2249 1983; x_wconf 90' lang='lat' dir='ltr'>Dura</span> <span class='ocrx_word' id='word_1_451' title='bbox 2281 1932 2637 1998; x_wconf 84' lang='lat' dir='ltr'>resultabant,</span> <span class='ocrx_word' id='word_1_452' title='bbox 2672 1934 2871 1988; x_wconf 86' lang='lat' dir='ltr'>hilares</span> <span class='ocrx_word' id='word_1_453' title='bbox 2897 1952 2993 1988; x_wconf 89' lang='lat' dir='ltr'>sua</span> <span class='ocrx_word' id='word_1_454' title='bbox 3025 1943 3164 1989; x_wconf 84' lang='lat' dir='ltr'>tecta</span> <span class='ocrx_word' id='word_1_455' title='bbox 3198 1937 3460 1990; x_wconf 84' lang='lat' dir='ltr'>revisant.</span> 
     </span>
    </p>
   </div>
   <div class='ocr_carea' id='block_1_74' title="bbox 2114 2022 3442 2098">
    <p class='ocr_par' dir='ltr' id='par_1_74' title="bbox 2114 2022 3442 2098">
     <span class='ocr_line' id='line_1_75' title="bbox 2114 2022 3442 2098; baseline 0.005 -24"><span class='ocrx_word' id='word_1_456' title='bbox 2114 2022 2263 2076; x_wconf 86' lang='lat' dir='ltr'>Unde</span> <span class='ocrx_word' id='word_1_457' title='bbox 2302 2039 2526 2095; x_wconf 75' lang='lat' dir='ltr'>egressa</span> <span class='ocrx_word' id='word_1_458' title='bbox 2550 2026 2660 2095; x_wconf 90' lang='lat' dir='ltr'>poli</span> <span class='ocrx_word' id='word_1_459' title='bbox 2696 2027 2914 2097; x_wconf 87' lang='lat' dir='ltr'>pietatis</span> <span class='ocrx_word' id='word_1_460' title='bbox 2944 2027 3158 2081; x_wconf 87' lang='lat' dir='ltr'>semina</span> <span class='ocrx_word' id='word_1_461' title='bbox 3195 2029 3442 2098; x_wconf 87' lang='lat' dir='ltr'>pulsant,</span> 
     </span>
    </p>
   </div>
   <div class='ocr_carea' id='block_1_75' title="bbox 2110 2115 3369 2187">
    <p class='ocr_par' dir='ltr' id='par_1_75' title="bbox 2110 2115 3369 2187">
     <span class='ocr_line' id='line_1_76' title="bbox 2110 2115 3369 2187; baseline 0.005 -21"><span class='ocrx_word' id='word_1_462' title='bbox 2110 2115 2373 2169; x_wconf 78' lang='lat' dir='ltr'>Secessus</span> <span class='ocrx_word' id='word_1_463' title='bbox 2402 2118 2620 2187; x_wconf 85' lang='lat' dir='ltr'>superis</span> <span class='ocrx_word' id='word_1_464' title='bbox 2654 2135 2910 2187; x_wconf 82' lang='lat' dir='ltr'>proceres</span> <span class='ocrx_word' id='word_1_465' title='bbox 2938 2137 2967 2173; x_wconf 90' lang='lat' dir='ltr'>a</span> <span class='ocrx_word' id='word_1_466' title='bbox 2999 2120 3227 2174; x_wconf 86' lang='lat' dir='ltr'>sedibus</span> <span class='ocrx_word' id='word_1_467' title='bbox 3257 2120 3369 2183; x_wconf 91' lang='lat' dir='ltr'>alti,</span> 
     </span>
    </p>
   </div>
   <div class='ocr_carea' id='block_1_76' title="bbox 2111 2203 3546 2278">
    <p class='ocr_par' dir='ltr' id='par_1_76' title="bbox 2111 2203 3546 2278">
     <span class='ocr_line' id='line_1_77' title="bbox 2111 2203 3546 2278; baseline 0.003 -21"><span class='ocrx_word' id='word_1_468' title='bbox 2111 2203 2245 2257; x_wconf 86' lang='lat' dir='ltr'>Dum</span> <span class='ocrx_word' id='word_1_469' title='bbox 2270 2220 2433 2274; x_wconf 86' lang='lat' dir='ltr'>sapor</span> <span class='ocrx_word' id='word_1_470' title='bbox 2461 2222 2724 2277; x_wconf 78' lang='lat' dir='ltr'>augurum</span> <span class='ocrx_word' id='word_1_471' title='bbox 2750 2216 3005 2278; x_wconf 85' lang='lat' dir='ltr'>preperat</span> <span class='ocrx_word' id='word_1_472' title='bbox 3030 2210 3224 2262; x_wconf 81' lang='lat' dir='ltr'>sedare</span> <span class='ocrx_word' id='word_1_473' title='bbox 3259 2208 3546 2275; x_wconf 87' lang='lat' dir='ltr'>tumultus,</span> 
     </span>
    </p>
   </div>
   <div class='ocr_carea' id='block_1_77' title="bbox 2109 2293 3441 2368">
    <p class='ocr_par' dir='ltr' id='par_1_77' title="bbox 2109 2293 3441 2368">
     <span class='ocr_line' id='line_1_78' title="bbox 2109 2293 3441 2368; baseline 0.005 -22"><span class='ocrx_word' id='word_1_474' title='bbox 2109 2293 2716 2363; x_wconf 89' lang='lat' dir='ltr'>Splendidamittuntur</span> <span class='ocrx_word' id='word_1_475' title='bbox 2744 2297 2855 2368; x_wconf 77' lang='lat' dir='ltr'>regi</span> <span class='ocrx_word' id='word_1_476' title='bbox 2881 2297 2989 2352; x_wconf 90' lang='lat' dir='ltr'>duo</span> <span class='ocrx_word' id='word_1_477' title='bbox 3009 2298 3217 2352; x_wconf 89' lang='lat' dir='ltr'>lumina</span> <span class='ocrx_word' id='word_1_478' title='bbox 3251 2300 3441 2352; x_wconf 90' lang='lat' dir='ltr'>mundi</span> 
     </span>
    </p>
   </div>
   <div class='ocr_carea' id='block_1_78' title="bbox 2111 2384 3443 2461">
    <p class='ocr_par' dir='ltr' id='par_1_78' title="bbox 2111 2384 3443 2461">
     <span class='ocr_line' id='line_1_79' title="bbox 2111 2384 3443 2461; baseline 0.005 -22"><span class='ocrx_word' id='word_1_479' title='bbox 2111 2384 2359 2457; x_wconf 80' lang='lat' dir='ltr'>Claviger</span> <span class='ocrx_word' id='word_1_480' title='bbox 2382 2388 2654 2442; x_wconf 68' lang='lat' dir='ltr'>aethereus</span> <span class='ocrx_word' id='word_1_481' title='bbox 2683 2387 2895 2458; x_wconf 89' lang='lat' dir='ltr'>Cephas</span> <span class='ocrx_word' id='word_1_482' title='bbox 2913 2398 2966 2445; x_wconf 90' lang='lat' dir='ltr'>et</span> <span class='ocrx_word' id='word_1_483' title='bbox 2994 2391 3120 2461; x_wconf 88' lang='lat' dir='ltr'>quis</span> <span class='ocrx_word' id='word_1_484' title='bbox 3146 2390 3241 2445; x_wconf 87' lang='lat' dir='ltr'>fuit</span> <span class='ocrx_word' id='word_1_485' title='bbox 3284 2391 3443 2459; x_wconf 92' lang='lat' dir='ltr'>alter,</span> 
     </span>
    </p>
   </div>
   <div class='ocr_carea' id='block_1_79' title="bbox 2112 2476 3421 2553">
    <p class='ocr_par' dir='ltr' id='par_1_79' title="bbox 2112 2476 3421 2553">
     <span class='ocr_line' id='line_1_80' title="bbox 2112 2476 3421 2553; baseline 0.006 -24"><span class='ocrx_word' id='word_1_486' title='bbox 2112 2476 2355 2531; x_wconf 85' lang='lat' dir='ltr'>Excoluit</span> <span class='ocrx_word' id='word_1_487' title='bbox 2386 2485 2556 2532; x_wconf 89' lang='lat' dir='ltr'>totum</span> <span class='ocrx_word' id='word_1_488' title='bbox 2581 2479 2749 2534; x_wconf 89' lang='lat' dir='ltr'>verbo</span> <span class='ocrx_word' id='word_1_489' title='bbox 2782 2481 2875 2552; x_wconf 86' lang='lat' dir='ltr'>qui</span> <span class='ocrx_word' id='word_1_490' title='bbox 2908 2482 3169 2553; x_wconf 81' lang='lat' dir='ltr'>gentibus</span> <span class='ocrx_word' id='word_1_491' title='bbox 3202 2482 3421 2551; x_wconf 86' lang='lat' dir='ltr'>orbem,</span> 
     </span>
    </p>
   </div>
   <div class='ocr_carea' id='block_1_80' title="bbox 2108 2568 3546 2645">
    <p class='ocr_par' dir='ltr' id='par_1_80' title="bbox 2108 2568 3546 2645">
     <span class='ocr_line' id='line_1_81' title="bbox 2108 2568 3546 2645; baseline 0.006 -25"><span class='ocrx_word' id='word_1_492' title='bbox 2108 2568 2289 2638; x_wconf 87' lang='lat' dir='ltr'>Seque</span> <span class='ocrx_word' id='word_1_493' title='bbox 2315 2568 2518 2639; x_wconf 88' lang='lat' dir='ltr'>Deique</span> <span class='ocrx_word' id='word_1_494' title='bbox 2551 2569 2732 2625; x_wconf 84' lang='lat' dir='ltr'>ferunt</span> <span class='ocrx_word' id='word_1_495' title='bbox 2764 2573 3025 2638; x_wconf 85' lang='lat' dir='ltr'>monitus,</span> <span class='ocrx_word' id='word_1_496' title='bbox 3056 2572 3337 2645; x_wconf 86' lang='lat' dir='ltr'>finemque</span> <span class='ocrx_word' id='word_1_497' title='bbox 3372 2575 3546 2631; x_wconf 86' lang='lat' dir='ltr'>furori</span> 
     </span>
    </p>
   </div>
   <div class='ocr_carea' id='block_1_81' title="bbox 2110 2660 3630 2742">
    <p class='ocr_par' dir='ltr' id='par_1_81' title="bbox 2110 2660 3630 2742">
     <span class='ocr_line' id='line_1_82' title="bbox 2110 2660 3630 2742; baseline 0.005 -28"><span class='ocrx_word' id='word_1_498' title='bbox 2110 2660 2815 2734; x_wconf 85' lang='lat' dir='ltr'>lmpositum,domitosque</span> <span class='ocrx_word' id='word_1_499' title='bbox 2855 2665 3090 2731; x_wconf 90' lang='lat' dir='ltr'>animos,</span> <span class='ocrx_word' id='word_1_500' title='bbox 3128 2673 3182 2719; x_wconf 92' lang='lat' dir='ltr'>et</span> <span class='ocrx_word' id='word_1_501' title='bbox 3205 2676 3358 2738; x_wconf 88' lang='lat' dir='ltr'>gesta</span> <span class='ocrx_word' id='word_1_502' title='bbox 3382 2667 3630 2742; x_wconf 85' lang='lat' dir='ltr'>benigne</span> 
     </span>
    </p>
   </div>
   <div class='ocr_carea' id='block_1_82' title="bbox 2111 2751 3572 2828">
    <p class='ocr_par' dir='ltr' id='par_1_82' title="bbox 2111 2751 3572 2828">
     <span class='ocr_line' id='line_1_83' title="bbox 2111 2751 3572 2828; baseline 0.006 -23"><span class='ocrx_word' id='word_1_503' title='bbox 2111 2751 2325 2806; x_wconf 75' lang='lat' dir='ltr'>Rectori</span> <span class='ocrx_word' id='word_1_504' title='bbox 2353 2769 2612 2823; x_wconf 91' lang='lat' dir='ltr'>superum</span> <span class='ocrx_word' id='word_1_505' title='bbox 2649 2756 2921 2825; x_wconf 88' lang='lat' dir='ltr'>placuisse</span> <span class='ocrx_word' id='word_1_506' title='bbox 2963 2758 3233 2813; x_wconf 89' lang='lat' dir='ltr'>lcvamina</span> <span class='ocrx_word' id='word_1_507' title='bbox 3264 2759 3521 2828; x_wconf 89' lang='lat' dir='ltr'>pandunt</span> <span class='ocrx_word' id='word_1_508' title='bbox 3555 2780 3572 2825; x_wconf 88' lang='lat'><strong><em>;</em></strong></span> 
     </span>
    </p>
   </div>
   <div class='ocr_carea' id='block_1_83' title="bbox 2109 2844 3517 2914">
    <p class='ocr_par' dir='ltr' id='par_1_83' title="bbox 2109 2844 3517 2914">
     <span class='ocr_line' id='line_1_84' title="bbox 2109 2844 3517 2914; baseline 0.008 -18"><span class='ocrx_word' id='word_1_509' title='bbox 2109 2844 2290 2914; x_wconf 90' lang='lat' dir='ltr'>Seque</span> <span class='ocrx_word' id='word_1_510' title='bbox 2314 2844 2500 2899; x_wconf 90' lang='lat' dir='ltr'>datum</span> <span class='ocrx_word' id='word_1_511' title='bbox 2535 2848 2731 2902; x_wconf 87' lang='lat' dir='ltr'>missos</span> <span class='ocrx_word' id='word_1_512' title='bbox 2756 2848 2974 2903; x_wconf 87' lang='lat' dir='ltr'>reducis</span> <span class='ocrx_word' id='word_1_513' title='bbox 3002 2851 3252 2905; x_wconf 91' lang='lat' dir='ltr'>consulta</span> <span class='ocrx_word' id='word_1_514' title='bbox 3282 2853 3479 2907; x_wconf 89' lang='lat' dir='ltr'>salutis</span> <span class='ocrx_word' id='word_1_515' title='bbox 3505 2871 3517 2907; x_wconf 93' lang='lat'>:</span> 
     </span>
    </p>
   </div>
   <div class='ocr_carea' id='block_1_84' title="bbox 2108 2933 3445 3009">
    <p class='ocr_par' dir='ltr' id='par_1_84' title="bbox 2108 2933 3445 3009">
     <span class='ocr_line' id='line_1_85' title="bbox 2108 2933 3445 3009; baseline 0.009 -23"><span class='ocrx_word' id='word_1_516' title='bbox 2108 2933 2384 2988; x_wconf 77' lang='lat' dir='ltr'>Audiatac</span> <span class='ocrx_word' id='word_1_517' title='bbox 2411 2945 2655 3009; x_wconf 83' lang='lat' dir='ltr'>peragat,</span> <span class='ocrx_word' id='word_1_518' title='bbox 2692 2954 2792 2992; x_wconf 89' lang='lat' dir='ltr'>nec</span> <span class='ocrx_word' id='word_1_519' title='bbox 2812 2940 3005 2994; x_wconf 74' lang='lat' dir='ltr'>cu3lica</span> <span class='ocrx_word' id='word_1_520' title='bbox 3024 2940 3177 3009; x_wconf 84' lang='lat' dir='ltr'>jussa</span> <span class='ocrx_word' id='word_1_521' title='bbox 3209 2949 3445 2998; x_wconf 91' lang='lat' dir='ltr'>renutet.</span> 
     </span>
    </p>
   </div>
   <div class='ocr_carea' id='block_1_85' title="bbox 2036 3022 3733 3137">
    <p class='ocr_par' dir='ltr' id='par_1_85' title="bbox 2036 3022 3733 3137">
     <span class='ocr_line' id='line_1_86' title="bbox 2036 3022 3733 3137; baseline 0.009 -62"><span class='ocrx_word' id='word_1_522' title='bbox 2036 3022 2451 3137; x_wconf 75' lang='lat' dir='ltr'>CSylvestrutn</span> <span class='ocrx_word' id='word_1_523' title='bbox 2492 3026 2869 3099; x_wconf 89' lang='lat' dir='ltr'>latebramque</span> <span class='ocrx_word' id='word_1_524' title='bbox 2915 3039 3128 3097; x_wconf 88' lang='lat' dir='ltr'>notant,</span> <span class='ocrx_word' id='word_1_525' title='bbox 3185 3041 3239 3088; x_wconf 91' lang='lat' dir='ltr'>et</span> <span class='ocrx_word' id='word_1_526' title='bbox 3259 3050 3513 3105; x_wconf 65' lang='lat' dir='ltr'>quaerere</span> <span class='ocrx_word' id='word_1_527' title='bbox 3568 3052 3733 3090; x_wconf 88' lang='lat' dir='ltr'>man-</span> 
     </span>
    </p>
   </div>
   <div class='ocr_carea' id='block_1_86' title="bbox 3510 3126 3664 3197">
    <p class='ocr_par' dir='ltr' id='par_1_86' title="bbox 3510 3126 3664 3197">
     <span class='ocr_line' id='line_1_87' title="bbox 3510 3126 3664 3197; baseline 0.013 -16"><span class='ocrx_word' id='word_1_528' title='bbox 3510 3126 3664 3197; x_wconf 88' lang='lat' dir='ltr'>[dant</span> 
     </span>
    </p>
   </div>
   <div class='ocr_carea' id='block_1_87' title="bbox 2110 3203 3516 3284">
    <p class='ocr_par' dir='ltr' id='par_1_87' title="bbox 2110 3203 3516 3284">
     <span class='ocr_line' id='line_1_88' title="bbox 2110 3203 3516 3284; baseline 0.011 -28"><span class='ocrx_word' id='word_1_529' title='bbox 2110 3203 2264 3261; x_wconf 83' lang='lat' dir='ltr'>llunc</span> <span class='ocrx_word' id='word_1_530' title='bbox 2294 3206 2398 3261; x_wconf 91' lang='lat' dir='ltr'>sibi</span> <span class='ocrx_word' id='word_1_531' title='bbox 2428 3208 2522 3279; x_wconf 92' lang='lat' dir='ltr'>qui</span> <span class='ocrx_word' id='word_1_532' title='bbox 2551 3208 2728 3264; x_wconf 88' lang='lat' dir='ltr'>valeat</span> <span class='ocrx_word' id='word_1_533' title='bbox 2756 3208 3010 3266; x_wconf 86' lang='lat' dir='ltr'>conferre</span> <span class='ocrx_word' id='word_1_534' title='bbox 3032 3213 3246 3269; x_wconf 88' lang='lat' dir='ltr'>lavacra</span> <span class='ocrx_word' id='word_1_535' title='bbox 3278 3215 3472 3272; x_wconf 89' lang='lat' dir='ltr'>salutis</span> <span class='ocrx_word' id='word_1_536' title='bbox 3498 3237 3516 3284; x_wconf 79' lang='lat'>,-</span> 
     </span>
    </p>
   </div>
   <div class='ocr_carea' id='block_1_88' title="bbox 2107 3298 3631 3378">
    <p class='ocr_par' dir='ltr' id='par_1_88' title="bbox 2107 3298 3631 3378">
     <span class='ocr_line' id='line_1_89' title="bbox 2107 3298 3631 3378; baseline 0.009 -27"><span class='ocrx_word' id='word_1_537' title='bbox 2107 3298 2339 3371; x_wconf 84' lang='lat' dir='ltr'>Moxque</span> <span class='ocrx_word' id='word_1_538' title='bbox 2375 3300 2548 3355; x_wconf 90' lang='lat' dir='ltr'>vicem</span> <span class='ocrx_word' id='word_1_539' title='bbox 2590 3304 2807 3358; x_wconf 86' lang='lat' dir='ltr'>studeat</span> <span class='ocrx_word' id='word_1_540' title='bbox 2837 3306 2998 3359; x_wconf 90' lang='lat' dir='ltr'>talem</span> <span class='ocrx_word' id='word_1_541' title='bbox 3030 3308 3324 3364; x_wconf 86' lang='lat' dir='ltr'>redhibere</span> <span class='ocrx_word' id='word_1_542' title='bbox 3357 3310 3590 3367; x_wconf 83' lang='lat' dir='ltr'>Tonanti</span> <span class='ocrx_word' id='word_1_543' title='bbox 3618 3330 3631 3378; x_wconf 92' lang='lat'><strong>;</strong></span> 
     </span>
    </p>
   </div>
   <div class='ocr_carea' id='block_1_89' title="bbox 2108 3392 3580 3476">
    <p class='ocr_par' dir='ltr' id='par_1_89' title="bbox 2108 3392 3580 3476">
     <span class='ocr_line' id='line_1_90' title="bbox 2108 3392 3580 3476; baseline 0.01 -31"><span class='ocrx_word' id='word_1_544' title='bbox 2108 3392 2365 3448; x_wconf 74' lang='lat' dir='ltr'>Ecclesia:</span> <span class='ocrx_word' id='word_1_545' title='bbox 2394 3394 2631 3449; x_wconf 83' lang='lat' dir='ltr'>inﬂictas</span> <span class='ocrx_word' id='word_1_546' title='bbox 2662 3407 2817 3452; x_wconf 89' lang='lat' dir='ltr'>curet</span> <span class='ocrx_word' id='word_1_547' title='bbox 2847 3400 3229 3456; x_wconf 88' lang='lat' dir='ltr'>moderamine</span> <span class='ocrx_word' id='word_1_548' title='bbox 3264 3403 3457 3476; x_wconf 86' lang='lat' dir='ltr'>plagas</span> <span class='ocrx_word' id='word_1_549' title='bbox 3562 3398 3580 3413; x_wconf 82' lang='grc'><em>’</em></span> 
     </span>
    </p>
   </div>
   <div class='ocr_carea' id='block_1_90' title="bbox 2103 3479 3425 3565">
    <p class='ocr_par' dir='ltr' id='par_1_90' title="bbox 2103 3479 3425 3565">
     <span class='ocr_line' id='line_1_91' title="bbox 2103 3479 3425 3565; baseline 0.009 -32"><span class='ocrx_word' id='word_1_550' title='bbox 2103 3479 2373 3536; x_wconf 86' lang='lat' dir='ltr'>Restituat</span> <span class='ocrx_word' id='word_1_551' title='bbox 2404 3482 2660 3555; x_wconf 86' lang='lat' dir='ltr'>fabricas,</span> <span class='ocrx_word' id='word_1_552' title='bbox 2690 3502 2811 3539; x_wconf 86' lang='lat' dir='ltr'>sese</span> <span class='ocrx_word' id='word_1_553' title='bbox 2844 3488 3196 3556; x_wconf 90' lang='lat' dir='ltr'>spurcamiue</span> <span class='ocrx_word' id='word_1_554' title='bbox 3224 3499 3425 3565; x_wconf 89' lang='lat' dir='ltr'>purget</span> 
     </span>
    </p>
   </div>
   <div class='ocr_carea' id='block_1_91' title="bbox 2101 3570 3535 3650">
    <p class='ocr_par' dir='ltr' id='par_1_91' title="bbox 2101 3570 3535 3650">
     <span class='ocr_line' id='line_1_92' title="bbox 2101 3570 3535 3650; baseline 0.01 -27"><span class='ocrx_word' id='word_1_555' title='bbox 2101 3570 2437 3640; x_wconf 76' lang='lat' dir='ltr'>Dzemonico,</span> <span class='ocrx_word' id='word_1_556' title='bbox 2467 3574 2665 3641; x_wconf 88' lang='lat' dir='ltr'>solum,</span> <span class='ocrx_word' id='word_1_557' title='bbox 2690 3576 2832 3630; x_wconf 90' lang='lat' dir='ltr'>Deus</span> <span class='ocrx_word' id='word_1_558' title='bbox 2864 3586 2948 3632; x_wconf 88' lang='lat' dir='ltr'>est</span> <span class='ocrx_word' id='word_1_559' title='bbox 2976 3580 3071 3650; x_wconf 92' lang='lat' dir='ltr'>qui</span> <span class='ocrx_word' id='word_1_560' title='bbox 3100 3597 3263 3635; x_wconf 84' lang='lat' dir='ltr'>verus</span> <span class='ocrx_word' id='word_1_561' title='bbox 3294 3583 3487 3639; x_wconf 87' lang='lat' dir='ltr'>adoret</span> <span class='ocrx_word' id='word_1_562' title='bbox 3518 3603 3535 3650; x_wconf 86' lang='lat'><strong><em>;</em></strong></span> 
     </span>
    </p>
   </div>
   <div class='ocr_carea' id='block_1_92' title="bbox 2101 3665 3251 3740">
    <p class='ocr_par' dir='ltr' id='par_1_92' title="bbox 2101 3665 3251 3740">
     <span class='ocr_line' id='line_1_93' title="bbox 2101 3665 3251 3740; baseline 0.01 -22"><span class='ocrx_word' id='word_1_563' title='bbox 2101 3665 2230 3733; x_wconf 85' lang='lat' dir='ltr'>Ejus</span> <span class='ocrx_word' id='word_1_564' title='bbox 2252 3668 2390 3723; x_wconf 87' lang='lat' dir='ltr'>velle</span> <span class='ocrx_word' id='word_1_565' title='bbox 2421 3670 2576 3740; x_wconf 85' lang='lat' dir='ltr'>sequi</span> <span class='ocrx_word' id='word_1_566' title='bbox 2606 3678 2718 3725; x_wconf 93' lang='lat' dir='ltr'>toto</span> <span class='ocrx_word' id='word_1_567' title='bbox 2738 3673 3028 3727; x_wconf 89' lang='lat' dir='ltr'>conamiue</span> <span class='ocrx_word' id='word_1_568' title='bbox 3061 3682 3251 3729; x_wconf 90' lang='lat' dir='ltr'>certet.</span> 
     </span>
    </p>
   </div>
   <div class='ocr_carea' id='block_1_93' title="bbox 2101 3757 3572 3836">
    <p class='ocr_par' dir='ltr' id='par_1_93' title="bbox 2101 3757 3572 3836">
     <span class='ocr_line' id='line_1_94' title="bbox 2101 3757 3572 3836; baseline 0.008 -25"><span class='ocrx_word' id='word_1_569' title='bbox 2101 3757 2191 3813; x_wconf 81' lang='lat' dir='ltr'>His</span> <span class='ocrx_word' id='word_1_570' title='bbox 2218 3761 2379 3814; x_wconf 89' lang='lat' dir='ltr'>simul</span> <span class='ocrx_word' id='word_1_571' title='bbox 2405 3762 2724 3835; x_wconf 84' lang='lat' dir='ltr'>astrigeram</span> <span class='ocrx_word' id='word_1_572' title='bbox 2756 3766 2983 3833; x_wconf 85' lang='lat' dir='ltr'>posthac</span> <span class='ocrx_word' id='word_1_573' title='bbox 3015 3766 3341 3836; x_wconf 87' lang='lat' dir='ltr'>repentibus</span> <span class='ocrx_word' id='word_1_574' title='bbox 3367 3768 3572 3835; x_wconf 86' lang='lat' dir='ltr'>aulam,</span> 
     </span>
    </p>
   </div>
   <div class='ocr_carea' id='block_1_94' title="bbox 2098 3851 3285 3929">
    <p class='ocr_par' dir='ltr' id='par_1_94' title="bbox 2098 3851 3285 3929">
     <span class='ocr_line' id='line_1_95' title="bbox 2098 3851 3285 3929; baseline 0.008 -23"><span class='ocrx_word' id='word_1_575' title='bbox 2098 3851 2342 3909; x_wconf 86' lang='lat' dir='ltr'>lmbutus</span> <span class='ocrx_word' id='word_1_576' title='bbox 2368 3857 2586 3925; x_wconf 88' lang='lat' dir='ltr'>superis</span> <span class='ocrx_word' id='word_1_577' title='bbox 2618 3855 2873 3911; x_wconf 75' lang='lat' dir='ltr'>affatibus</span> <span class='ocrx_word' id='word_1_578' title='bbox 2905 3857 3285 3929; x_wconf 88' lang='lat' dir='ltr'>induperator,</span> 
     </span>
    </p>
   </div>
   <div class='ocr_carea' id='block_1_95' title="bbox 2097 3948 3484 4023">
    <p class='ocr_par' dir='ltr' id='par_1_95' title="bbox 2097 3948 3484 4023">
     <span class='ocr_line' id='line_1_96' title="bbox 2097 3948 3484 4023; baseline 0.006 -22"><span class='ocrx_word' id='word_1_579' title='bbox 2097 3948 2340 4002; x_wconf 85' lang='lat' dir='ltr'>Accitum</span> <span class='ocrx_word' id='word_1_580' title='bbox 2373 3950 2518 4023; x_wconf 89' lang='lat' dir='ltr'>legat</span> <span class='ocrx_word' id='word_1_581' title='bbox 2543 3949 2671 4005; x_wconf 86' lang='lat' dir='ltr'>divo</span> <span class='ocrx_word' id='word_1_582' title='bbox 2702 3950 2978 4005; x_wconf 87' lang='lat' dir='ltr'>medicum</span> <span class='ocrx_word' id='word_1_583' title='bbox 3014 3954 3238 4019; x_wconf 86' lang='lat' dir='ltr'>auspice</span> <span class='ocrx_word' id='word_1_584' title='bbox 3270 3960 3484 4009; x_wconf 89' lang='lat' dir='ltr'>notum.</span> 
     </span>
    </p>
   </div>
   <div class='ocr_carea' id='block_1_96' title="bbox 2099 4038 3371 4117">
    <p class='ocr_par' dir='ltr' id='par_1_96' title="bbox 2099 4038 3371 4117">
     <span class='ocr_line' id='line_1_97' title="bbox 2099 4038 3371 4117; baseline 0.003 -25"><span class='ocrx_word' id='word_1_585' title='bbox 2099 4038 2195 4092; x_wconf 91' lang='lat' dir='ltr'>llle</span> <span class='ocrx_word' id='word_1_586' title='bbox 2225 4047 2384 4093; x_wconf 88' lang='lat' dir='ltr'>tuens</span> <span class='ocrx_word' id='word_1_587' title='bbox 2413 4039 2605 4109; x_wconf 88' lang='lat' dir='ltr'>rapido</span> <span class='ocrx_word' id='word_1_588' title='bbox 2637 4040 2865 4111; x_wconf 78' lang='lat' dir='ltr'>Augusti</span> <span class='ocrx_word' id='word_1_589' title='bbox 2890 4057 2949 4095; x_wconf 90' lang='lat' dir='ltr'>se</span> <span class='ocrx_word' id='word_1_590' title='bbox 2992 4041 3166 4096; x_wconf 88' lang='lat' dir='ltr'>milite</span> <span class='ocrx_word' id='word_1_591' title='bbox 3197 4042 3371 4117; x_wconf 88' lang='lat' dir='ltr'>cingi,</span> 
     </span>
    </p>
   </div>
   <div class='ocr_carea' id='block_1_97' title="bbox 2095 4125 3594 4205">
    <p class='ocr_par' dir='ltr' id='par_1_97' title="bbox 2095 4125 3594 4205">
     <span class='ocr_line' id='line_1_98' title="bbox 2095 4125 3594 4205; baseline 0.001 -25"><span class='ocrx_word' id='word_1_592' title='bbox 2095 4125 2333 4198; x_wconf 91' lang='lat' dir='ltr'>Tempus</span> <span class='ocrx_word' id='word_1_593' title='bbox 2362 4128 2554 4182; x_wconf 89' lang='lat' dir='ltr'>adesse</span> <span class='ocrx_word' id='word_1_594' title='bbox 2588 4136 2741 4199; x_wconf 89' lang='lat' dir='ltr'>putat</span> <span class='ocrx_word' id='word_1_595' title='bbox 2767 4129 3051 4200; x_wconf 70' lang='lat' dir='ltr'>capiendae</span> <span class='ocrx_word' id='word_1_596' title='bbox 3075 4132 3349 4205; x_wconf 84' lang='lat' dir='ltr'>sanguine</span> <span class='ocrx_word' id='word_1_597' title='bbox 3377 4132 3594 4204; x_wconf 55' lang='lat' dir='ltr'>palma»,</span> 
     </span>
    </p>
   </div>
   <div class='ocr_carea' id='block_1_98' title="bbox 2096 4221 3472 4293">
    <p class='ocr_par' dir='ltr' id='par_1_98' title="bbox 2096 4221 3472 4293">
     <span class='ocr_line' id='line_1_99' title="bbox 2096 4221 3472 4293; baseline 0.004 -19"><span class='ocrx_word' id='word_1_598' title='bbox 2096 4221 2269 4291; x_wconf 84' lang='lat' dir='ltr'>Atque</span> <span class='ocrx_word' id='word_1_599' title='bbox 2303 4228 2489 4276; x_wconf 89' lang='lat' dir='ltr'>monet</span> <span class='ocrx_word' id='word_1_600' title='bbox 2519 4231 2774 4293; x_wconf 90' lang='lat' dir='ltr'>prompto</span> <span class='ocrx_word' id='word_1_601' title='bbox 2803 4224 2986 4279; x_wconf 88' lang='lat' dir='ltr'>socios</span> <span class='ocrx_word' id='word_1_602' title='bbox 3013 4232 3293 4279; x_wconf 90' lang='lat' dir='ltr'>certamen</span> <span class='ocrx_word' id='word_1_603' title='bbox 3326 4225 3472 4281; x_wconf 90' lang='lat' dir='ltr'>inire</span> 
     </span>
    </p>
   </div>
   <div class='ocr_carea' id='block_1_99' title="bbox 2098 4313 3489 4386">
    <p class='ocr_par' dir='ltr' id='par_1_99' title="bbox 2098 4313 3489 4386">
     <span class='ocr_line' id='line_1_100' title="bbox 2098 4313 3489 4386; baseline 0.003 -19"><span class='ocrx_word' id='word_1_604' title='bbox 2098 4313 2344 4380; x_wconf 88' lang='lat' dir='ltr'>Pectore,</span> <span class='ocrx_word' id='word_1_605' title='bbox 2367 4314 2763 4386; x_wconf 67' lang='lat' dir='ltr'>gestandzeque</span> <span class='ocrx_word' id='word_1_606' title='bbox 2787 4316 2968 4371; x_wconf 87' lang='lat' dir='ltr'>crucis</span> <span class='ocrx_word' id='word_1_607' title='bbox 3000 4317 3198 4371; x_wconf 89' lang='lat' dir='ltr'>vexilla</span> <span class='ocrx_word' id='word_1_608' title='bbox 3224 4317 3489 4386; x_wconf 88' lang='lat' dir='ltr'>petenda,</span> 
     </span>
    </p>
   </div>
   <div class='ocr_carea' id='block_1_100' title="bbox 2097 4404 3647 4478">
    <p class='ocr_par' dir='ltr' id='par_1_100' title="bbox 2097 4404 3647 4478">
     <span class='ocr_line' id='line_1_101' title="bbox 2097 4404 3647 4478; baseline 0.002 -19"><span class='ocrx_word' id='word_1_609' title='bbox 2097 4404 2432 4460; x_wconf 89' lang='lat' dir='ltr'>Sectandum</span> <span class='ocrx_word' id='word_1_610' title='bbox 2461 4406 2755 4461; x_wconf 90' lang='lat' dir='ltr'>Dominum</span> <span class='ocrx_word' id='word_1_611' title='bbox 2781 4408 3050 4478; x_wconf 83' lang='lat' dir='ltr'>exemplis</span> <span class='ocrx_word' id='word_1_612' title='bbox 3075 4410 3145 4463; x_wconf 90' lang='lat' dir='ltr'>ad</span> <span class='ocrx_word' id='word_1_613' title='bbox 3169 4425 3297 4463; x_wconf 88' lang='lat' dir='ltr'>vera</span> <span class='ocrx_word' id='word_1_614' title='bbox 3320 4418 3605 4464; x_wconf 85' lang='lat' dir='ltr'>vocantem</span> <span class='ocrx_word' id='word_1_615' title='bbox 3632 4426 3647 4476; x_wconf 89' lang='lat'><strong>;</strong></span> 
     </span>
    </p>
   </div>
   <div class='ocr_carea' id='block_1_101' title="bbox 2007 4463 3577 4572">
    <p class='ocr_par' dir='ltr' id='par_1_101' title="bbox 2007 4463 3577 4572">
     <span class='ocr_line' id='line_1_102' title="bbox 2007 4463 3577 4572; baseline 0.002 -21"><span class='ocrx_word' id='word_1_616' title='bbox 2007 4463 2067 4531; x_wconf 83' lang='lat' dir='ltr'><strong>D</strong></span> <span class='ocrx_word' id='word_1_617' title='bbox 2092 4497 2290 4569; x_wconf 90' lang='lat' dir='ltr'>Sicque</span> <span class='ocrx_word' id='word_1_618' title='bbox 2323 4499 2433 4552; x_wconf 92' lang='lat' dir='ltr'>Deo</span> <span class='ocrx_word' id='word_1_619' title='bbox 2457 4512 2517 4551; x_wconf 91' lang='lat' dir='ltr'>se</span> <span class='ocrx_word' id='word_1_620' title='bbox 2547 4499 2920 4566; x_wconf 89' lang='lat' dir='ltr'>committens,</span> <span class='ocrx_word' id='word_1_621' title='bbox 2951 4514 3249 4571; x_wconf 87' lang='lat' dir='ltr'>oransque,</span> <span class='ocrx_word' id='word_1_622' title='bbox 3275 4498 3577 4572; x_wconf 89' lang='lat' dir='ltr'>ferensque</span> 
     </span>
    </p>
   </div>
   <div class='ocr_carea' id='block_1_102' title="bbox 2093 4584 3358 4657">
    <p class='ocr_par' dir='ltr' id='par_1_102' title="bbox 2093 4584 3358 4657">
     <span class='ocr_line' id='line_1_103' title="bbox 2093 4584 3358 4657; baseline 0.001 -16"><span class='ocrx_word' id='word_1_623' title='bbox 2093 4586 2287 4641; x_wconf 88' lang='lat' dir='ltr'>Oscula</span> <span class='ocrx_word' id='word_1_624' title='bbox 2319 4584 2547 4657; x_wconf 88' lang='lat' dir='ltr'>pacifico</span> <span class='ocrx_word' id='word_1_625' title='bbox 2575 4585 2857 4655; x_wconf 85' lang='lat' dir='ltr'>subjectos</span> <span class='ocrx_word' id='word_1_626' title='bbox 2888 4602 3120 4642; x_wconf 91' lang='lat' dir='ltr'>munere</span> <span class='ocrx_word' id='word_1_627' title='bbox 3159 4586 3358 4644; x_wconf 80' lang='lat' dir='ltr'>firmat.</span> 
     </span>
    </p>
   </div>
   <div class='ocr_carea' id='block_1_103' title="bbox 2094 4674 3432 4745">
    <p class='ocr_par' dir='ltr' id='par_1_103' title="bbox 2094 4674 3432 4745">
     <span class='ocr_line' id='line_1_104' title="bbox 2094 4674 3432 4745; baseline 0.002 -18"><span class='ocrx_word' id='word_1_628' title='bbox 2094 4674 2354 4745; x_wconf 90' lang='lat' dir='ltr'>Discipuli</span> <span class='ocrx_word' id='word_1_629' title='bbox 2386 4674 2553 4729; x_wconf 88' lang='lat' dir='ltr'>fortes</span> <span class='ocrx_word' id='word_1_630' title='bbox 2584 4681 2792 4744; x_wconf 86' lang='lat' dir='ltr'>patrem</span> <span class='ocrx_word' id='word_1_631' title='bbox 2822 4674 3159 4730; x_wconf 89' lang='lat' dir='ltr'>comitantur</span> <span class='ocrx_word' id='word_1_632' title='bbox 3180 4687 3432 4742; x_wconf 90' lang='lat' dir='ltr'>euntem,</span> 
     </span>
    </p>
   </div>
   <div class='ocr_carea' id='block_1_104' title="bbox 2092 4771 3465 4846">
    <p class='ocr_par' dir='ltr' id='par_1_104' title="bbox 2092 4771 3465 4846">
     <span class='ocr_line' id='line_1_105' title="bbox 2092 4771 3465 4846; baseline 0 -19"><span class='ocrx_word' id='word_1_633' title='bbox 2092 4772 2402 4827; x_wconf 88' lang='lat' dir='ltr'>Gaudentes</span> <span class='ocrx_word' id='word_1_634' title='bbox 2425 4773 2629 4843; x_wconf 91' lang='lat' dir='ltr'>pariter</span> <span class='ocrx_word' id='word_1_635' title='bbox 2660 4771 2804 4842; x_wconf 80' lang='lat' dir='ltr'>plexi</span> <span class='ocrx_word' id='word_1_636' title='bbox 2834 4788 2995 4846; x_wconf 91' lang='lat' dir='ltr'>mage</span> <span class='ocrx_word' id='word_1_637' title='bbox 3025 4771 3268 4827; x_wconf 88' lang='lat' dir='ltr'>tormina</span> <span class='ocrx_word' id='word_1_638' title='bbox 3298 4771 3465 4840; x_wconf 90' lang='lat' dir='ltr'>ferre,</span> 
     </span>
    </p>
   </div>
   <div class='ocr_carea' id='block_1_105' title="bbox 2098 4862 3531 4935">
    <p class='ocr_par' dir='ltr' id='par_1_105' title="bbox 2098 4862 3531 4935">
     <span class='ocr_line' id='line_1_106' title="bbox 2098 4862 3531 4935; baseline -0.001 -15"><span class='ocrx_word' id='word_1_639' title='bbox 2098 4864 2268 4929; x_wconf 84' lang='lat' dir='ltr'>Quam</span> <span class='ocrx_word' id='word_1_640' title='bbox 2294 4874 2446 4935; x_wconf 89' lang='lat' dir='ltr'>patre</span> <span class='ocrx_word' id='word_1_641' title='bbox 2474 4864 2709 4933; x_wconf 87' lang='lat' dir='ltr'>sejuncti</span> <span class='ocrx_word' id='word_1_642' title='bbox 2737 4864 2975 4934; x_wconf 88' lang='lat' dir='ltr'>dapibus</span> <span class='ocrx_word' id='word_1_643' title='bbox 3006 4864 3271 4919; x_wconf 89' lang='lat' dir='ltr'>recubare</span> <span class='ocrx_word' id='word_1_644' title='bbox 3307 4862 3531 4919; x_wconf 89' lang='lat' dir='ltr'>caducis</span> 
     </span>
    </p>
   </div>
   <div class='ocr_carea' id='block_1_106' title="bbox 2096 4956 3427 5030">
    <p class='ocr_par' dir='ltr' id='par_1_106' title="bbox 2096 4956 3427 5030">
     <span class='ocr_line' id='line_1_107' title="bbox 2096 4956 3427 5030; baseline -0.001 -19"><span class='ocrx_word' id='word_1_645' title='bbox 2096 4959 2191 5012; x_wconf 83' lang='lat' dir='ltr'>Ast</span> <span class='ocrx_word' id='word_1_646' title='bbox 2219 4957 2315 5013; x_wconf 89' lang='lat' dir='ltr'>ubi</span> <span class='ocrx_word' id='word_1_647' title='bbox 2346 4956 2610 5011; x_wconf 89' lang='lat' dir='ltr'>sollicitas</span> <span class='ocrx_word' id='word_1_648' title='bbox 2640 4963 2960 5026; x_wconf 84' lang='lat' dir='ltr'>perventum</span> <span class='ocrx_word' id='word_1_649' title='bbox 2995 4956 3142 5030; x_wconf 87' lang='lat' dir='ltr'>regis</span> <span class='ocrx_word' id='word_1_650' title='bbox 3170 4956 3224 5010; x_wconf 91' lang='lat' dir='ltr'>in</span> <span class='ocrx_word' id='word_1_651' title='bbox 3258 4956 3427 5023; x_wconf 65' lang='lat' dir='ltr'>aedes,</span> 
     </span>
    </p>
   </div>
   <div class='ocr_carea' id='block_1_107' title="bbox 2092 5044 3709 5117">
    <p class='ocr_par' dir='ltr' id='par_1_107' title="bbox 2092 5044 3709 5117">
     <span class='ocr_line' id='line_1_108' title="bbox 2092 5044 3709 5117; baseline -0.001 -17"><span class='ocrx_word' id='word_1_652' title='bbox 2092 5047 2333 5101; x_wconf 86' lang='lat' dir='ltr'>Tandem</span> <span class='ocrx_word' id='word_1_653' title='bbox 2366 5045 2556 5100; x_wconf 90' lang='lat' dir='ltr'>hilaris</span> <span class='ocrx_word' id='word_1_654' title='bbox 2585 5046 2779 5117; x_wconf 82' lang='lat' dir='ltr'>surgit,</span> <span class='ocrx_word' id='word_1_655' title='bbox 2814 5044 3210 5116; x_wconf 89' lang='lat' dir='ltr'>stupidumque</span> <span class='ocrx_word' id='word_1_656' title='bbox 3239 5045 3440 5100; x_wconf 87' lang='lat' dir='ltr'>salutat</span> <span class='ocrx_word' id='word_1_657' title='bbox 3471 5045 3709 5102; x_wconf 88' lang='lat' dir='ltr'>amicum</span> 
     </span>
    </p>
   </div>
   <div class='ocr_carea' id='block_1_108' title="bbox 2097 5139 3372 5210">
    <p class='ocr_par' dir='ltr' id='par_1_108' title="bbox 2097 5139 3372 5210">
     <span class='ocr_line' id='line_1_109' title="bbox 2097 5139 3372 5210; baseline -0.002 -13"><span class='ocrx_word' id='word_1_658' title='bbox 2097 5142 2210 5197; x_wconf 81' lang='lat' dir='ltr'>Rex</span> <span class='ocrx_word' id='word_1_659' title='bbox 2235 5141 2565 5196; x_wconf 90' lang='lat' dir='ltr'>resalutatus</span> <span class='ocrx_word' id='word_1_660' title='bbox 2596 5159 2612 5205; x_wconf 87' lang='lat'><strong><em>;</em></strong></span> <span class='ocrx_word' id='word_1_661' title='bbox 2643 5140 2809 5194; x_wconf 87' lang='lat' dir='ltr'>sedes</span> <span class='ocrx_word' id='word_1_662' title='bbox 2840 5139 3096 5210; x_wconf 92' lang='lat' dir='ltr'>perducit</span> <span class='ocrx_word' id='word_1_663' title='bbox 3125 5139 3182 5193; x_wconf 93' lang='lat' dir='ltr'>in</span> <span class='ocrx_word' id='word_1_664' title='bbox 3214 5139 3372 5205; x_wconf 90' lang='lat' dir='ltr'>altas,</span> 
     </span>
    </p>
   </div>
   <div class='ocr_carea' id='block_1_109' title="bbox 2090 5233 3361 5306">
    <p class='ocr_par' dir='ltr' id='par_1_109' title="bbox 2090 5233 3361 5306">
     <span class='ocr_line' id='line_1_110' title="bbox 2090 5233 3361 5306; baseline -0.001 -17"><span class='ocrx_word' id='word_1_665' title='bbox 2090 5234 2480 5306; x_wconf 89' lang='lat' dir='ltr'>lncipiensque</span> <span class='ocrx_word' id='word_1_666' title='bbox 2504 5242 2661 5288; x_wconf 89' lang='lat' dir='ltr'>actus</span> <span class='ocrx_word' id='word_1_667' title='bbox 2690 5242 2744 5287; x_wconf 89' lang='lat' dir='ltr'>et</span> <span class='ocrx_word' id='word_1_668' title='bbox 2775 5233 2967 5287; x_wconf 71' lang='lat' dir='ltr'>cmlica</span> <span class='ocrx_word' id='word_1_669' title='bbox 2990 5234 3103 5288; x_wconf 89' lang='lat' dir='ltr'>visa</span> <span class='ocrx_word' id='word_1_670' title='bbox 3140 5234 3361 5300; x_wconf 90' lang='lat' dir='ltr'>retexit,</span> 
     </span>
    </p>
   </div>
   <div class='ocr_carea' id='block_1_110' title="bbox 353 5325 1805 5402">
    <p class='ocr_par' dir='ltr' id='par_1_110' title="bbox 353 5325 1805 5402">
     <span class='ocr_line' id='line_1_111' title="bbox 353 5325 1805 5402; baseline 0.001 -21"><span class='ocrx_word' id='word_1_671' title='bbox 353 5325 707 5401; x_wconf 74' lang='lat' dir='ltr'>Praegressae,</span> <span class='ocrx_word' id='word_1_672' title='bbox 740 5326 1009 5399; x_wconf 58' lang='lat' dir='ltr'>fassusque</span> <span class='ocrx_word' id='word_1_673' title='bbox 1041 5327 1196 5401; x_wconf 87' lang='lat' dir='ltr'>gravi</span> <span class='ocrx_word' id='word_1_674' title='bbox 1232 5326 1499 5402; x_wconf 86' lang='lat' dir='ltr'>plangore</span> <span class='ocrx_word' id='word_1_675' title='bbox 1532 5327 1805 5383; x_wconf 91' lang='lat' dir='ltr'>dolorem.</span> 
     </span>
    </p>
   </div>
   <div class='ocr_carea' id='block_1_111' title="bbox 354 5418 1792 5493">
    <p class='ocr_par' dir='ltr' id='par_1_111' title="bbox 354 5418 1792 5493">
     <span class='ocr_line' id='line_1_112' title="bbox 354 5418 1792 5493; baseline 0.001 -22"><span class='ocrx_word' id='word_1_676' title='bbox 354 5418 622 5475; x_wconf 78' lang='lat' dir='ltr'>Exhorret</span> <span class='ocrx_word' id='word_1_677' title='bbox 650 5418 833 5476; x_wconf 87' lang='lat' dir='ltr'>scelus</span> <span class='ocrx_word' id='word_1_678' title='bbox 859 5421 1173 5493; x_wconf 82' lang='lat' dir='ltr'>Augustus;</span> <span class='ocrx_word' id='word_1_679' title='bbox 1204 5419 1525 5474; x_wconf 88' lang='lat' dir='ltr'>tremefacta</span> <span class='ocrx_word' id='word_1_680' title='bbox 1547 5425 1792 5490; x_wconf 90' lang='lat' dir='ltr'>potestas</span> 
     </span>
    </p>
   </div>
   <div class='ocr_carea' id='block_1_112' title="bbox 350 5504 1698 5582">
    <p class='ocr_par' dir='ltr' id='par_1_112' title="bbox 350 5504 1698 5582">
     <span class='ocr_line' id='line_1_113' title="bbox 350 5504 1698 5582; baseline 0.004 -24"><span class='ocrx_word' id='word_1_681' title='bbox 350 5504 618 5576; x_wconf 83' lang='lat' dir='ltr'>Expavet,</span> <span class='ocrx_word' id='word_1_682' title='bbox 640 5524 708 5563; x_wconf 88' lang='lat' dir='ltr'>ac</span> <span class='ocrx_word' id='word_1_683' title='bbox 735 5508 900 5563; x_wconf 84' lang='lat' dir='ltr'>ﬂetus</span> <span class='ocrx_word' id='word_1_684' title='bbox 929 5510 1136 5582; x_wconf 84' lang='lat' dir='ltr'>regalia</span> <span class='ocrx_word' id='word_1_685' title='bbox 1166 5508 1373 5563; x_wconf 90' lang='lat' dir='ltr'>lumina</span> <span class='ocrx_word' id='word_1_686' title='bbox 1408 5509 1649 5564; x_wconf 91' lang='lat' dir='ltr'>reddunt</span> <span class='ocrx_word' id='word_1_687' title='bbox 1681 5524 1698 5577; x_wconf 89' lang='lat'><strong>;</strong></span> 
     </span>
    </p>
   </div>
   <div class='ocr_carea' id='block_1_113' title="bbox 346 5584 1841 5669">
    <p class='ocr_par' dir='ltr' id='par_1_113' title="bbox 346 5584 1841 5669">
     <span class='ocr_line' id='line_1_114' title="bbox 346 5584 1841 5669; baseline 0.003 -22"><span class='ocrx_word' id='word_1_688' title='bbox 346 5584 586 5666; x_wconf 82' lang='lat' dir='ltr'>Figitur,</span> <span class='ocrx_word' id='word_1_689' title='bbox 621 5603 679 5649; x_wconf 90' lang='lat' dir='ltr'>et</span> <span class='ocrx_word' id='word_1_690' title='bbox 705 5610 997 5665; x_wconf 88' lang='lat' dir='ltr'>procerum</span> <span class='ocrx_word' id='word_1_691' title='bbox 1017 5597 1236 5653; x_wconf 90' lang='lat' dir='ltr'>cinctus</span> <span class='ocrx_word' id='word_1_692' title='bbox 1262 5604 1593 5669; x_wconf 88' lang='lat' dir='ltr'>patrumque</span> <span class='ocrx_word' id='word_1_693' title='bbox 1613 5611 1841 5664; x_wconf 90' lang='lat' dir='ltr'>corona,</span> 
     </span>
    </p>
   </div>
   <div class='ocr_carea' id='block_1_114' title="bbox 347 5678 1696 5754">
    <p class='ocr_par' dir='ltr' id='par_1_114' title="bbox 347 5678 1696 5754">
     <span class='ocr_line' id='line_1_115' title="bbox 347 5678 1696 5754; baseline 0.004 -21"><span class='ocrx_word' id='word_1_694' title='bbox 347 5678 553 5736; x_wconf 87' lang='lat' dir='ltr'>Tactus</span> <span class='ocrx_word' id='word_1_695' title='bbox 579 5679 747 5732; x_wconf 87' lang='lat' dir='ltr'>corda</span> <span class='ocrx_word' id='word_1_696' title='bbox 785 5680 876 5747; x_wconf 87' lang='lat' dir='ltr'>pia</span> <span class='ocrx_word' id='word_1_697' title='bbox 897 5683 1098 5738; x_wconf 88' lang='lat' dir='ltr'>mentis</span> <span class='ocrx_word' id='word_1_698' title='bbox 1136 5682 1411 5754; x_wconf 86' lang='lat' dir='ltr'>probitate</span> <span class='ocrx_word' id='word_1_699' title='bbox 1444 5691 1696 5754; x_wconf 89' lang='lat' dir='ltr'>perorat:</span> 
     </span>
    </p>
   </div>
   <div class='ocr_carea' id='block_1_115' title="bbox 2090 5326 3574 5401">
    <p class='ocr_par' dir='ltr' id='par_1_115' title="bbox 2090 5326 3574 5401">
     <span class='ocr_line' id='line_1_116' title="bbox 2090 5326 3574 5401; baseline 0.001 -19"><span class='ocrx_word' id='word_1_700' title='bbox 2090 5328 2539 5399; x_wconf 88' lang='lat' dir='ltr'>Continuansque</span> <span class='ocrx_word' id='word_1_701' title='bbox 2571 5333 2751 5401; x_wconf 88' lang='lat' dir='ltr'>rogat,</span> <span class='ocrx_word' id='word_1_702' title='bbox 2782 5326 2878 5398; x_wconf 91' lang='lat' dir='ltr'>qui</span> <span class='ocrx_word' id='word_1_703' title='bbox 2919 5327 3019 5394; x_wconf 90' lang='lat' dir='ltr'>dii,</span> <span class='ocrx_word' id='word_1_704' title='bbox 3053 5343 3175 5398; x_wconf 64' lang='lat' dir='ltr'>quae</span> <span class='ocrx_word' id='word_1_705' title='bbox 3209 5328 3438 5383; x_wconf 91' lang='lat' dir='ltr'>numina</span> <span class='ocrx_word' id='word_1_706' title='bbox 3459 5328 3574 5383; x_wconf 87' lang='lat' dir='ltr'>visa</span> 
     </span>
    </p>
   </div>
   <div class='ocr_carea' id='block_1_116' title="bbox 2093 5414 3543 5483">
    <p class='ocr_par' dir='ltr' id='par_1_116' title="bbox 2093 5414 3543 5483">
     <span class='ocr_line' id='line_1_117' title="bbox 2093 5414 3543 5483; baseline 0.001 -14"><span class='ocrx_word' id='word_1_707' title='bbox 2093 5415 2428 5470; x_wconf 87' lang='lat' dir='ltr'>SintPetrus</span> <span class='ocrx_word' id='word_1_708' title='bbox 2469 5423 2524 5470; x_wconf 89' lang='lat' dir='ltr'>et</span> <span class='ocrx_word' id='word_1_709' title='bbox 2552 5414 2771 5481; x_wconf 87' lang='lat' dir='ltr'>Paulus,</span> <span class='ocrx_word' id='word_1_710' title='bbox 2803 5414 2913 5467; x_wconf 88' lang='lat' dir='ltr'>sibi</span> <span class='ocrx_word' id='word_1_711' title='bbox 2938 5414 3069 5469; x_wconf 91' lang='lat' dir='ltr'>talia</span> <span class='ocrx_word' id='word_1_712' title='bbox 3092 5415 3253 5483; x_wconf 89' lang='lat' dir='ltr'>jussa</span> <span class='ocrx_word' id='word_1_713' title='bbox 3280 5416 3543 5472; x_wconf 89' lang='lat' dir='ltr'>ferentes.</span> 
     </span>
    </p>
   </div>
   <div class='ocr_carea' id='block_1_117' title="bbox 2093 5505 3633 5577">
    <p class='ocr_par' dir='ltr' id='par_1_117' title="bbox 2093 5505 3633 5577">
     <span class='ocr_line' id='line_1_118' title="bbox 2093 5505 3633 5577; baseline 0.003 -22"><span class='ocrx_word' id='word_1_714' title='bbox 2093 5531 2121 5555; x_wconf 70' lang='grc' dir='ltr'>«ς</span> <span class='ocrx_word' id='word_1_715' title='bbox 2153 5506 2247 5562; x_wconf 81' lang='lat' dir='ltr'>llic</span> <span class='ocrx_word' id='word_1_716' title='bbox 2279 5514 2433 5576; x_wconf 88' lang='lat' dir='ltr'>pater</span> <span class='ocrx_word' id='word_1_717' title='bbox 2461 5512 2542 5561; x_wconf 90' lang='lat' dir='ltr'>est</span> <span class='ocrx_word' id='word_1_718' title='bbox 2567 5522 2730 5574; x_wconf 91' lang='lat' dir='ltr'>unus,</span> <span class='ocrx_word' id='word_1_719' title='bbox 2755 5505 2989 5561; x_wconf 91' lang='lat' dir='ltr'>colimus</span> <span class='ocrx_word' id='word_1_720' title='bbox 3009 5523 3174 5577; x_wconf 91' lang='lat' dir='ltr'>quem</span> <span class='ocrx_word' id='word_1_721' title='bbox 3210 5507 3405 5562; x_wconf 89' lang='lat' dir='ltr'>ritibus</span> <span class='ocrx_word' id='word_1_722' title='bbox 3433 5507 3592 5562; x_wconf 90' lang='lat' dir='ltr'>almis</span> <span class='ocrx_word' id='word_1_723' title='bbox 3621 5524 3633 5559; x_wconf 94' lang='lat'>:</span> 
     </span>
    </p>
   </div>
   <div class='ocr_carea' id='block_1_118' title="bbox 2087 5598 3565 5677">
    <p class='ocr_par' dir='ltr' id='par_1_118' title="bbox 2087 5598 3565 5677">
     <span class='ocr_line' id='line_1_119' title="bbox 2087 5598 3565 5677; baseline -0.001 -22"><span class='ocrx_word' id='word_1_724' title='bbox 2087 5598 2452 5670; x_wconf 90' lang='lat' dir='ltr'>Omnipotens</span> <span class='ocrx_word' id='word_1_725' title='bbox 2492 5598 2640 5666; x_wconf 73' lang='lat' dir='ltr'>coeli,</span> <span class='ocrx_word' id='word_1_726' title='bbox 2671 5604 2965 5677; x_wconf 71' lang='lat' dir='ltr'>terraeque,</span> <span class='ocrx_word' id='word_1_727' title='bbox 2997 5598 3273 5671; x_wconf 88' lang='lat' dir='ltr'>marisque</span> <span class='ocrx_word' id='word_1_728' title='bbox 3306 5609 3522 5655; x_wconf 87' lang='lat' dir='ltr'>creator</span> <span class='ocrx_word' id='word_1_729' title='bbox 3550 5618 3565 5653; x_wconf 88' lang='lat'><strong><em>:</em></strong></span> 
     </span>
    </p>
   </div>
   <div class='ocr_carea' id='block_1_119' title="bbox 2088 5687 3428 5763">
    <p class='ocr_par' dir='ltr' id='par_1_119' title="bbox 2088 5687 3428 5763">
     <span class='ocr_line' id='line_1_120' title="bbox 2088 5687 3428 5763; baseline -0.001 -18"><span class='ocrx_word' id='word_1_730' title='bbox 2088 5691 2238 5745; x_wconf 90' lang='lat' dir='ltr'>Unus</span> <span class='ocrx_word' id='word_1_731' title='bbox 2269 5695 2325 5744; x_wconf 90' lang='lat' dir='ltr'>et</span> <span class='ocrx_word' id='word_1_732' title='bbox 2347 5688 2465 5758; x_wconf 90' lang='lat' dir='ltr'>ipse</span> <span class='ocrx_word' id='word_1_733' title='bbox 2486 5689 2648 5757; x_wconf 89' lang='lat' dir='ltr'>Deus,</span> <span class='ocrx_word' id='word_1_734' title='bbox 2667 5688 2761 5761; x_wconf 90' lang='lat' dir='ltr'>qui</span> <span class='ocrx_word' id='word_1_735' title='bbox 2782 5687 2993 5744; x_wconf 89' lang='lat' dir='ltr'>viribus</span> <span class='ocrx_word' id='word_1_736' title='bbox 3015 5688 3204 5745; x_wconf 91' lang='lat' dir='ltr'>omnia</span> <span class='ocrx_word' id='word_1_737' title='bbox 3231 5690 3428 5763; x_wconf 90' lang='lat' dir='ltr'>replet.</span> 
     </span>
    </p>
   </div>
  </div>
