3972 6208
274 257 380 314 753

272 387 436 442 lstius
469 389 678 451 Petrus,
714 387 1026 460 Paulusque
1046 390 1293 443 sciuntur
1322 391 1552 446 alumni.

269 477 373 541 Qui
413 477 610 530 Christi
635 478 823 531 divina
858 479 947 531 Dei
978 479 1234 548 gentilms
1257 479 1415 533 isthic

269 570 664 632 Monstrarunt,
699 571 1007 641 orbemque
1045 571 1134 640 pio
1157 572 1453 641 Splendore
1487 582 1814 640 venustant;

270 663 408 716 llinc
437 670 609 716 testes
643 663 878 728 Domini,
911 665 1186 736 primique
1223 666 1277 718 in
1308 667 1439 719 sede
1469 682 1709 736 superna

266 756 594 809 Sanctorum
626 755 805 821 asciti,
836 757 960 811 caeli
989 757 1321 811 decorantur
1352 758 1407 812 in
1436 774 1581 824 arce,

265 852 623 906 Summorum
653 850 853 904 summi
881 866 1171 920 procerum
1205 853 1613 925 Omniregentis
1642 855 1822 909 amici.
1870 875 1890 905 ι

263 942 449 996 Caesar
471 943 536 996 ad
572 944 721 997 haec:
766 967 790 988 κ
837 943 1032 996 horum
1061 943 1219 997 vobis
1255 961 1382 998 num
1412 945 1554 998 livea
1583 946 1764 1000 vultus

269 1032 582 1102 Exprimit?
623 1053 650 1082 υ
694 1033 1032 1104 Ostendique
1065 1034 1171 1088 sibi
1207 1043 1527 1108 argumenta
1561 1037 1827 1107 reposcit:

267 1128 522 1182 Visorum
554 1128 761 1182 intutus
794 1146 935 1199 papa
968 1139 1307 1184 monstrante
1336 1132 1564 1204 figuras:

262 1241 288 1262 ιι
337 1217 534 1271 Verius
560 1218 704 1270 haud
738 1217 1040 1288 quidquam
1076 1219 1175 1272 hos
1211 1219 1427 1290 (inquit)
1463 1220 1591 1273 mihi
1620 1221 1774 1288 jussa
1801 1221 1901 1275 de-

1635 1312 1822 1382 [disse,

258 1401 335 1454 Te
368 1417 492 1454 mox
524 1401 738 1464 ascisei,
770 1401 975 1454 debere
1004 1401 1218 1455 lavarara
1247 1402 1442 1454 salutis

258 1489 336 1543 Te
371 1489 530 1543 nobis
558 1490 748 1555 nostri,
783 1489 986 1560 quibus
1028 1492 1214 1544 ulcera
1249 1498 1442 1544 cuneta
1477 1491 1745 1547 fatiscant.
1790 1513 1814 1542 ι

258 1582 442 1635 laetus
473 1581 540 1634 ad
571 1581 694 1644 ista,
729 1598 885 1634 sacer
916 1581 1044 1635 fidei
1081 1582 1182 1635 fert
1226 1583 1396 1635 ubera
1434 1585 1568 1655 regi,

261 1678 626 1747 llortaturque
656 1675 820 1728 fidem
859 1687 1113 1747 prompta
1134 1679 1533 1748 comprendere
1559 1689 1760 1733 mente.

260 1768 500 1821 Credere
531 1784 591 1820 se
623 1768 712 1821 ille
743 1768 929 1833 refert,
965 1769 1198 1839 ideoque
1225 1787 1448 1823 vocasse
1475 1781 1758 1840 patronum

261 1855 432 1924 flujus
465 1873 588 1910 eum
625 1857 782 1929 legis,
811 1858 944 1911 ritus
971 1875 1079 1930 quo
1102 1860 1227 1925 jure
1249 1868 1513 1929 capessat.

259 1952 544 2006 Dictantur
575 1968 697 2005 mox
727 1959 1015 2006 mansueto
1049 1963 1320 2022 pra'cepta
1353 1963 1617 2022 tyranno:

254 2045 575 2115 Tironique,
613 2061 754 2099 novo
778 2045 1102 2099 submittere
1132 2047 1268 2099 colla
1302 2057 1510 2117 parato,

256 2137 422 2189 Arida
467 2152 564 2206 pro
592 2136 828 2207 dapibus
861 2138 1060 2191 dantur
1081 2137 1293 2204 jejuuia
1319 2139 1585 2202 summis;

255 2229 595 2300 llircinoque
628 2230 866 2302 flagrans
887 2237 1095 2284 ostrum
1128 2238 1364 2284 mutatur
1394 2232 1636 2308 antictu;

259 2321 564 2395 Amplivagi
601 2337 698 2391 pro
741 2322 944 2376 lascivo
978 2323 1191 2394 fulgore
1221 2325 1406 2392 palati.

261 2411 415 2465 lnvia
453 2413 786 2467 mandantur
814 2413 983 2467 stricti
1018 2423 1227 2468 secreta
1256 2415 1492 2480 cubitis;

260 2505 362 2558 Pro
396 2504 638 2574 pompis,
675 2521 771 2576 pro
798 2507 1027 2573 judiciis
1055 2509 1392 2574 crudelibus,
1425 2512 1567 2567 alma

262 2592 365 2646 Ore
395 2593 782 2663 triumphantis
811 2603 1030 2649 resonet
1061 2596 1336 2652 confessio
1371 2599 1586 2656 Christi.

265 2685 510 2738 Lamenti
544 2686 782 2758 gemitus
814 2687 1053 2740 mulctati
1080 2689 1365 2760 sanguinis
1394 2709 1568 2759 error,

265 2776 501 2830 Delubra
532 2778 890 2838 claudantur:
925 2779 1193 2834 larvarum
1231 2783 1339 2836 liba
1367 2783 1672 2852 facessant;

264 2867 458 2921 Debita
491 2870 826 2938 pauperibus
859 2869 992 2925 fisco
1017 2871 1293 2925 donentur
1323 2873 1391 2926 ab
1424 2878 1604 2944 omni;

263 2961 495 3014 Vincula
527 2963 842 3016 carceribus
873 2970 983 3017 tota
1016 2975 1330 3022 reserentur
1363 2970 1416 3023 in
1450 2970 1582 3025 urbe
1618 2989 1632 3035 ;

266 3052 484 3106 Exsiliis
507 3053 694 3119 etiam,
738 3061 791 3108 et
814 3056 976 3109 variis
997 3060 1336 3115 cruciatibus
1367 3063 1472 3116 acti

264 3141 526 3196 Solentur
543 3143 736 3206 venia;
760 3144 960 3198 dentur
977 3146 1247 3201 solamina
1273 3149 1457 3215 fessis;

263 3235 546 3307 Degentur
575 3234 724 3305 digni
745 3236 910 3310 digne
945 3238 1059 3293 hrec
1090 3241 1154 3294 ad
1181 3243 1392 3312 agenda
1424 3244 1683 3299 ministri.

264 3324 477 3394 Excipit
508 3326 801 3399 Augustus,
846 3326 952 3382 fida
985 3346 1207 3401 quoque
1249 3341 1433 3388 mente
1469 3343 1743 3398 retractat.

265 3416 326 3471 Et
374 3415 644 3471 Christum
703 3435 890 3473 verum
943 3421 1348 3496 Dominamque
1409 3426 1700 3499 Deumque
1760 3446 1890 3500 pro-

1602 3520 1817 3590 [fessus,

268 3604 417 3657 Vana
445 3604 686 3673 probans
719 3605 1029 3672 simulacra,
1063 3608 1239 3662 crucis
1270 3609 1554 3681 signacula
1583 3613 1749 3667 sumit

269 3695 664 3767 Pontificisque
697 3713 860 3750 manu
888 3698 1120 3771 insignis
1151 3702 1583 3757 catechumenus
1615 3705 1742 3758 exit.

273 3789 417 3858 Papa
449 3788 620 3842 sacris
653 3798 845 3844 cautus
876 3792 1024 3846 ducit
1049 3794 1261 3862 jejunia
1285 3795 1461 3862 lietus,

272 3881 682 3952 Ecclesiamque
713 3884 801 3951 pio
833 3884 937 3938 sibi
965 3886 1146 3959 jungit
1169 3887 1363 3941 adesse
1393 3888 1605 3957 labore,

271 3970 486 4023 l'titibus
507 3971 780 4040 explicitis
811 3989 906 4043 per
935 3981 1058 4028 vota
1082 3975 1321 4030 celebria
1349 3977 1533 4052 dignis

271 4065 498 4119 Conscia
529 4067 804 4136 surgentis
837 4067 1028 4122 Christi
1066 4069 1231 4123 instat
1260 4088 1490 4142 vespera
1522 4072 1670 4140 felix,

273 4156 546 4211 Eduetura
579 4157 752 4231 nigris
781 4158 1041 4213 altissima
1072 4168 1288 4230 sceptra
1319 4163 1581 4228 tenebris,

273 4247 525 4317 Fonsquc
551 4249 811 4318 perennis
840 4266 995 4321 aqua:
1029 4252 1290 4320 prazcelso
1317 4269 1548 4308 munere
1580 4254 1817 4326 lymphae

275 4342 496 4396 Fontem
525 4343 735 4413 implet,
766 4351 948 4414 pestes
973 4346 1318 4419 exstinguere
1345 4364 1451 4402 non
1483 4349 1644 4404 modo
1668 4351 1888 4421 mentis,

269 4434 530 4504 Corporis
564 4442 616 4488 at
648 4436 830 4490 valido
862 4439 1175 4492 morborum
1210 4439 1327 4494 dira
1360 4440 1564 4495 levare.

268 4527 530 4580 Summus
562 4527 602 4582 it
632 4529 859 4582 antistes
886 4546 1158 4584 summum
1192 4548 1405 4586 sacrare
1435 4533 1799 4606 Toparcham,

268 4616 363 4669 llle
392 4616 486 4670 Dei
516 4617 715 4670 summi
741 4618 996 4673 virtutem
1025 4619 1200 4674 fassus
1229 4622 1485 4690 herilem,

264 4704 811 4776 Sordibusiimpuris,
845 4709 1119 4779 saivisque
1139 4718 1411 4766 renuntiat
1444 4713 1551 4768 aris
1582 4734 1598 4777 ;

265 4795 517 4869 'l‘iugitur
547 4806 604 4850 et
633 4798 803 4852 sacris
835 4800 977 4854 trino
1011 4803 1337 4856 mersamine
1370 4803 1425 4856 in
1447 4803 1635 4872 undis,

269 4888 325 4941 Et
369 4889 554 4943 subito
585 4891 738 4944 caelis
769 4892 833 4944 ad
867 4901 1013 4957 vota,
1039 4895 1105 4948 ad
1141 4896 1390 4964 νηυδυίιδ
1429 4912 1573 4960 orsa,

269 4977 377 5031 Lux
411 4979 586 5032 radiat
617 4979 852 5034 celebris
876 4998 1146 5052 superans
1170 4985 1483 5040 rutilamina
1505 4987 1654 5042 solis.

267 5071 401 5124 Tum
432 5072 677 5140 crepitus
709 5072 874 5125 fontis
903 5074 1194 5129 stridentia
1227 5076 1364 5131 frixa
1397 5080 1644 5146 resultat,

267 5162 380 5224 Quo
411 5177 646 5232 surgens
681 5162 823 5214 lotus
843 5179 934 5216 rex
975 5173 1156 5218 mente
1189 5183 1251 5220 ac
1278 5183 1510 5238 corpore
1540 5169 1778 5223 mundus

275 5251 565 5326 Egreditur
595 5251 797 5318 salvus,
832 5253 1026 5307 Christi
1043 5255 1157 5309 visa
1180 5272 1272 5311 ora
1305 5258 1602 5327 professus.

271 5347 448 5402 Mente
484 5348 619 5401 nitet
652 5364 844 5416 purus,
876 5351 1030 5419 pueri
1074 5352 1236 5406 micat
1275 5368 1370 5407 ore
1413 5371 1670 5419 serenus;

270 5440 421 5494 Meus
453 5439 602 5493 intus
634 5438 909 5506 Splendet,
943 5441 1073 5495 foris
1090 5460 1150 5496 ac
1182 5460 1307 5498 caro
1341 5445 1549 5518 fulgida
1579 5446 1810 5509 candet;

271 5533 478 5585 (laudet
517 5537 570 5584 at
591 5530 786 5583 eximia
815 5532 1046 5586 donatus
1075 5536 1326 5605 utrinque
1358 5540 1592 5592 medela.

274 5625 515 5678 Candida
546 5624 713 5677 sumit
738 5640 926 5690 ovans,
960 5633 1013 5680 et
1045 5627 1257 5698 legibus
1286 5629 1428 5684 alma
1457 5639 1753 5702 propagat:

280 5713 428 5765 lluuc
451 5711 654 5764 debere
686 5710 790 5764 coli
836 5711 989 5764 lu'ttts
1029 5730 1132 5782 qua
1165 5714 1408 5767 tenditur
1431 5718 1578 5770 orbis

899 259 979 311 DE
1019 257 1274 313 CHRISTI
1318 260 1676 316 'I'RIUMPHIS
1716 264 1888 319 APUD
1931 265 2196 320 lTALlAM
2239 265 2419 320 LIBRI
2466 264 2602 321 XIV.
2648 295 2718 306 —
2757 265 2883 320 LIB.
2926 267 3012 321 IX.

3525 269 3632 324 754

1927 402 1970 467 Α
2000 395 2098 460 Qui
2132 394 2238 449 sibi
2267 412 2409 450 szeva
2432 395 2628 469 fugans
2658 394 2942 449 tribuisset
2964 393 3086 450 lazta
3102 395 3298 450 salutis
3328 412 3341 449 :

2004 486 2159 538 llunc
2189 484 2282 556 qui
2317 484 2661 554 blasphemet
2688 484 2901 554 punitio
2933 484 3102 559 digna
3134 491 3403 556 sequatur
3431 503 3446 553 ;

1997 574 2332 628 Christicolze
2365 574 2599 628 afflictor
2627 589 2825 628 census
2845 583 3059 630 sectore
3093 583 3408 646 prematur:

1999 675 2346 729 Romulidum
2380 691 2576 745 papam
2609 682 2902 729 veneretur
2931 674 3229 746 episcopus
3268 673 3480 732 omnis:

1998 763 2051 818 Si
2078 780 2201 818 reus
2235 763 2524 817 Ecclesiam
2558 771 2730 834 petat,
2763 772 2822 818 ut
2851 779 3084 820 censore
3116 771 3365 840 tegatur:

2000 853 2254 909 Praesulis
2285 855 2483 908 annisu
2515 853 2680 908 modo
2712 853 2918 926 templa
2940 855 3272 910 locenturin
3295 853 3467 910 urbe:

1999 945 2260 1001 Caesareae
2289 945 2526 1002 fabricas
2555 945 2784 1001 decimae
2815 946 3134 1020 redigantur
3163 945 3222 1002 in
3267 946 3460 1004 almas.

2001 1041 2151 1096 Albis
2173 1041 2463 1112 depositis,
2505 1041 2756 1095 ardentia
2785 1050 2845 1096 ut
2866 1047 3011 1096 ostra
3043 1041 3298 1109 resumit,

2007 1137 2244 1192 Mundus
2282 1144 2336 1191 et
2366 1136 2666 1190 incolumis
2691 1135 2837 1190 Petri
2870 1138 3156 1191 mausolea
3183 1137 3388 1196 visens.

2004 1235 2278 1290 Sternitur
2308 1235 2361 1288 in
2403 1233 2620 1299 faciem,
2655 1233 2823 1303 capiti
2856 1233 3165 1288 diademate
3199 1235 3444 1305 dempto.

2002 1331 2060 1384 Et
2082 1329 2337 1401 lacrymis
2363 1335 2589 1384 stratum
2629 1329 2931 1401 Tyriosque
2955 1328 3195 1382 infundit
3225 1330 3481 1397 amictus,

1998 1423 2179 1494 Seque
2203 1439 2356 1476 reum
2389 1437 2700 1476 memorans
2722 1428 2911 1476 sancto
2939 1421 3008 1475 de
3031 1421 3302 1492 sanguine
3333 1420 3478 1488 fuso,

1998 1515 2221 1568 Excibat
2248 1514 2436 1586 pepuli
2467 1514 2626 1568 ﬂetus
2663 1513 3016 1587 gemitusque
3037 1520 3304 1568 sonantes

1997 1607 2156 1661 Mixto
2186 1607 2482 1679 pangentis
2528 1605 2676 1661 luctu
2719 1623 2861 1662 nova
2898 1606 3103 1680 gaudia
3134 1606 3291 1661 laetis.

1859 1751 1877 1776 ι
1917 1731 1964 1798 Β
1996 1696 2104 1749 Rex
2143 1695 2339 1749 servile
2368 1709 2659 1768 aggressus
2697 1710 2855 1764 opus,
2888 1694 3311 1766 chlamydisque
3343 1693 3577 1748 nitorem

1991 1785 2288 1853 Rejiciens,
2320 1784 2534 1838 insueta
2562 1783 2718 1854 petit,
2753 1783 3044 1855 fossorque
3077 1783 3361 1839 bidentem

1989 1886 2209 1957 Arripit,
2252 1893 2305 1940 et
2334 1885 2522 1957 glebas
2554 1900 2726 1956 prono
2753 1885 3043 1939 conamine
3076 1884 3261 1949 vertit,

1987 1978 2161 2047 Atque
2192 1975 2331 2029 viam
2367 1975 2554 2045 pandit
2575 1975 2715 2029 sacri
2746 1973 3071 2028 fundamina
3100 1973 3294 2044 templi

1987 2074 2099 2136 Qua
2121 2070 2358 2144 figantur
2377 2069 2688 2141 apostolici,
2720 2086 2830 2141 quo
2870 2085 3071 2124 curvus
3100 2069 3333 2135 honore,

1989 2164 2184 2233 Egesta
2215 2162 2558 2217 fundamenti
2599 2162 2795 2216 scrobe
2819 2161 2918 2217 rite
2950 2160 3193 2227 locandi,

1989 2253 2079 2306 Bis
2106 2269 2200 2306 sex
2231 2252 2334 2306 fert
2363 2251 2606 2305 humeris
2635 2250 2908 2321 cophinos
2941 2251 3134 2304 tellure
3165 2255 3444 2325 gravatos.

1989 2345 2270 2399 Curriculo
2303 2343 2552 2398 residens
2575 2342 2754 2397 aulam
2780 2342 2907 2397 hinc
2937 2359 3060 2397 cum
3086 2341 3324 2413 praesule
3357 2339 3613 2397 scandit:

1987 2435 2166 2488 Altera
2197 2433 2286 2488 lux
2315 2425 2484 2488 terras
2516 2447 2674 2488 roseo
2704 2430 3001 2502 spargebat
3027 2431 3254 2486 amictu.

1989 2533 2218 2588 Sanctus
2251 2538 2305 2586 et
2326 2532 2580 2588 Ecclesia:
2610 2548 2826 2588 sacrare
2856 2530 3060 2603 palatia
3086 2532 3263 2604 surgit

1990 2624 2100 2678 Rex
2141 2621 2527 2677 Lateranensis
2552 2621 2790 2686 fabricae,
2825 2622 3144 2694 passimque
3178 2621 3388 2677 revelat

1991 2714 2281 2769 Altithroni
2301 2714 2434 2787 juga
2464 2713 2567 2767 sub
2592 2712 2808 2767 Domini
2833 2729 2891 2767 se
2915 2711 3057 2768 colla
3089 2711 3332 2768 dedisse.

2000 2821 2142 2894 Lege
2173 2820 2299 2873 data
2330 2834 2538 2889 pauper
2558 2817 2604 2872 si
2623 2817 2745 2889 quis
2766 2833 2824 2872 se
2846 2816 3086 2871 subdere
3115 2815 3333 2871 Christo

1993 2911 2225 2984 Deligat,
2258 2917 2318 2963 ut
2355 2917 2560 2963 vestem
2589 2907 2768 2979 capiat
2793 2907 3036 2962 candore
3062 2905 3361 2961 micantem

1992 3007 2216 3060 Munere
2247 3005 2498 3060 Caesareo
2529 3003 2849 3074 solidasque
2881 3001 3071 3058 decem
3099 3001 3438 3076 geminatos.

1914 3108 1962 3175 ρ
1986 3095 2262 3154 Accrescit
2293 3094 2510 3150 Domini
2550 3093 2772 3160 messis,
2805 3093 3131 3164 pepulique,
3165 3094 3411 3149 nitentes

1990 3188 2155 3241 Sacra
2195 3183 2290 3238 Dei
2314 3182 2536 3248 summi,
2567 3181 2828 3253 linquunt
2858 3181 3128 3236 scelerata
3157 3181 3399 3248 sacella;

1990 3288 2155 3343 Millia
2185 3287 2519 3342 candentum
2552 3284 2793 3339 renitent
2823 3282 3081 3338 duodena
3105 3284 3378 3350 virorum,

1993 3382 2262 3438 lnfantum
2297 3386 2494 3451 praeter
2514 3384 2748 3432 matrum
2772 3391 2996 3448 quoque
3023 3375 3212 3430 debile
3235 3377 3457 3452 vulgus,

1991 3473 2228 3537 Quorum
2260 3477 2367 3524 stat
2396 3481 2658 3522 numerus
2687 3465 2813 3521 colli
2846 3480 3100 3520 mensore
3139 3464 3391 3533 libratus,

1993 3565 2344 3621 Romulidum
2377 3558 2630 3617 Patribus
2661 3557 2789 3612 fidei
2813 3557 3156 3632 fugientibus
3185 3559 3316 3625 alta,

1995 3661 2141 3716 Haud
2173 3659 2307 3713 sinit
2346 3659 2645 3732 Augustum
2679 3653 3199 3728 Paterindignarier
3228 3655 3436 3714 almus.

1994 3751 2086 3806 Ille
2126 3751 2327 3805 throno
2352 3745 2599 3803 residens
2630 3745 2767 3800 aulae
2807 3742 3142 3815 plebemque
3177 3752 3476 3820 patresque

1993 3843 2198 3897 Lumen
2229 3841 2284 3895 in
2308 3841 2607 3895 aethereum
2641 3835 2980 3892 radiantibus
3002 3835 3204 3892 excitat
3221 3837 3394 3894 orsis:

1993 3935 2107 3990 Non
2138 3934 2347 3990 debere
2378 3934 2512 3988 deos
2534 3938 2744 3986 testans
2769 3929 2948 3985 dicive
2976 3928 3156 3984 colive

1993 4029 2358 4094 Quimanibus
2382 4025 2514 4081 fiant
2545 4026 2854 4091 hominum,
2887 4031 3148 4079 tueantur
3165 4031 3220 4079 et
3251 4030 3397 4091 actu,

1994 4129 2140 4193 Quos
2159 4125 2568 4183 conservandos
2595 4131 2906 4179 restaurent
2936 4121 3156 4178 casibus
3182 4129 3360 4188 actos;

1997 4221 2088 4275 llis
2116 4236 2176 4275 se
2215 4219 2491 4288 conjicere
2524 4217 2786 4292 indignos
2813 4217 3121 4288 placamina
3150 4217 3277 4273 divo

1992 4312 2091 4378 Qui
2125 4326 2380 4383 reparare
2409 4316 2575 4381 queat
2600 4309 2786 4363 tritum
2815 4315 2870 4363 et
2903 4324 3161 4365 revocare
3180 4309 3412 4364 salutem
3437 4327 3452 4375 ;

1993 4408 2259 4480 Quodque
2286 4407 2339 4461 in
2358 4421 2418 4462 se
2446 4405 2646 4461 factum
2680 4405 2890 4477 liquida
2915 4412 3023 4461 stet
3052 4407 3173 4462 luce
3196 4406 3436 4477 probari,

1908 4491 1962 4559 D
1991 4500 2266 4556 Artificem
2301 4499 2574 4553 Christum
2605 4499 2711 4553 ritu
2736 4499 3056 4554 venerarier
3083 4513 3266 4570 aequo,

1999 4592 2150 4648 Unde
2184 4591 2565 4664 superstitiosa
2593 4596 2783 4662 petant
2805 4590 2917 4661 jam
2939 4589 3172 4645 numina
3201 4588 3390 4654 ﬁnem,

1995 4686 2154 4742 Solus
2194 4686 2455 4741 adoretur
2483 4685 2575 4756 qui
2606 4689 2803 4739 cuncta
2834 4682 2954 4754 quit
2991 4683 3160 4739 edere
3189 4681 3373 4750 solus;

1993 4778 2090 4844 Qui
2122 4787 2303 4834 servat
2327 4778 2548 4853 dignus,
2583 4792 2692 4832 non
2720 4775 2814 4848 qui
2843 4783 3111 4841 servatur,
3146 4775 3390 4843 honore;

1990 4878 2068 4930 Sit
2094 4875 2255 4931 caecis
2285 4877 2435 4931 visus
2465 4875 2668 4930 ianime
2701 4874 2814 4946 (sic)
2844 4873 3193 4945 imperitetur

1989 4969 2258 5036 Auditus;
2284 4969 2516 5024 desistat
2553 4969 2621 5023 ab
2655 4969 2741 5024 his
2770 4967 3044 5040 sapientia
3075 4973 3294 5032 nostra;

1994 5061 2247 5116 Ecclesiae
2279 5068 2505 5132 pateant
2537 5061 2752 5127 Christi,
2783 5077 2906 5132 quae
2931 5061 3057 5130 jura
3089 5057 3336 5131 profanis

1993 5158 2329 5214 Flaminibus
2358 5166 2592 5224 servata,
2627 5159 2734 5230 piis
2773 5159 2884 5213 sint
2904 5173 3059 5213 cessa
3097 5155 3388 5212 ministris.

1995 5250 2272 5321 Cmpimus
2294 5266 2425 5325 ergo
2456 5265 2682 5321 Operam
2714 5250 2932 5316 Christi,
2965 5265 3076 5322 quo
3106 5248 3258 5324 regia
3287 5244 3495 5318 templo

1995 5339 2188 5396 Nostra
2208 5339 2396 5405 micet,
2435 5338 2619 5393 videat
2648 5339 2853 5409 passim
2887 5353 3112 5395 romana
3129 5343 3372 5408 potestas

1997 5429 2152 5483 Nulla
2172 5427 2406 5483 subesse
2432 5427 2617 5482 animo
2649 5426 2806 5482 dubii
2837 5427 3071 5499 vestigia
3097 5432 3314 5484 nostro.

1999 5517 2356 5572 Conclamant
2383 5517 2450 5572 ad
2483 5517 2626 5570 dicta
2659 5516 2863 5582 Patres,
2907 5515 3189 5587 fortesque
3221 5515 3479 5581 Quirites,

1996 5616 2271 5671 Christum
2295 5619 2630 5685 attollentes,
2657 5618 2950 5690 claudique
2973 5598 3174 5673 sacella
3201 5625 3472 5690 petentes,

1993 5707 2214 5777 Templa
2247 5717 2438 5777 patere
2463 5710 2554 5765 Dei
2583 5710 2800 5779 Christi,
2833 5711 2923 5782 qui
2952 5725 3114 5767 verus
3142 5717 3198 5766 et
3217 5727 3385 5775 unus,
