3972 6208
380 225 488 282 755
1148 225 1515 280 FLODOARDI
1559 225 1862 281 CANONICI
1906 225 2232 282 BEMENSIS
2272 228 2611 286 OPUSCULA
2650 216 2965 285 METRICA.
3625 238 3749 292 756

380 354 639 410 Praestitit
668 355 909 429 Augusto
940 353 1178 408 subitam
1212 353 1336 408 sine
1367 370 1521 409 more
1553 354 1784 410 salutem
1821 373 1834 409 :

381 449 522 503 Urbe
555 448 895 518 repellantur
921 446 1134 501 Christo
1158 447 1412 502 vincente
1447 447 1682 518 profani.

377 540 442 593 At
470 538 787 593 moderator
812 536 878 589 ad
913 536 1030 591 haec
1060 536 1253 606 pandit
1278 552 1386 607 qua
1416 544 1599 592 mente
1620 538 1855 593 colenda

375 631 507 685 iura
531 628 646 694 Dei,
668 644 792 699 quae
819 627 984 682 corde
1010 627 1262 700 fiagrent,
1295 644 1418 699 qua:
1448 637 1647 699 sponte
1677 640 1971 700 petantur;

379 722 587 776 invitus
612 721 816 788 nullus,
845 721 1031 776 nullus
1061 722 1351 795 subigatur
1380 723 1608 778 adactus

379 815 611 870 Censeat
639 813 784 870 ultro
811 814 1030 869 animus
1053 814 1260 885 justum
1290 815 1557 870 deliberet
1576 832 1818 887 aequum,

377 906 530 972 Quod
552 923 742 964 verum
776 907 1019 962 inveniet
1047 913 1226 962 sumat
1250 907 1465 963 ratione
1496 909 1712 964 librata.

379 999 527 1053 Hanc
554 1013 750 1054 omnes
775 1001 930 1053 vanis
959 998 1123 1053 etiam
1149 998 1606 1055 laudarcsuhacti

378 1091 577 1159 Legem
607 1106 731 1163 qua
761 1090 970 1145 nullum
1002 1090 1248 1159 impellat
1276 1091 1605 1163 nullumque
1637 1096 1885 1165 repellat.

378 1184 521 1239 Urbe
544 1192 803 1241 coronata
838 1184 1029 1239 Phrebi
1064 1185 1154 1239 lux
1179 1185 1431 1256 lampade
1473 1188 1643 1242 multa

377 1273 642 1339 Vincitur,
669 1272 962 1328 Ecclesiam
992 1274 1261 1345 gratantia
1290 1274 1491 1346 gaudia
1522 1275 1759 1346 replent.

377 1366 700 1422 Sanctorum
733 1366 894 1421 rutilo
926 1372 1192 1420 ornantur
1229 1367 1525 1436 splendore
1566 1368 1849 1440 sepulcra;

380 1455 592 1510 Exsiiiis
614 1455 747 1510 trusi
782 1455 929 1509 claro
961 1455 1063 1509 sub
1096 1457 1303 1511 honore
1327 1467 1610 1521 vocantur,

377 1547 588 1619 Quique
615 1563 715 1601 sua
745 1546 851 1601 laeti
886 1546 1058 1617 patria
1088 1546 1365 1618 gaudente
1391 1548 1619 1618 recepti,

380 1637 544 1712 Regis
571 1646 626 1691 et
654 1635 811 1691 asciti
840 1636 1052 1690 meritis
1090 1644 1427 1691 venerantur
1455 1640 1635 1694 amici.

378 1730 591 1784 interea
628 1728 863 1804 genitrix
894 1729 1143 1801 Augusti,
1177 1728 1381 1783 femina
1413 1731 1524 1785 veri

374 1818 696 1884 Scrutatrix,
732 1818 935 1873 Helena
969 1829 1149 1890 partes
1182 1819 1445 1873 lustrabat
1477 1819 1591 1885 Eoi,

378 1908 668 1978 Bebrycias
692 1924 990 1982 peragrans
1013 1907 1178 1962 urbes
1200 1916 1253 1961 et
1277 1925 1443 1980 regna
1465 1909 1710 1983 l'elasga,

376 1997 504 2063 Quae
545 1997 675 2051 dum
710 2007 955 2051 monstra
993 1997 1162 2050 Deum
1195 1998 1444 2052 venerari
1472 2007 1630 2052 cauta
1659 2007 1896 2063 renutat,

378 2092 579 2164 Deligit
605 2101 875 2146 astrorum
906 2091 1020 2165 regi
1051 2090 1367 2145 famularicr
1397 2092 1524 2157 uni;

379 2188 531 2243 Unde
549 2185 737 2241 favens
762 2186 933 2241 veteri
956 2186 1148 2242 Judrea
1180 2187 1429 2241 litamina
1454 2196 1618 2243 seetze

378 2277 953 2343 Censebatsectanda,
994 2284 1293 2348 monetque
1329 2278 1638 2334 hortamine
1672 2288 1856 2335 natum

376 2365 606 2419 Sumere
633 2363 880 2419 Moszeam
915 2366 1217 2436 priscorum
1262 2367 1478 2421 tramite
1510 2367 1712 2441 legem,

381 2459 531 2515 iiaud
562 2461 710 2515 credi
741 2460 946 2514 debere
972 2446 1141 2515 Deum
1181 2461 1519 2517 cruciatibus
1559 2474 1762 2533 actum,

379 2554 471 2608 Ast
492 2552 574 2607 illi
601 2553 787 2608 divum
816 2553 1185 2607 medicamina
1216 2552 1337 2608 laeta
1370 2556 1609 2624 repulsa.

378 2645 585 2699 Gnatus
614 2645 682 2699 ad
710 2645 848 2712 haec,
880 2660 1095 2700 summo
1132 2661 1256 2699 sese
1280 2646 1658 2704 moderamine
1689 2655 1904 2703 vectum

380 2739 605 2812 Culmen
638 2740 693 2794 in
723 2739 984 2796 eximium
1016 2747 1275 2807 tractans,
1308 2746 1622 2812 praecedere
1655 2752 1895 2799 mentem

381 2811 706 2895 Humanam,
731 2838 791 2884 ut
818 2829 1041 2895 ccelum,
1066 2835 1262 2899 terras,
1289 2811 1475 2884 divina
1508 2832 1729 2899 fatetur,

380 2922 491 2977 Nec
510 2937 677 2994 quem
716 2920 1241 2994 delegitdefendere
1272 2922 1499 2977 numine
1533 2925 1765 2992 cultum,

380 3010 458 3065 Ne
476 3018 584 3065 tam
613 3008 859 3080 pmcelsi
894 3008 1029 3062 ritus
1059 3010 1164 3063 sibi
1197 3010 1445 3065 conferat
1472 3028 1667 3080 ausus;

382 3100 642 3154 Doctores
671 3105 725 3152 at
754 3096 1110 3163 Christicolae,
1144 3098 1437 3172 gentisque
1472 3108 1697 3158 vetustas

382 3191 724 3247 Conveniant
752 3189 1013 3245 certaturi
1047 3189 1342 3246 libramine
1376 3193 1490 3247 veri

383 3285 527 3357 Lege
557 3299 732 3348 sacra,
755 3281 911 3337 libris
932 3281 1133 3348 cultus,
1165 3290 1220 3338 et
1246 3283 1507 3357 dogmate
1536 3287 1647 3342 divi

382 3375 607 3431 Alterna
628 3374 763 3447 quid
786 3375 1126 3446 praecipuum
1148 3374 1221 3429 sit
1252 3375 1348 3431 lite
1379 3380 1648 3446 revolent,

384 3464 663 3521 Cervicem
692 3465 780 3521 cui
813 3481 1063 3520 summus
1093 3483 1253 3538 apex,
1287 3466 1374 3522 cui
1408 3470 1609 3524 saecula
1636 3470 1891 3526 subdant.

386 3555 640 3627 Undique
670 3555 931 3621 Rabbini,
965 3556 1469 3631 legisquecitantur
1488 3561 1648 3616 amici

385 3643 650 3712 Carnalis,
683 3645 987 3717 superique
1014 3654 1317 3721 gregantur
1344 3647 1605 3702 Flaminis
1637 3649 1841 3717 hostes,

386 3732 637 3790 Culmina
665 3742 971 3789 sectantum
1005 3734 1192 3805 paleas
1223 3735 1482 3789 duodena
1514 3735 1790 3808 leguntur,

384 3827 707 3883 Romuleam
739 3828 926 3883 Graeco
958 3827 1220 3900 Latioque
1253 3828 1442 3899 lepore
1476 3829 1631 3899 politi

383 3916 594 3989 Quique
622 3915 838 3971 habiles
867 3915 969 3971 visi
998 3915 1195 3970 scribze
1228 3917 1482 3989 legantur
1512 3919 1580 3973 ad
1612 3919 1825 3976 urbem.

286 4070 291 4075 ,
384 4009 498 4065 Huc
522 4023 742 4082 quoque
769 4006 1062 4078 pontifices
1092 4007 1291 4066 Christi
1322 4008 1527 4080 pietitc
1555 4012 1795 4068 nitentes

383 4100 624 4157 Sedibus
643 4099 804 4155 asciti
831 4098 999 4154 variis
1024 4099 1080 4154 in
1109 4099 1257 4156 bella
1285 4108 1572 4169 vocantur,

386 4192 638 4263 Dumque
670 4188 780 4265 legi
809 4188 1009 4244 alterni
1040 4190 1150 4245 litis
1178 4191 1271 4262 qui
1299 4207 1514 4248 summa
1540 4203 1833 4265 capessant

385 4278 693 4337 Censentur
718 4277 916 4333 Christi
944 4276 1158 4344 famuli,
1187 4279 1541 4351 Sylvesterin
1580 4297 1693 4339 uno

382 4372 550 4444 Spem
582 4370 719 4426 ﬁxus
747 4370 981 4425 Domino
1011 4370 1097 4426 bis
1126 4372 1277 4427 senis
1306 4389 1366 4428 se
1393 4372 1584 4443 objicit
1605 4391 1796 4430 unum.

386 4466 517 4521 Pars
544 4465 775 4541 adversa
805 4465 920 4520 suis
945 4465 1177 4521 horrens
1202 4468 1516 4538 superarier
1534 4470 1723 4533 armis,

387 4557 511 4611 Haec
540 4554 796 4627 prohibet
819 4556 1004 4630 tangi;
1039 4556 1214 4612 Caesar
1245 4560 1442 4629 probat
1466 4566 1594 4630 apta
1627 4560 1936 4632 triumpho:

384 4646 515 4701 Pars
543 4644 769 4701 inimica
796 4644 914 4699 suis
953 4645 1083 4700 dum
1114 4649 1381 4703 sternitur
1408 4648 1609 4704 obruta
1648 4649 1795 4716 telis,

383 4740 673 4796 [Ethereus
689 4740 975 4815 consurgit
1000 4755 1165 4813 agon,
1196 4742 1524 4814 capiturque
1545 4743 1812 4799 duellum.

386 4857 411 4888 α
457 4836 846 4909 Blasphemant
873 4835 1060 4891 stolidi
1092 4842 1202 4891 tres
1232 4853 1337 4893 nos
1373 4854 1531 4893 orare
1571 4838 1865 4895 Tonantes.
1914 4864 1936 4885 ιι

382 4929 527 5000 Papa
557 4929 711 4985 libris
731 4930 925 5002 pandit
952 4931 1147 5002 priscis
1170 4930 1275 4986 tria
1303 4930 1536 4986 Numine
1566 4946 1785 4986 summo

387 5019 711 5093 Complecti,
744 5030 1034 5094 totumque
1060 5037 1279 5078 creasse
1319 5021 1641 5079 triformiter
1665 5023 1865 5088 Unum,

380 5112 482 5179 Qui
512 5113 618 5169 sibi
651 5112 728 5169 nil
758 5113 946 5186 dispar
965 5115 1213 5184 majusve
1244 5115 1499 5170 minusve
1528 5121 1793 5187 receptet.

382 5201 499 5258 Uno
527 5202 635 5258 hoc
657 5201 793 5258 eliso
823 5202 1084 5278 geminus
1108 5204 1478 5276 prosternitur
1508 5204 1697 5261 hostis.

379 5292 656 5364 Objiciunt
671 5294 860 5351 Jesum
891 5294 1162 5351 Christum
1184 5297 1390 5368 pericla
1410 5298 1598 5353 tulisse

380 5388 553 5460 idque
591 5396 905 5461 peroratum
938 5390 1245 5462 priscorum
1294 5392 1555 5464 panditur
1591 5393 1753 5460 orsis,

377 5475 570 5532 Omnia
589 5492 714 5549 quae
741 5476 951 5533 Christo
978 5476 1136 5533 factis
1161 5480 1466 5550 implentur
1496 5481 1550 5535 in
1582 5497 1725 5546 uno;

376 5564 651 5620 Promitur
668 5566 941 5623 adventus
982 5577 1039 5622 et
1063 5584 1224 5623 causa
1257 5578 1448 5643 rogata
1474 5570 1700 5637 laboris,
1762 5606 1767 5611 -

378 5654 663 5727 thueDei
689 5664 889 5731 gnatus
918 5657 1160 5714 hominis
1186 5658 1494 5730 susceperit
1521 5668 1690 5717 artus.
1737 5685 1745 5700 ι

2020 361 2069 428 Α
2099 358 2220 413 iizec
2240 375 2395 415 sacer
2421 376 2704 431 exponens
2734 363 2858 417 diva
2878 363 3092 418 ratione
3122 365 3368 434 resolvit,

2098 452 2346 508 Aimulus
2377 462 2430 509 et
2455 454 2599 509 veris
2632 456 2883 511 tradebat
2904 456 3045 512 colla
3076 459 3362 515 tumultus.

2100 545 2390 603 Restiterat
2419 550 2569 604 solus
2600 549 2729 605 belli
2760 550 3115 607 conﬂictibus
3144 567 3366 624 expers,

2100 644 2161 697 At
2186 642 2520 701 Zoroastraeo
2548 646 2700 702 nisus
2725 647 3012 704 molimine
3038 650 3273 715 Zamhri,

2103 733 2158 786 in
2192 748 2302 804 quo
2329 734 2583 809 sacrilegi
2614 736 2815 792 fiducia
2852 754 3066 794 summa
3095 739 3377 812 triumphi.

2103 821 2402 891 Exprobrat
2433 822 2536 879 iste
2575 824 2678 879 levi
2721 836 2781 881 ut
2820 827 2988 882 sociis
3013 829 3313 884 certamine
3351 830 3549 897 versis,

2104 910 2323 965 Actibus
2362 920 2416 966 et
2465 928 2546 977 se,
2598 929 2707 969 non
2749 915 2952 979 verbis,
2994 916 3245 972 conferre
3288 918 3595 990 palaestram

2103 998 2304 1065 Poscit,
2342 1010 2397 1056 et
2438 1002 2765 1058 indomitum
2799 1004 2968 1077 quaeri
3000 1020 3321 1078 saevumque
3346 1008 3651 1075 iuvencum

2100 1090 2359 1145 Virtutem
2402 1095 2607 1149 summi
2640 1096 2820 1151 valido
2852 1113 2961 1168 quo
2993 1098 3237 1153 numinis
3265 1105 3388 1154 actu

2099 1178 2302 1245 Prodit,
2343 1188 2399 1235 et
2427 1183 2615 1238 audito
2646 1184 2861 1240 labatur
2892 1187 3117 1242 nomine
3146 1196 3371 1254 taurus;

2099 1270 2254 1335 Quod
2284 1271 2357 1325 nil
2392 1272 2530 1328 ferre
2562 1284 2726 1346 queat
2759 1277 2970 1343 vivens,
3005 1294 3109 1333 nec
3137 1279 3365 1336 suﬂ'erat
3394 1283 3546 1337 auris

2099 1362 2192 1415 Vix
2213 1362 2358 1417 haud
2393 1364 2503 1418 ulla
2539 1366 2649 1435 pati
2679 1369 2875 1435 valeat,
2906 1370 2989 1424 vel
3018 1370 3223 1426 habere
3254 1378 3524 1427 notatum.

2098 1452 2347 1508 Exhibito
2365 1455 2629 1522 juvenum
2660 1459 2831 1514 multo
2853 1460 3052 1515 sudore
3077 1461 3317 1530 juvenco

2098 1542 2353 1597 Crurihus
2384 1544 2673 1614 implicito,
2704 1548 2900 1603 vinclis
2930 1556 2985 1604 et
3016 1548 3240 1606 funibus
3266 1560 3410 1619 aeto,

2024 1667 2076 1735 Β
2102 1635 2402 1690 Fraudibus
2435 1635 2679 1690 innitens
2708 1637 2934 1692 insultat
2962 1656 3087 1694 vera
3120 1640 3357 1709 tenenti,

2100 1726 2266 1781 Morte
2299 1727 2494 1797 probet
2524 1726 2731 1781 cultum
2771 1729 3060 1797 mandans,
3092 1731 3178 1785 vel
3224 1742 3407 1787 morte
3434 1734 3730 1805 probetur.

2100 1816 2286 1885 Cmpta
2316 1815 2472 1886 sequi
2498 1815 2679 1884 justus
2712 1818 2923 1886 patiens
2952 1818 3180 1874 dimittit
3206 1819 3479 1892 iniquum.

2101 1904 2195 1957 ille
2228 1904 2384 1958 bovis
2407 1904 2583 1959 dirum
2613 1921 2865 1961 mussans
2896 1908 3279 1964 immurmurat
3307 1911 3449 1976 auri,

2101 1996 2322 2051 Labitur
2343 2006 2508 2067 atque
2537 1997 2704 2052 miser
2731 2000 2942 2072 mugitu
2974 2000 3199 2055 flamina
3230 2002 3510 2074 linquens,

2108 2090 2167 2143 Et
2196 2105 2331 2143 nece
2354 2097 2698 2159 spectantum
2732 2099 3095 2147 consternaris
3125 2094 3292 2149 corda
3322 2096 3583 2150 virorum.

2102 2179 2332 2233 Tollitur
2349 2178 2698 2252 ingeminans
2723 2180 2931 2236 clamor
2955 2181 3184 2237 confusa
3204 2198 3442 2239 coronae.

2107 2267 2169 2322 Ut
2195 2268 2281 2322 leo
2311 2267 2594 2339 Sylvester
2624 2268 2802 2324 fidens
2833 2270 3120 2326 interritus
3148 2278 3309 2340 astat,

2106 2360 2215 2415 Nec
2239 2360 2412 2414 turbae
2437 2369 2589 2415 curat
2617 2363 2903 2432 strepitus,
2938 2381 3037 2418 nec
3069 2364 3270 2434 probra
3292 2365 3557 2434 pavescit,

2105 2453 2266 2507 Fixus
2287 2468 2448 2522 epem
2482 2453 2636 2507 caelis
2661 2461 2771 2509 tota
2799 2453 2934 2525 quin
2965 2463 3148 2510 mente
3182 2462 3435 2526 precatur
3462 2475 3478 2520 ;

2104 2545 2237 2600 Tum
2262 2553 2418 2619 rogat
2448 2546 2747 2617 Augustum
2770 2546 2855 2600 vel
2888 2562 3010 2601 sera
3030 2548 3253 2604 silentia
3282 2550 3509 2604 mandet
3532 2569 3549 2613 ;

2105 2643 2231 2702 Qua:
2253 2653 2435 2703 voces,
2455 2638 2547 2693 ubi
2575 2638 2731 2706 jussa
2759 2648 3037 2710 premunt,
3056 2641 3274 2695 excelsa
3294 2642 3554 2698 sacerdos

2106 2726 2446 2792 Ascendens,
2475 2726 2544 2780 ad
2572 2743 2699 2781 vera
2731 2728 2835 2798 piis
2866 2728 3127 2799 populum
3159 2730 3320 2803 erigit
3343 2731 3516 2786 orsis:

2106 2821 2177 2875 Se
2199 2822 2322 2876 vitae
2361 2828 2669 2889 auctorem,
2698 2822 2988 2878 Dominum
3010 2838 3069 2878 se
3100 2823 3242 2879 ferre
3267 2824 3461 2880 salutis

2107 2913 2344 2967 Auribus
2367 2914 2639 2980 Ausoniae,
2669 2915 2835 2969 caecis
2865 2915 2958 2986 qui
2988 2914 3216 2981 lumina,
3247 2917 3433 2972 surdis

2108 3005 2364 3075 Reddidit
2390 3004 2662 3070 auditum,
2705 3005 2871 3060 mutis
2900 3004 3155 3062 affamine
3187 3007 3414 3082 linguis,

2034 3063 2085 3134 Ο
2111 3062 2332 3153 Dextras
2364 3098 2602 3152 restituit
2631 3098 2864 3165 mancis,
2897 3099 3129 3175 vestigia
3164 3062 3376 3155 elatijdis
3404 3118 3419 3168 ;

2111 3188 2205 3242 llic
2232 3187 2398 3243 verbo
2441 3188 2643 3259 lepras,
2674 3190 2896 3245 morbos
2924 3191 3014 3245 hic
3043 3192 3258 3263 depulit
3286 3207 3504 3262 omnes,

2111 3277 2336 3331 Rettulit
2356 3285 2410 3333 et
2433 3278 2620 3333 reduci
2644 3277 2902 3334 defuncta
2922 3279 3192 3334 cadavera
3214 3280 3322 3336 luci
3349 3298 3363 3335 :

2109 3369 2205 3424 ille
2227 3369 2395 3424 Deum
2423 3386 2548 3424 sese
2566 3368 2789 3425 indiciis
2820 3370 3080 3441 patefecit
3109 3372 3315 3443 apertis

2108 3463 2287 3536 Atqui
2319 3471 2494 3519 morte
2527 3464 2669 3529 ferit,
2701 3464 2866 3518 vitam
2900 3464 3007 3518 nisi
3040 3465 3274 3520 reddere
3303 3465 3496 3536 possit,

2106 3558 2405 3630 Supremas
2432 3573 2542 3613 non
2562 3558 2653 3613 ille
2674 3558 2843 3614 Deus:
2868 3557 3117 3614 fraudem
3147 3576 3271 3614 nam
3290 3560 3483 3616 mortis
3500 3562 3660 3618 amici

2109 3655 2379 3710 Daemonis
2418 3655 2506 3709 hic
2532 3654 2773 3729 viguisse
2803 3655 2999 3727 liquet,
3035 3656 3089 3709 ni
3118 3664 3271 3728 rapta
3303 3657 3593 3726 rependat.

2107 3744 2316 3799 Estuat
2339 3744 2601 3800 Abracius
2630 3744 2889 3817 cultuque
2930 3754 2985 3800 et
3009 3745 3173 3799 corde
3201 3744 3409 3800 recisus

2106 3837 2258 3892 Justa
2287 3853 2390 3891 nec
2420 3853 2550 3891 aure
2582 3837 2724 3892 valet
2756 3836 2993 3908 patiens,
3025 3853 3131 3892 nec
3157 3852 3374 3892 sumere
3416 3850 3625 3906 mentae,

2109 3925 2351 3980 Postulat
2379 3932 2435 3978 et
2463 3925 2669 3980 latrans
2697 3941 3012 3997 superasse,
3043 3924 3267 3980 silentia
3291 3927 3425 3996 poni

2110 4014 2457 4070 Colluctatori
2491 4014 2645 4082 belli,
2675 4031 2855 4087 neque
2880 4014 3009 4083 jura
3038 4015 3296 4087 relinqui.

2109 4106 2260 4161 Haud
2311 4106 2470 4161 Pater
2510 4106 2698 4178 [patet]
2749 4106 2802 4161 id
2851 4107 3103 4179 dignum,
3136 4106 3490 4179 priscumque
3546 4124 3734 4163 orasse

3298 4202 3663 4275 ‘[prophetam

2114 4294 2256 4364 Papa
2285 4291 2470 4359 refert,
2507 4293 2793 4349 Dominum
2821 4296 3059 4366 vitaeque
3088 4296 3350 4368 necisque
3384 4305 3663 4366 potentem

2025 4429 2090 4505 Β
2112 4387 2179 4442 Ut
2207 4387 2301 4459 qui
2333 4394 2507 4442 morte
2532 4396 2763 4458 premat,
2789 4389 2979 4444 ﬂabris
2999 4389 3090 4461 qui
3125 4397 3304 4445 motus
3329 4390 3528 4446 reddat

2116 4479 2382 4505 η---..ι;-.
2439 4490 2594 4505 ..-κιιι
2650 4481 2863 4505 -.-l:.l.--
2896 4483 3211 4505 _.-J-_-n‘_
3239 4482 3495 4505 _-n_.:_._---

2116 4479 2406 4545 Percutiat,
2438 4490 2618 4546 sanet,
2650 4481 2865 4537 validus
2896 4483 3211 4538 moderator
3239 4482 3499 4555 utrinque

2110 4575 2267 4630 Unde
2300 4575 2535 4646 probum
2565 4591 2794 4646 superas
2827 4585 2950 4646 post
2980 4575 3172 4631 funera
3205 4575 3455 4633 conferat
3480 4593 3643 4633 auras

2110 4666 2301 4722 Omnia
2329 4668 2429 4722 rite
2449 4667 2555 4722 sibi
2578 4683 2688 4740 quo
2719 4668 2944 4723 credula
2971 4669 3137 4724 corda
3170 4678 3452 4740 parentur.

2111 4754 2287 4810 Instat
2312 4755 2379 4809 ad
2416 4757 2534 4810 haec
2564 4754 2761 4810 fallens
2789 4755 2944 4811 vafer
2972 4766 3137 4828 atque
3166 4756 3381 4812 silentis
3410 4758 3589 4828 poscit

2112 4846 2372 4901 Virtutem
2406 4855 2666 4916 repetens
2696 4846 2861 4916 pandi
2893 4845 3222 4901 solemniter
3259 4846 3414 4913 actis,

2112 4937 2417 5009 Spondenti
2449 4938 2613 4993 vitam
2641 4938 2910 4992 attonitus
2936 4938 3284 5009 demensque
3316 4945 3628 5013 repugnat;

2113 5029 2334 5103 Cogitur
2359 5040 2414 5085 at
2446 5031 2735 5086 Dominum
2771 5048 2957 5086 verum
2985 5048 3373 5104 summumque
3401 5031 3559 5088 fateri

2111 5123 2464 5196 Flaminaqui
2496 5123 2685 5179 functo
2718 5123 2939 5189 referat,
2963 5124 3191 5180 denotat
3217 5124 3452 5180 etaddit

2111 5216 2295 5288 Seque
2319 5232 2559 5288 suosque
2597 5215 2755 5288 sequi
2786 5216 2967 5272 cultus
2998 5215 3241 5290 insignia
3271 5214 3493 5284 Christi,

2110 5306 2164 5359 Si
2189 5305 2315 5362 data
2342 5305 2604 5376 Sylvestri
2627 5306 2785 5362 cedat
2820 5305 3094 5378 promissa
3120 5306 3345 5378 patrari.

2107 5395 2231 5450 Edit
2256 5411 2398 5467 papa
2428 5410 2641 5466 preces,
2675 5410 2785 5451 non
2816 5411 3099 5451 murmura
3129 5395 3296 5450 surda
3325 5409 3644 5462 susurrans,

2100 5480 2258 5541 ~Clara
2280 5485 2375 5539 sed
2404 5484 2593 5539 auditu
2625 5496 2948 5542 cunctorum
2982 5495 3107 5541 vota
3139 5485 3505 5556 profundens,

2103 5575 2277 5644 Atque
2309 5573 2489 5643 palam
2515 5572 2784 5628 Christum
2815 5580 3117 5639 auctorem,
3146 5573 3386 5645 vitaeque
3411 5575 3654 5631 datorem

2105 5666 2328 5720 invocat
2355 5663 2787 5736 aclhereumque,
2820 5665 3049 5719 haustus
3080 5673 3367 5735 repetente
3383 5665 3623 5735 juvenco
