3972 6208
203 287 312 341 757
845 282 928 336 DE
968 281 1224 334 CHRISTI
1266 280 1626 334 TRIUMPIIIS
1666 281 1837 334 APUD
1881 278 2142 333 ITALIAII
2184 276 2360 331 LIBRI
2400 277 2531 330 XIV.
2574 307 2643 316 —
2682 277 2809 332 LIB.
2853 277 2938 332 IX.
3454 281 3560 336 758

203 419 472 471 Aurarum
499 414 726 484 positos,
761 412 970 465 Numen
1001 411 1357 464 monstrarier
1388 419 1557 480 Optat,

205 507 609 576 Accedensque
641 503 768 557 ferae.
804 518 1005 557 nomen
1042 503 1341 571 proclamat
1374 503 1514 565 Iesu,

207 595 444 650 Nomine
469 593 572 647 sub
606 591 762 660 cujus
794 597 1103 644 revocatum
1135 606 1362 664 surgere
1395 598 1606 644 taurum

208 689 467 758 Imperat,
497 684 734 740 absolvit
758 682 990 753 laqueis,
1033 690 1088 734 et
1121 698 1352 753 pergere
1380 682 1622 736 mandat.

205 777 466 832 Protinus
498 773 764 828 exsiliens
797 771 1034 842 stUpidze
1069 770 1329 825 miracula
1371 771 1543 840 plebi,

205 868 471 923 Laetitiam
499 866 682 934 justis,
719 879 1011 918 mmrorem
1045 863 1301 932 importat
1335 863 1560 933 iniquis,

206 965 281 1017 Ac
310 978 436 1016 sese
467 958 733 1014 armentis
762 958 982 1012 viduata
1013 957 1066 1010 in
1100 973 1300 1027 pascua
1341 956 1540 1011 reddit.

206 1057 460 1113 Vincenti
495 1061 766 1127 prostrata
799 1071 964 1124 ruens
992 1054 1224 1125 vestigia
1257 1054 1415 1107 turba

205 1155 325 1209 Mox
358 1154 589 1207 adversa
623 1151 761 1220 petit
793 1166 1033 1220 poscens
1053 1149 1260 1202 victore
1288 1151 1546 1212 salutem,

211 1247 449 1316 Ipsaque
483 1243 802 1315 regiparens
820 1240 1010 1293 aulaeis
1043 1239 1261 1309 publica
1290 1240 1458 1309 raptis

205 1333 520 1408 Egreditur,
558 1330 887 1399 veniamque
912 1328 1027 1382 dari
1059 1328 1165 1381 sibi
1193 1344 1365 1397 prona
1399 1334 1669 1397 precatur.

207 1429 320 1481 Nec
348 1426 527 1480 solum
551 1423 654 1477 bos
673 1423 841 1475 sentit
864 1438 1048 1492 Opem,
1079 1422 1491 1494 pugnantiaque
1523 1438 1695 1474 arma.

210 1518 492 1588 Sylvestro
525 1514 809 1580 vincente,
845 1521 1073 1581 crepant
1105 1511 1236 1581 quin
1268 1510 1490 1563 flamina
1523 1510 1679 1581 nigra

210 1607 486 1677 Linquere
520 1623 601 1669 se,
638 1610 830 1670 captos
851 1602 976 1655 cudi
1007 1617 1146 1671 quos
1175 1600 1347 1672 gratia
1373 1600 1554 1653 salvos

212 1697 434 1760 Reddit,
464 1705 521 1748 et
553 1692 808 1747 :ethereis
831 1692 1019 1760 plures
1048 1707 1202 1744 sacer
1232 1691 1407 1743 abluit
1438 1691 1620 1744 undis.

211 1788 425 1842 Crescit
456 1795 510 1841 et
541 1793 772 1840 ornatur
804 1785 1020 1837 Christo
1053 1784 1328 1852 desponsa
1368 1784 1625 1837 columba

210 1878 476 1948 Templis,
513 1875 858 1936 muneribus,
889 1874 1154 1943 cultuque
1175 1874 1390 1927 dicatur
1419 1888 1660 1937 amoeno,

221 1973 447 2026 Exuilur
475 1950 856 2024 fractis‘clisus
879 1968 1092 2022 viribUs
1128 1967 1323 2029 hostis,

219 2068 433 2140 lEgypti
465 2065 846 2139 primOgenitis
876 2064 978 2117 sub
1007 2071 1203 2116 tartara
1234 2062 1451 2126 mersis,

221 2157 445 2212 Pella'as
475 2157 622 2210 acies
655 2156 766 2208 imo
797 2169 1017 2224 zequora
1048 2153 1262 2224 gurgite
1295 2153 1541 2216 volvunt,

217 2246 591 2315 Victricesque
615 2243 813 2314 aquihe
840 2243 967 2296 Jesu
997 2242 1222 2295 ductore
1250 2242 1611 2311 triumphant,

218 2339 401 2394 Sensit
432 2345 486 2392 et
518 2337 748 2391 internis
778 2352 1034 2410 grassans
1073 2336 1379 2390 Maxentius
1407 2337 1596 2404 armis,

219 2430 342 2496 Qui,
377 2436 597 2482 terrena
626 2436 810 2481 terens
840 2426 1277 2496 divinaquejura
1308 2427 1608 2492 lacessens,

221 2521 322 2575 Par
355 2518 654 2573 Pharaonis
685 2518 890 2570 lethum
924 2516 1070 2570 subit
1107 2517 1390 2586 improbus
1416 2517 1603 2582 undis,

227 2613 518 2666 lncurrens
551 2609 759 2663 foveam
794 2624 975 2678 pugna
1002 2607 1107 2660 sibi
1138 2607 1329 2660 fraude
1364 2615 1626 2676 paratam,

225 2703 359 2754 Dum
394 2699 518 2770 pius
549 2698 829 2751 exsultans
855 2696 1177 2750 coelestibus
1193 2696 1392 2749 emicat
1417 2696 1604 2761 armis,

225 2793 320 2847 Cui
345 2793 501 2848 cmlis
534 2791 806 2861 patefacta
833 2789 1010 2844 crucis
1025 2789 1222 2842 vexilla
1252 2799 1565 2854 coruscant,

222 2883 314 2937 Cui
337 2881 607 2954 promissa
638 2879 1021 2933 favetvictoria
1053 2894 1186 2932 voce
1213 2893 1475 2948 superna,

224 2976 314 3030 llis
343 2973 579 3049 genitrix
615 2973 839 3043 Augusti
873 2971 1009 3024 actis
1026 2970 1259 3024 feliciter
1279 2979 1439 3023 aucta

224 3070 398 3138 Atque
422 3065 667 3119 animum
703 3063 912 3116 firmata
946 3062 1053 3115 fide
1083 3069 1371 3130 percenset
1406 3061 1565 3114 amici

227 3155 480 3210 Tramitis
502 3155 569 3208 ad
602 3155 876 3223 Solymam
906 3169 1004 3222 spe
1034 3152 1361 3206 continuare
1396 3151 1662 3215 laborem,

232 3249 624 3318 Exsultansque
657 3254 867 3300 sacrata
899 3245 992 3298 Dei
1029 3245 1146 3297 loca
1175 3245 1420 3297 lambere
1454 3245 1672 3314 plantis.

231 3341 503 3411 Expurgat
532 3340 716 3393 scelus
747 3337 1028 3392 undecimi
1063 3337 1232 3391 livore
1264 3345 1537 3406 patratum

234 3433 480 3497 Caesaris,
499 3431 812 3486 emundans
839 3430 1051 3500 spurcis
1079 3446 1231 3483 saera
1255 3446 1381 3483 rura
1404 3430 1646 3495 sacellis,

234 3522 518 3593 Religione
553 3521 642 3590 pia
665 3521 985 3590 sanctisque
1014 3519 1277 3572 altaribus
1302 3535 1529 3573 ornans.

236 3613 562 3667 Perventum
587 3613 884 3682 Solymam,
911 3628 1033 3682 quae
1071 3611 1211 3665 lectu
1245 3620 1508 3682 coeperat,
1533 3613 1716 3667 haurit

238 3702 590 3756 Perscrutans
615 3701 814 3766 oculis,
840 3701 1092 3771 interque
1118 3702 1356 3773 insignia
1390 3717 1570 3755 rerum

239 3795 505 3866 lndagare
535 3793 714 3847 crucis
738 3793 887 3847 cordi
919 3793 1075 3848 sedet
1114 3793 1315 3863 inclyta
1348 3794 1517 3867 ligna,

239 3881 404 3944 Queis
437 3880 669 3951 pretium
705 3881 885 3934 cuncti
921 3880 1082 3934 vitale
1115 3880 1454 3950 pependerat
1473 3879 1645 3944 orbis,

242 3973 377 4025 Dum
413 3971 498 4025 via
523 3971 672 4025 nulla
707 3979 873 4041 patet,
913 3988 1021 4042 qua
1053 3979 1194 4025 tecta
1239 3971 1445 4026 talenta
1477 3980 1754 4044 petantur,

248 4063 443 4119 Accitis
468 4062 618 4117 varia
649 4063 750 4116 sub
775 4063 1091 4118 conditione
1121 4064 1416 4135 magistris,

246 4152 518 4225 Golgotha
546 4152 802 4222 supplicii
829 4152 1147 4208 discrimina
1169 4169 1330 4208 nosse
1362 4153 1575 4208 laborat
1600 4173 1613 4219 ;

1861 413 1915 482 Α
1945 410 2071 474 Qua!
2102 406 2392 478 patefacta,
2423 405 2556 459 viris
2582 405 2816 460 diversm
2831 407 3001 477 partis
3023 407 3281 479 utrinque

1947 502 2197 556 Consona
2219 498 2446 564 testatis,
2475 498 2669 572 regina
2684 514 2944 572 aggressa
2965 515 3264 570 capessens

1942 595 2107 664 Spem
2139 592 2381 646 divinam
2395 591 2612 656 animis,
2632 591 2922 646 scrobibus
2938 591 3170 647 rimatur
3189 599 3414 664 operta;

1942 687 2049 740 Nec
2079 701 2230 740 mora
2263 687 2424 759 longa
2445 686 2599 758 operi
2634 703 2647 740 :
2681 683 2982 740 connivent
3010 691 3137 739 vota
3165 683 3340 740 labori
3371 703 3385 740 :

1843 766 1846 768 ’
1931 777 2127 832 Munus
2152 785 2207 832 et
2232 777 2496 832 ambitum
2530 777 2749 849 cupidis
2771 793 2829 831 se
2860 776 3076 831 visibus
3105 775 3264 832 offert
3289 794 3306 842 ;

1932 871 2093 925 Tecta
2121 871 2214 926 diu
2237 869 2422 925 infidis
2452 887 2647 925 arcana
2687 869 2948 924 fidelibus
2968 869 3192 924 adsunt.

1932 959 2138 1014 Gaudia
2163 959 2259 1013 sed
2292 959 2429 1014 lucri
2461 958 2699 1014 obnubit
2727 957 2980 1013 titubatio
3003 959 3137 1013 certi
3168 976 3181 1013 :

1935 1053 2093 1114 Dum,
2126 1052 2304 1106 tribus
2334 1052 2592 1115 inventis,
2617 1068 2739 1122 quae
2766 1068 2898 1105 crux
2920 1051 3128 1106 erectio
3153 1050 3280 1107 vitis

1937 1143 2172 1196 Vivilicze
2204 1143 2420 1196 steterit
2451 1149 2605 1196 nutat
2635 1141 2906 1194 discnssio
2932 1141 3070 1195 veri.

1942 1238 2161 1290 Arbiter
2191 1247 2243 1290 at
2262 1253 2512 1290 summus
2543 1251 2700 1290 curas
2733 1251 3062 1305 componere
3090 1234 3318 1289 anhelas

1944 1330 2277 1398 Disponens,
2312 1326 2560 1381 animum
2586 1327 2792 1401 regina:
2826 1327 3056 1381 numine
3088 1326 3262 1396 tangit

1943 1424 2173 1477 Sidereo
2208 1441 2220 1476 :
2255 1423 2495 1476 functum
2524 1422 2612 1475 illa
2641 1438 2836 1476 recens
2861 1435 3144 1494 exsangue
3165 1419 3401 1474 cadaver

1945 1517 2182 1585 Imperat
2210 1513 2424 1578 inferri,
2455 1515 2660 1568 donum
2695 1513 2898 1567 virtute
2930 1512 3174 1582 probari.

1944 1607 2258 1660 Produntur
2287 1603 2487 1678 gelidis
2516 1604 2791 1674 torpentia
2820 1604 3034 1657 viscera
3052 1602 3210 1657 venis
3240 1620 3254 1667 ;

1946 1699 2300 1767 Adlnotinqiie
2330 1713 2523 1751 cruces
2560 1713 2572 1748 :
2608 1695 2847 1766 poenalia
2876 1696 3025 1767 ligna
3054 1694 3328 1749 latronum

1945 1789 2305 1852 Temnuntur,
2342 1788 2546 1857 promit
2567 1786 2752 1840 vitalia
2775 1785 2973 1841 robora
3000 1786 3132 1850 vita,

1887 1939 1890 1942 ,
1947 1881 2062 1934 Vita
2093 1880 2429 1952 resurgentis
2458 1879 2581 1932 vitm
2613 1878 2806 1933 arbore
2826 1878 3026 1950 gaudia
3066 1877 3329 1949 complet,

1947 1976 2045 2040 Qui
2073 1983 2414 2045 spectatores
2442 1974 2686 2028 redivivo
2709 1990 2938 2028 munere
2961 1990 3215 2044 pascens,

1949 2072 2101 2125 Inter
2130 2072 2394 2124 mirantes
2427 2086 2550 2123 sese
2574 2070 2806 2123 miratur
2835 2076 3079 2123 euntem.

1949 2165 2037 2218 Sic
2061 2165 2188 2218 divo
2222 2165 2468 2218 renitens
2489 2180 2619 2217 crux
2648 2161 2944 2217 clariﬁcata
2985 2163 3210 2228 decore,

1951 2255 2209 2308 Votorum
2231 2253 2538 2324 obsequiis,
2569 2253 2826 2323 claraque
2853 2251 3157 2306 assumitur
3185 2251 3332 2305 aula.

1947 2347 2073 2410 Quae
2106 2347 2267 2401 cultis
2293 2346 2457 2400 rutilo
2491 2345 2668 2399 radiat
2697 2344 3053 2416 laquearibus
3079 2360 3238 2399 auro.

1950 2436 2140 2489 Fertur
2169 2443 2221 2488 et
2250 2434 2315 2488 ad
2347 2452 2532 2505 regem
2566 2434 2795 2505 pretiosi
2821 2434 3000 2504 portio
3035 2434 3168 2508 ligni
3195 2449 3207 2488 :

1945 2526 2088 2578 Crux
2130 2524 2236 2577 sibi
2267 2531 2377 2579 tota
2409 2539 2636 2578 manens
2656 2524 2761 2577 late
2793 2540 2892 2577 sua
2922 2522 3119 2577 robora
3139 2521 3367 2595 spargit,

1946 2614 2152 2668 Damna
2178 2630 2280 2668 nec
2309 2613 2546 2668 admittit
2576 2612 2726 2686 largo
2757 2628 2880 2667 cum
2915 2612 3125 2682 repleat
3147 2611 3341 2666 orbem

1946 2702 2194 2766 Munere,
2230 2711 2555 2772 perpetuum
2587 2703 2831 2755 retinens
2860 2700 2981 2754 sine
3009 2716 3163 2755 more
3191 2701 3461 2774 vigorem.

1954 2792 2122 2856 Queis
2152 2791 2341 2846 mundi
2378 2791 2613 2861 pretium
2646 2790 2835 2844 divina
2865 2789 3070 2844 talenta
3107 2789 3307 2844 librata

1956 2881 2246 2936 Clavorum
2279 2896 2344 2934 ex
2373 2880 2491 2934 acie
2519 2879 2724 2954 regalis
2761 2880 3004 2936 culmina
3033 2882 3182 2936 coni.

1953 2971 2220 3024 Tutantur
2246 2969 2473 3039 compti,
2510 2968 2763 3040 frenique
2794 2978 3080 3024 sacrantur
3109 2971 3363 3039 habenae,

1886 3085 1936 3152 Ο
1957 3063 2046 3116 Vis
2076 3062 2234 3129 cujus
2266 3072 2535 3133 praestans
2557 3060 2796 3117 etfrenas
2824 3060 3023 3118 difﬁcit
3049 3063 3296 3132 umbras,

1958 3156 2111 3218 Quod
2145 3153 2276 3207 fidei
2310 3153 2538 3219 meritis,
2573 3154 2829 3223 princeps
2856 3153 3090 3221 Iustine,
3121 3155 3386 3225 probasti.

1960 3244 2070 3298 Nec
2112 3260 2258 3296 mare
2291 3243 2584 3296 frustratur
2607 3250 2771 3297 tantae
2803 3243 3022 3297 virtutis
3051 3244 3286 3311 honore,

1957 3337 2118 3407 Cujus
2140 3338 2313 3391 sedati
2353 3337 2575 3402 fluctus,
2595 3337 2871 3391 obstructa
2903 3353 3126 3411 vorago.

1957 3430 2146 3483 Lintea
2179 3444 2302 3498 quae
2329 3436 2508 3482 texere
2541 3443 2759 3482 eiucem
2790 3443 2970 3499 neque
2999 3443 3153 3482 cassa
3179 3427 3433 3485 residunt
3461 3448 3476 3496 ;

1959 3520 2172 3575 Robore
2195 3520 2329 3591 quin
2364 3528 2584 3588 sumpto
2608 3519 2853 3585 morbos,
2886 3527 2941 3574 et
2968 3518 3171 3594 frigora
3202 3519 3440 3591 pellunt,

1961 3612 2243 3665 Daemonas
2273 3608 2522 3678 ejiciunt,
2555 3608 2716 3662 czecis
2742 3624 2840 3662 sua
2863 3608 3074 3662 lumina
3101 3608 3343 3663 reddunt
3369 3625 3382 3663 :

1966 3699 2129 3754 Mutis
2166 3715 2346 3755 sermo
2379 3699 2558 3762 datur,
2590 3697 2889 3769 paralytica
2904 3697 3154 3752 membra
3187 3698 3457 3756 levantur.

1967 3791 2026 3843 In
2056 3789 2252 3844 vexilla
2285 3789 2464 3844 crucis
2495 3788 2740 3843 labarum
2776 3787 3156 3842 transvertitur
3185 3787 3404 3863 ingens.

1966 3881 2264 3938 Praaficitur
2285 3881 2499 3948 cuneis,
2541 3881 2691 3936 acies
2712 3880 2944 3935 illustrat
2981 3879 3190 3935 honore

1967 3975 2588 4050 Signiferossociosque
2621 3973 2774 4049 tegit,
2810 3988 2913 4027 nec
2940 3971 3094 4028 clade
3123 3970 3338 4026 laborat

1970 4067 2215 4130 Evector,
2257 4081 2358 4121 nec
2388 4065 2492 4120 tela
2516 4073 2726 4136 queunt
2757 4073 3026 4120 temerare
3051 4063 3340 4119 vehentem
3369 4079 3384 4126 ;

1972 4155 2254 4226 Linqucns
2292 4153 2450 4227 signa
2477 4153 2641 4224 perit,
2682 4152 2906 4227 gerulus
2930 4150 3248 4208 servaturin
3279 4151 3484 4208 hostes.

1748 4305 1957 4362 CAPUT
2002 4306 2093 4363 IX.

1170 4433 1246 4491 De
1272 4431 1498 4508 synodo
1529 4449 1659 4509 quae
1683 4432 1846 4509 facta
1875 4440 1958 4492 est
1985 4432 2095 4492 sub
2123 4440 2328 4492 sancto
2361 4429 2686 4508 Sytvestro.

253 4565 511 4636 Sylvestri
541 4567 774 4636 imperio
802 4575 1022 4633 coeunt,
1055 4575 1109 4621 et
1137 4569 1347 4624 lumina
1377 4569 1562 4624 Patres

251 4657 543 4711 Catholicae
563 4665 814 4729 retegunt
847 4658 995 4724 fidei,
1031 4662 1410 4734 damnantque
1444 4663 1680 4717 rebelles
1711 4681 1724 4726 ;

254 4752 410 4806 Lucis
435 4759 488 4806 et
518 4752 773 4809 Ecclesiae
804 4756 1072 4810 tutissima
1103 4758 1300 4812 robora
1330 4759 1577 4815 condunt
1602 4778 1617 4826 ;

256 4841 594 4896 Pontificalis
619 4859 755 4912 apex
784 4845 998 4910 colitur,
1029 4846 1272 4918 clerique
1306 4856 1531 4903 senatus

257 4929 495 5004 Legibus
535 4931 818 4988 instruitur
849 4949 863 5001 ;
896 4937 1314 5004 sacrorumjura
1344 4939 1624 5005 feruntur;

1887 4573 1947 4642 D
1970 4567 2195 4639 Templa
2224 4568 2402 4622 nitent
2425 4566 2666 4634 fabricis,
2685 4572 2970 4622 sacrantur
2990 4581 3220 4623 munera
3246 4565 3490 4638 templis,

1972 4662 2209 4736 Pignora
2247 4658 2532 4732 apostolici
2565 4657 2782 4714 decoris
2812 4657 2983 4714 multo
3010 4674 3118 4714 aere
3146 4664 3424 4733 teguntur.

1977 4757 2179 4811 Emicat
2208 4754 2487 4826 Oppressis
2509 4753 2738 4809 victoria
2766 4753 2913 4808 clara
2942 4753 3188 4824 tyrannis
3225 4769 3242 4818 ;

1971 4849 2240 4902 Gentibus
2262 4846 2528 4920 effulgent
2566 4844 2830 4916 praecelsa
2858 4851 3064 4916 tropaaa
3091 4841 3349 4911 subactis,

1973 4939 2352 5010 Discussisque
2385 4939 2506 5010 pios
2535 4937 2778 4992 tenebris
2805 4936 2894 4991 lux
2926 4936 3051 4992 laeta
3079 4941 3345 4992 venustat.

1777 5073 1988 5127 CAPUT
2028 5074 2090 5129 X.

1469 5181 1546 5240 De
1576 5178 1888 5241 Gallicana
1919 5190 1972 5241 et
2004 5181 2379 5241 Gonstantia.

261 5309 412 5364 Tunc
451 5311 764 5366 Gallicanus
797 5329 924 5387 rege
956 5323 1170 5370 mactus
1202 5316 1406 5388 inclyte

264 5399 588 5455 Victoriosis
616 5400 938 5457 sublevatus
971 5403 1183 5470 infulis,

267 5493 401 5546 Dum
425 5500 616 5567 gratus
642 5493 887 5566 Augusto
917 5503 1081 5566 atque
1106 5512 1264 5550 carus
1285 5498 1553 5562 cernitur,

266 5582 484 5638 Christo
515 5582 750 5636 dicatam
793 5584 914 5656 lege
945 5587 1085 5639 necti
1131 5595 1379 5656 perpete,

258 5676 376 5730 Sibi
406 5676 656 5748 jugalem
692 5677 931 5744 postulat
970 5679 1355 5734 Constantiam.

1990 5320 2098 5375 Rex
2125 5323 2356 5374 aestuare
2389 5323 2574 5371 mente
2605 5316 2778 5387 coepit
2803 5316 2986 5382 anxia,

1988 5414 2180 5469 Sciens
2219 5410 2404 5466 necari
2432 5424 2593 5481 posse
2633 5416 2838 5474 natam,
2863 5424 3028 5480 quam
3052 5408 3172 5466 teri.

1988 5502 2098 5556 Hoc
2130 5501 2221 5555 illa
2261 5501 2440 5554 nitens
2467 5505 2653 5553 mente
2683 5498 2885 5554 vulnus
2908 5497 3085 5569 patria

1982 5598 2262 5660 Avertere,
2287 5593 2548 5649 infittunc
2582 5611 2595 5647 :
2631 5617 2656 5641 α
2689 5592 2997 5668 Jugandam
3026 5589 3252 5665 perhibe

1983 5687 2068 5743 Me
2100 5687 2396 5754 Gallicano,
2431 5687 2559 5740 dum
2594 5688 2828 5758 Scythas
2856 5685 3100 5742 evicerit.
