3972 6208
433 235 540 290 759
1177 239 1543 296 FLODOARDI
1584 243 1887 298 CANONICI
1934 247 2263 303 REMENSIS
2303 250 2641 305 OPUSCUIA
2686 253 2993 309 METRICA.

433 361 552 417 Mox
581 364 774 417 consul
804 370 861 418 ut
889 380 1173 437 generque
1206 364 1299 420 fiat
1329 368 1531 440 regius.
1566 392 1589 414 ι-

432 456 617 510 Arrhae
648 457 898 512 feruntur
928 456 1073 511 inter
1095 458 1209 513 hzec
1230 459 1582 526 altrinsecus,

433 546 647 600 Fratres
682 546 930 600 Joannes
958 554 1125 617 atque
1167 546 1366 602 Paulus
1395 549 1623 622 virginis

430 635 598 689 Celsae
628 634 875 708 magistri
905 635 1175 691 castitatis
1206 638 1492 707 praesules,

431 724 738 794 Ambasquc
767 724 919 797 virgo
950 726 1214 780 Gallicani
1247 724 1389 782 filios

430 819 545 875 Sibi
578 826 815 875 retentat
845 820 1075 877 Atticam
1102 829 1267 896 atque
1285 824 1558 880 Arteniam

430 908 573 973 Quas
596 923 692 964 ore
723 910 866 965 votis
896 910 1013 981 ipsa
1037 911 1253 967 Christo
1282 913 1520 969 dedicat.

431 998 635 1053 Procus
661 998 899 1053 subinde
924 999 1143 1055 clausus
1167 1001 1304 1057 urbe
1325 1002 1568 1058 Thracize

430 1088 619 1144 Gentis
656 1089 979 1162 Scytharum
1006 1091 1210 1148 inferre
1242 1111 1416 1164 pauca
1448 1096 1577 1150 dum
1607 1105 1767 1168 pavet

431 1182 842 1239 Formidolosus
866 1183 1023 1256 signa
1044 1185 1406 1250 multitudini,

430 1273 659 1328 Acervat
689 1272 800 1327 aris
820 1290 975 1329 sacra
1008 1274 1345 1331 Martialibus
1378 1294 1391 1342 ;

430 1364 691 1420 Increscit
709 1366 903 1431 hostis,
925 1366 1272 1423 invalescunt
1305 1369 1498 1433 tristia,

430 1460 709 1532 Linquunt
738 1461 978 1527 Quirites
1005 1463 1184 1538 signa,
1216 1466 1420 1519 cedunt
1448 1466 1716 1533 barbaris,

429 1550 691 1621 Princeps
720 1554 973 1607 volutans
997 1555 1236 1608 exeundi
1278 1556 1516 1626 copiam,

427 1641 648 1696 Portum
678 1641 873 1696 salutis
898 1645 1133 1714 satrapis
1170 1645 1516 1711 Constantize,

427 1732 595 1787 Paulo
625 1749 690 1787 ac
716 1733 927 1789 Joanne
959 1735 1212 1807 percipit,
1235 1744 1419 1791 votum
1443 1738 1552 1794 Deo

427 1825 653 1879 Summo
684 1824 940 1896 polorum
964 1826 1055 1898 qui
1085 1830 1596 1893 monentenuntiet,

428 1912 640 1968 Christo
671 1920 729 1967 ut
758 1913 975 1968 dicetur
1004 1923 1193 1970 erutus
1220 1916 1549 1984 discrimini,

427 2002 657 2074 Fictquc
687 2003 861 2058 vietor
881 2020 1046 2076 quam
1080 2006 1273 2060 fuisset
1304 2008 1529 2063 clarior.

427 2091 687 2146 Voventis
706 2108 803 2147 ore
834 2094 980 2165 quod
1015 2094 1307 2165 probatum
1336 2106 1393 2150 ut
1417 2105 1698 2168 personat,

424 2179 653 2235 Juvenis
682 2188 826 2236 statu
856 2182 1076 2237 videtur
1104 2200 1233 2239 ecce
1265 2186 1601 2256 pneminens

428 2269 666 2326 llumero
694 2271 877 2326 crucis
907 2272 1105 2328 vexilla
1137 2281 1425 2346 promptus
1453 2276 1718 2348 ingerens
1752 2296 1764 2331 :

431 2383 454 2412 ι
498 2362 720 2419 Sectare
749 2372 804 2420 et
834 2364 1051 2437 (inquit)
1087 2383 1174 2421 me
1205 2383 1467 2422 mucrone
1497 2369 1763 2440 [)l‘wdtlus
1798 2368 1811 2423 !
1846 2395 1870 2416 »

427 2452 599 2515 Quem
636 2468 760 2509 mox
790 2462 1016 2509 secutus
1042 2455 1338 2512 bellicosos
1358 2472 1429 2511 en
1458 2457 1611 2513 videt

428 2545 583 2602 Viros
601 2547 861 2620 utrinque
888 2556 1227 2620 praeparatos
1255 2550 1465 2621 praelio,

426 2636 496 2689 Se
531 2635 854 2692 roborantes
884 2644 1051 2709 atque
1082 2637 1393 2709 pnebentes
1408 2655 1570 2711 Opem

426 2729 635 2786 Subeat
652 2732 915 2801 jubentes
943 2740 1121 2787 castra
1151 2740 1298 2788 tutus
1318 2734 1549 2801 hostica,

428 2819 624 2875 Ensem
665 2828 932 2875 retectum
961 2821 1091 2877 hinc
1123 2821 1251 2877 inde
1272 2839 1503 2879 securus
1526 2825 1728 2893 vibret,

424 2912 565 2967 Dum
591 2913 740 2987 regis
767 2912 835 2966 ad
862 2920 1072 2969 secreta
1100 2915 1317 2970 scandit
1337 2916 1580 2973 barbari.

427 3002 639 3069 Quibus
668 3003 760 3058 ille
793 3003 925 3059 visis
956 3020 1162 3076 pronus
1199 3007 1268 3060 ad
1299 3008 1529 3082 vestigia

424 3094 543 3150 Jam
576 3094 865 3162 Gallicani,
888 3103 1013 3153 vota
1043 3098 1305 3167 fundens,
1331 3102 1613 3157 sternitur.

429 3188 603 3245 Vitam
637 3190 881 3261 petendo
911 3208 1038 3248 cum
1064 3209 1288 3249 suorum
1320 3197 1613 3271 sanguine,

433 3281 527 3337 His
548 3272 877 3354 impetratis,
912 3284 1135 3340 deditur
1160 3302 1285 3341 cum
1316 3285 1511 3343 liberis
1540 3306 1553 3343 :

427 3371 658 3428 Posthac
677 3371 881 3428 tributa
909 3388 969 3427 se
990 3372 1215 3430 daturos
1243 3385 1519 3444 asserunt,

429 3464 609 3520 Paetis
639 3471 695 3520 et
724 3465 880 3521 hoste
909 3464 1211 3523 liberantur
1238 3467 1501 3525 Thraciae.

431 3552 569 3609 Hinc
589 3552 703 3623 jam
724 3553 932 3609 tribuni
959 3556 1271 3631 redditique
1304 3559 1510 3614 milites

429 3641 627 3698 Christi
658 3653 922 3715 parantur
953 3645 1193 3702 militare
1213 3648 1440 3703 muniis.

431 3731 697 3804 Princeps
722 3742 988 3803 sacratur,
1017 3737 1227 3807 nuptiis
1248 3737 1552 3793 abstemius

434 3824 662 3882 Vovens
690 3842 937 3894 manere,
978 3829 1059 3883 sic
1088 3830 1455 3900 triumphator
1493 3832 1654 3886 redit.

433 3917 542 3974 Nec
569 3924 697 3973 ante
730 3918 956 3974 Romam
983 3921 1374 3989 provehendus
1419 3922 1629 3990 introit,

430 4010 651 4065 Sacrata
680 4009 840 4066 Petro
859 4009 1109 4083 dirigens
1137 4013 1205 4068 ad
1237 4013 1452 4081 limina,

431 4100 624 4157 Grates
653 4100 829 4155 datori
859 4116 1023 4172 quam
1058 4101 1176 4158 litet
1202 4102 1467 4161 victoria).

433 4194 710 4263 Augustus
741 4190 868 4245 huic
894 4207 1018 4246 cum
1041 4192 1193 4263 prole
1233 4193 1410 4251 factus
1440 4197 1656 4253 obvius‘

435 4279 498 4334 Ut
528 4279 693 4335 rescit
729 4286 871 4346 acta,
904 4280 1076 4354 cingit
1105 4282 1250 4339 hunc
1287 4285 1637 4357 amplexibus

433 4368 584 4424 (Ζωιο
610 4367 823 4423 dicatas
853 4369 1183 4441 nuutiatque
1215 4370 1372 4426 filias.

434 4461 624 4517 Aulam
653 4460 864 4533 petenti
898 4479 1028 4537 rege
1054 4461 1191 4520 fulto
1223 4466 1463 4538 principi

436 4556 645 4631 Regina
673 4564 864 4612 sancta
894 4566 1062 4629 nepte
1089 4560 1215 4615 nixa
1244 4561 1418 4616 nobili

433 4646 679 4704 Occurrit
699 4647 842 4717 ejus,
876 4647 1218 4721 exhibetque
1243 4649 1477 4723 pignora

436 4738 713 4809 Lacrymis
750 4738 937 4809 opima
954 4739 1285 4810 proluuntur
1307 4742 1528 4816 gaudia.

435 4825 682 4882 Privatus
713 4826 807 4882 ille
826 4827 994 4898 gestit
1021 4826 1102 4883 ire
1116 4826 1380 4895 fascibus,

436 4919 606 4976 Cclsis
632 4920 940 4977 vocationis
967 4935 1155 4976 arcem
1179 4921 1499 4993 praeferens.

434 5013 679 5088 Rogatur
705 5020 887 5069 autem
918 5013 1113 5070 consul
1142 5014 1269 5070 aula
1308 5015 1539 5086 prodeat
1572 5034 1588 5082 ;

2071 378 2121 446 Α
2152 375 2386 431 Sumens
2416 378 2678 447 honores,
2705 380 2955 452 quinque
2984 382 3150 437 solvit
3171 384 3343 440 millia

2151 467 2472 531 Vernarum,
2505 470 2741 524 habenis
2766 471 3050 528 servitutis
3072 473 3339 530 eximens.

2150 560 2294 624 Quos
2315 560 2453 615 ditat
2482 562 2626 615 arvis
2651 571 2817 634 atque
2833 563 3006 618 cessis
3032 564 3288 632 sedibus;

2151 646 2470 721 Censusque
2503 658 2703 721 printer
2743 652 2979 707 filiarum
3015 654 3240 724 preprio

2156 741 2288 797 Foro
2321 743 2581 798 subactos
2610 745 2819 819 spargit
2842 745 3224 817 indigentibus
3255 766 3271 815 ;

2152 831 2459 904 Comesquc
2488 844 2679 890 sancto
2710 836 2881 892 factus
2915 837 3160 894 Hilarino
3198 839 3350 896 subit

2153 927 2377 984 Virtutis
2408 929 2800 997 alta,serviens
2822 934 3119 1007 egentibus
3146 954 3162 1000 ;

2152 1021 2349 1077 Domos
2374 1022 2652 1096 benignus
2682 1026 2987 1095 hospitales
3012 1029 3260 1100 ampliat,

2149 1116 2296 1171 Socii
2325 1116 2605 1171 cohaerent
2642 1117 2736 1189 qui
2759 1118 2913 1175 fuere
2944 1121 3170 1178 servuli.

2151 1212 2416 1285 Vulgatnr
2451 1214 2587 1267 orbe
2618 1214 2759 1269 fama
2800 1223 2912 1271 telo
2943 1218 3213 1290 prodiga:

2152 1304 2358 1360 Ardent
2375 1304 2563 1359 videre
2588 1308 3005 1377 prmminentem
3034 1312 3319 1368 consulem

2156 1394 2328 1448 Pedes
2351 1394 2658 1449 ministrum
2693 1396 2997 1453 diluentem
3034 1416 3365 1472 pauperum.

2153 1482 2408 1537 llostensi
2441 1484 2494 1537 in
2526 1484 2665 1539 urbe
2704 1487 2907 1555 templa
2935 1486 3146 1543 Christo
3184 1489 3480 1554 construit,

2155 1570 2215 1625 Et
2242 1570 2580 1626 excubantes
2606 1572 2696 1628 hic
2724 1574 3007 1629 ministros
3038 1576 3296 1643 destinat,

2071 1703 2121 1771 Β
2154 1659 2337 1714 Levita
2360 1677 2594 1731 magnus
2632 1662 2780 1716 visus
2803 1662 2930 1717 huic
2960 1665 3306 1732 Laurentius,

2155 1749 2406 1771 ll-_|-a--_
2439 1750 2551 1771 -2---
2593 1751 2710 1771 ΑΔ-.
2750 1752 2911 1771 __.I,,,,
2964 1770 2971 1771 κ
3026 1755 3102 1771 ΙΑ⁹Ι

2152 1749 2407 1803 Hortatur
2434 1750 2555 1817 ejus
2588 1751 2715 1806 edat
2744 1752 2919 1807 aedem
2952 1755 3192 1810 cultibus

2151 1841 2249 1905 Qui
2275 1841 2427 1910 jussa
2457 1844 2746 1914 suppleas,
2778 1854 3058 1918 nuncupat
3090 1847 3457 1904 Laurentiam.

2153 1934 2418 1990 Prsestare
2450 1938 2646 2007 praesul
2681 1938 2826 1991 haud
2858 1938 3003 1994 favet
3035 1927 3397 2013 rogautib'us;

2147 2026 2211 2079 At
2241 2026 2337 2098 qui
2371 2027 2608 2083 nitescat
2642 2030 2745 2084 hoc
2768 2031 2967 2087 decore
2997 2032 3208 2107 deligit.

2150 2118 2338 2174 Vicem
2374 2123 2632 2192 rependit
2662 2124 2992 2181 distributor
3020 2144 3311 2184 munerum

2150 2207 2498 2282 Tantamque
2528 2212 2746 2268 confert
2774 2214 3038 2270 claritatis
3052 2216 3282 2291 gloriam

2153 2297 2268 2361 Quo
2289 2299 2527 2369 spiritali
2551 2302 2766 2372 przediti
2796 2306 3038 2360 vers.::':.1

2155 2386 2511 2456 Mundentur,
2544 2392 2666 2458 ejus
2690 2402 2749 2447 ut
2789 2393 3044 2450 feruntur
3078 2397 3305 2455 visibus.

2152 2475 2345 2548 Magna
2377 2493 2510 2551 ergo
2537 2477 2705 2535 fultus
2732 2482 3027 2539 sanitatum
3057 2486 3233 2558 gratia

2153 2568 2424 2639 Splendet
2446 2570 2670 2626 micanti
2700 2576 3007 2631 sanctitatis
3042 2579 3223 2649 copia.

2156 2663 2291 2719 llinc
2318 2664 2573 2721 Julianus
2602 2668 2779 2723 hostis
2810 2670 3165 2740 innocentiae,

2155 2754 2217 2809 Ut
2245 2771 2303 2809 re
2330 2757 2537 2827 potitus
2560 2758 2807 2815 elevatur
2833 2762 3078 2833 publica,

2152 2848 2566 2903 Arctatstatutis
2586 2851 2923 2908 chris-'ianos
2947 2854 3199 2910 subdolis

2153 2936 2228 2990 Ne
2261 2936 3258 3015 possiderentindigentesquippiam
3294 2963 3308 3000 :

2152 3026 2289 3081 Tum
2320 3027 2581 3083 Gallicani
2610 3037 2774 3098 tecta,
2804 3032 2969 3103 queis
2995 3034 3277 3108 egentium

2067 3085 2117 3148 (ἶ
2157 3117 2320 3173 Levat
2348 3118 2589 3186 labores,
2614 3120 2660 3175 si
2679 3085 3062 3197 quisingredij
3082 3126 3242 3196 petit,

2153 3209 2363 3266 Titulos
2392 3210 2623 3266 daturus
2649 3213 2952 3283 pensiones
2984 3224 3080 3272 aut
3107 3233 3300 3292 agens.

2156 3305 2340 3360 Ultore
2362 3313 2558 3377 captus
2587 3306 2901 3364 lancinatur
2929 3309 3181 3368 dzemone
3215 3330 3230 3378 ;

2157 3396 2386 3450 Exactor
2413 3405 2569 3451 actus
2601 3406 2660 3452 ut
2678 3398 2845 3470 leprae
2875 3401 3248 3471 spurcaminc.

2158 3486 2439 3557 Responsa
2478 3490 2721 3559 produnt
2750 3490 2839 3544 his
2871 3493 3046 3566 rogati
3067 3495 3301 3565 spiritus

2151 3578 2351 3633 Rerum
2371 3580 2522 3651 quod
2548 3581 2671 3650 ejus
2699 3592 3063 3654 occupatores
3087 3602 3153 3641 ea

2151 3670 2332 3725 Vitare
2360 3672 2573 3741 possint
2612 3673 2758 3728 haud
2786 3691 2946 3730 secus
2974 3678 3242 3747 pericula,

2152 3762 2213 3816 Ni
2238 3762 2551 3818 Gallicauus
2581 3764 2686 3818 diis
2726 3777 2849 3840 agat
2879 3768 3150 3837 litamina,

2158 3851 2417 3905 Sanctum
2439 3851 2537 3906 sed
2565 3852 2735 3909 audet
2763 3855 2913 3920 inde,
2956 3873 3120 3914 nemo
3149 3859 3281 3913 dum
3322 3861 3499 3917 virum

2159 3943 2419 4009 Tentare,
2451 3944 2606 4000 dirus
2631 3948 2829 4016 praesul
2854 3950 2995 4005 aulae
3025 3950 3287 4019 destinat,

2162 4038 2413 4094 Mandata
2444 4040 2635 4113 legans
2660 4050 2720 4097 ut
2749 4043 2868 4098 deis
2910 4043 3046 4100 ferat
3073 4062 3228 4101 sacra

2164 4129 2398 4185 Laliisve
2429 4131 2607 4197 cedat,
2638 4140 2731 4187 aut
2753 4140 2996 4190 remotus
3022 4135 3245 4204 finibus,

2159 4220 2343 4276 Rebus
2375 4223 2597 4278 relictis.
2627 4223 2723 4279 Ille
2755 4226 3044 4282 Alexandri
3079 4230 3214 4300 petit

2076 4359 2129 4426 υ
2157 4313 2382 4370 Exortus
2409 4316 2623 4382 urbem,
2652 4334 2823 4390 seque
2845 4320 3258 4378 eonfessoribus

2161 4402 2352 4426 (‘L_2-|!
2384 4420 2481 4426 ..--
2522 4406 2647 4426 -..με
2683 4407 2767 4426 εμκ
2820 4408 2853 4426 ⁸.
2907 4408 2959 4426 ,I.
3008 4425 3019 4426 γ
3094 4410 3104 4421 ο
3215 4412 3226 4426 ι

2160 4402 2355 4459 Christi
2384 4420 2482 4476 per
2519 4406 2650 4461 anni
2674 4407 2858 4481 jungit
2887 4408 3030 4464 ultro
3057 4410 3322 4466 circulum
3349 4433 3363 4466 :

2163 4496 2382 4549 Deserta
2411 4496 2615 4552 deinde
2639 4498 2764 4567 jure
2785 4502 3001 4556 scandit
3038 4502 3212 4559 arduo
3238 4522 3251 4558 :

2163 4583 2279 4638 Huc
2307 4600 2487 4639 saevus
2516 4585 2689 4641 hostis
2720 4587 3002 4644 insecutus
3029 4591 3266 4664 principi

2061 4707 2067 4717 ι
2159 4674 2325 4730 Juhet
2355 4675 2517 4732 beato
2560 4677 2719 4733 thura
2745 4688 2924 4735 sacret
2958 4681 3165 4753 impiis,

2157 4770 2549 4836 Quisuasionis
2580 4780 2821 4844 temptor
2840 4791 3028 4830 ensem
3061 4778 3282 4834 subdita

2156 4862 2379 4918 Cervice
2409 4881 2636 4919 sumens
2670 4866 2828 4920 laetus
2860 4876 3005 4923 astra
3036 4872 3319 4942 competit.

2156 4951 2391 5007 Locatur
2419 4952 2538 5020 ejus
2557 4952 2696 5008 redis
2728 4954 2871 5009 alma
2899 4957 3133 5023 nomini,

2156 5040 2273 5104 Qua
2296 5040 2443 5097 dona
2466 5041 2660 5098 Christi
2696 5043 2906 5100 honore
2939 5044 3155 5119 fulgent
3182 5049 3460 5121 martyris.

1948 5194 2157 5253 CAPUT
2201 5197 2288 5254 Xl.

1483 5316 1558 5375 De
1584 5314 1814 5375 sanctis
1844 5319 2215 5392 martyribus
2240 5317 2476 5379 Joanne
2506 5328 2559 5379 et
2588 5321 2802 5383 Paulo.

439 5455 609 5524 Hujus
639 5453 885 5529 magistri
912 5456 981 5512 ad
1004 5465 1129 5514 vota
1157 5457 1351 5512 fratres
1372 5457 1561 5530 inclyti

437 5546 633 5602 Christi
655 5546 899 5611 Joannes
930 5556 1093 5622 atque
1125 5545 1331 5603 Paulus
1371 5564 1665 5623 pauperes,

435 5637 648 5708 Opibus
678 5635 882 5693 relictis
894 5638 1121 5715 virginis
1150 5637 1487 5692 Constantia:

2167 5466 2303 5520 Dum
2335 5465 2669 5523 christianos
2683 5468 2986 5525 recreando
3008 5470 3317 5539 perfoveut,

2165 5558 2357 5612 Fertur
2381 5564 2614 5626 tyranno
2644 5577 2661 5626 ;
2688 5559 2909 5614 lenibus
2940 5575 3081 5630 quos
3110 5563 3373 5618 convenit

2161 5649 2355 5702 Actare
2385 5647 2572 5703 verbis
2609 5650 2855 5707 haereant
2882 5664 3082 5721 rogans
3109 5651 3213 5707 sibi
3245 5671 3262 5719 ;

3682 263 3793 319 760
