3972 6208
210 280 304 336 ’ῖ61
835 276 916 329 DE
959 275 1219 332 CHRISTI
1261 277 1621 334 THIUMPHIS
1663 276 1834 330 ΛΡΜ)
1878 279 2137 336 ITALIAM
2183 284 2357 337 LIBRI
2399 283 2526 336 XIV.
2572 315 2632 323 —
2679 285 2803 340 LIB.
2849 284 2934 339 IX.
3451 283 3557 339 762

208 449 233 474 ιι
280 423 908 498 Iniquitatis(inqniunt)
937 440 1099 478 causa
1128 431 1231 477 tua:

1853 409 1905 478 Α
1931 409 2033 463 Aut
2059 411 2352 466 obstinatis
2371 413 2509 468 colla
2531 428 2720 467 mucro
2753 419 3016 480 transeat,

210 513 608 570 Communiono
641 512 878 584 publica:
909 512 988 565 rei
1020 513 1303 566 absumus.
1933 498 2006 551 ΝΟ
2037 516 2166 574 rege
2199 501 2350 577 digni
2377 503 2469 573 qui
2501 504 2687 558 nutriti
2718 504 2868 577 regia

211 606 326 660 Jam
369 611 420 658 te
447 605 740 658 salutatum
775 602 852 656 ire
884 617 995 656 non
1026 602 1299 656 exibimus
1933 588 2245 663 Vulgarium
2279 591 2559 646 caedantur
2585 591 2688 646 acti
2712 592 3014 649 obtutibus.

214 701 342 755 Nam
377 699 572 753 Christi
605 697 812 752 alumni
845 697 1072 752 veritate
1105 698 1376 771 (legimus.
1942 701 1964 730 '
2007 682 2268 771 Dominus
2299 690 2422 737 ""15
2447 683 2489 737 Si
2516 685 2767 738 -Ῐυιίτιιὶυε
2798 684 3110 756 (inﬁmum)-

209 819 278 828 —
308 787 781 843 Considerandum
806 792 908 852 est,
941 786 1024 840 his
1066 770 1229 840 refert
1251 793 1515 857 apostata,

1487 803 1515 850 ι,
1937 770 2142 826 Habeto
2172 788 2360 842 pacem
2388 772 2498 840 jam
2527 780 2618 827 tuo
2651 789 2776 827 cum
2812 773 3055 844 principe

211 879 344 935 Aula
372 879 614 933 nutritus
645 878 759 950 regi
783 879 978 932 adesse
1014 879 1163 952 regia
1938 861 2106 917 Nobis
2124 869 2176 915 et
2207 861 2345 915 alius
2378 877 2487 916 non
2514 862 2638 925 erit,
2671 862 2829 914 Pater
2856 861 2984 925 nisi,

212 972 419 1026 Debere
453 971 684 1041 primos,
727 979 786 1025 ιιι
815 970 990 1024 colam
1024 970 1230 1041 palatii,
1683 979 1689 986 ε
1937 958 2213 1030 Natusqnc
2243 957 2413 1022 solus,
2447 964 2667 1012 sanctus
2697 964 2861 1028 atque
2891 956 3144 1028 Spiritus.
3192 977 3212 1006 ιι

214 1063 540 1118 Contemnar
571 1070 786 1117 autem:
815 1077 1002 1133 quaero
1021 1077 1090 1115 ne
1124 1062 1293 1116 tenmi
1321 1078 1541 1133 queam.
1590 1085 1614 1108 ι»

1472 1078 1541 1115 m.
1590 1085 1614 1108 υ
1940 1051 1987 1103 Is
2015 1066 2176 1120 quem
2207 1049 2523 1103 renuntiare
2545 1065 2653 1102 non
2688 1057 2773 1103 est
2803 1048 3040 1113 territus,

214 1153 460 1207 Fratres:
507 1177 531 1200 σι
571 1152 688 1206 Tibi
712 1153 852 1206 hanc
876 1153 1114 1207 feramus
1143 1154 1582 1224 hatulinjuriam,

1490 1171 1582 1220 un,
1939 1141 2073 1195 Huic
2104 1148 2158 1194 et
2188 1141 2282 1195 Dei
2310 1141 2587 1211 projectus
2619 1156 2647 1193 a
2669 1140 3058 1208 conspectibus

214 1241 518 1296 Mortalium
543 1258 708 1313 quem
743 1241 1103 1313 praeferamus
1132 1249 1191 1296 ut
1213 1242 1340 1306 tibi;
1938 1236 2272 1290 Cerditionis
2300 1242 2402 1289 stat
2436 1251 2623 1306 parare
2656 1235 2976 1304 complices,

214 1330 364 1394 Coeli,
396 1347 459 1386 ac
489 1332 610 1398 sali,
646 1331 857 1385 telluris
883 1339 1049 1403 atque
1093 1333 1404 1402 praesulem,
1940 1330 2144 1383 Suasor
2171 1329 2278 1382 alto
2310 1328 2622 1398 proeubans
2654 1327 2954 1380 certamine

213 1419 310 1485 Qui
333 1419 462 1474 fecit
489 1436 720 1491 usquam
740 1420 1010 1492 quidquid
1043 1428 1124 1474 est
1155 1421 1546 1492 pra-ponimus.
1942 1421 2164 1491 Aperire
2197 1429 2395 1474 terram
2427 1419 2600 1484 szevit,
2644 1429 2697 1472 et
2723 1418 3074 1472 venientibus

216 1512 573 1585 Hominisque
609 1514 928 1583 temporalis
961 1513 1087 1567 inde
1107 1513 1335 1586 gloriam
1941 1513 2104 1568 Ferus
2133 1512 2388 1582 sepulcra
2423 1511 2672 1582 providet
2706 1509 3033 1574 domestica,

215 1604 492 1676 Fugimus,
527 1604 753 1675 superni
789 1604 932 1676 regis
962 1606 1052 1658 ira:
1078 1605 1288 1675 providi
1939 1605 2057 1660 Mox
2090 1613 2141 1659 et
2173 1605 2395 1659 resectis
2414 1605 2554 1657 colla
2579 1603 2883 1674 submergit
2903 1603 3097 1656 scrobe

211 1694 472 1765 Teneque
502 1694 644 1748 scire
679 1710 779 1748 nec
801 1695 1034 1748 salutatu
1067 1702 1159 1748 tuo
1861 1756 1903 1767 η
1938 1696 2178 1767 Vulgans
2203 1695 2433 1763 jubente
2462 1695 2606 1765 quod
2641 1694 2890 1746 exulares
2915 1693 3142 1746 Cmsarc.

214 1788 427 1844 Cultum
455 1806 555 1844 nos
579 1790 732 1843 adire
758 1789 870 1857 jam
900 1790 1122 1860 palatia.
1859 1756 1908 1823 Β
1933 1785 2098 1849 Quam
2137 1792 2259 1854 post
2286 1783 2582 1854 procellam
2606 1783 2715 1850 jam
2751 1797 2950 1835 sereno
2983 1780 3197 1835 reddito

212 1912 280 1921 —
300 1881 495 1935 Decem
529 1885 834 1950 (tyrannus)
862 1897 958 1934 vos
989 1879 1188 1934 diebus
1218 1881 1386 1934 edere
1935 1881 2110 1933 Multa:
2138 1880 2364 1934 subacto
2386 1878 2619 1932 vindicis
2649 1885 2826 1947 strage
2857 1876 3049 1946 impio,

211 1969 465 2026 Concedo
499 1978 735 2025 mentem
767 1969 1041 2024 cautionis
1074 1971 1312 2035 tramite,
1930 1975 2250 2028 Sanctorum
2284 1989 2517 2045 agonem
2547 1970 2873 2025 confitentes
2905 1971 3185 2023 daemones

212 2061 514 2116 Sodalitate
543 2067 600 2114 ut
629 2070 825 2130 sponte
855 2068 1040 2115 nostra
1068 2061 1322 2127 utamini,
1931 2062 2189 2117 Possessa
2218 2069 2357 2115 tacto
2390 2077 2519 2115 vasa
2543 2060 2801 2130 iinquunt
2827 2058 3036 2112 limine.

213 2155 315 2206 Aut
344 2152 596 2223 publicos
625 2153 870 2223 plectens
897 2163 955 2207 ut
981 2153 1168 2208 hostes
1201 2153 1393 2224 punio.
1426 2176 1446 2201 ιι
1927 2157 2237 2210 Terentiani
2271 2157 2375 2210 huc
2403 2164 2521 2210 aeta
2552 2155 2734 2226 proles
2761 2153 2980 2207 Ilaminc

214 2241 368 2296 “T05
391 2242 536 2296 beati
561 2249 672 2296 tum
705 2242 894 2297 ﬁdeles
924 2244 1211 2309 πάνοοᾶηί»
1936 2253 2140 2307 Clamat
2172 2252 2348 2305 beatis
2377 2267 2497 2304 sese
2527 2250 2680 2304 aduri
2707 2248 2980 2302 fratribus.

215 2336 322 2390 Res
351 2333 670 2389 ordinantes
697 2351 832 2406 quas
870 2335 1066 2406 reliqui
1099 2352 1406 2405 praecavere
1937 2346 2094 2399 pater
2126 2343 2350 2414 periclis
2383 2343 2636 2397 incitatus
2665 2341 2780 2404 ﬁlii,

211 2428 345 2483 Toto
384 2434 640 2482 vacantes
671 2427 859 2498 c0pias
895 2427 1189 2501 egentibus
1938 2434 1992 2486 In
2018 2449 2112 2487 ora
2132 2431 2623 2503 lapsusﬁprasdicat
2655 2430 2887 2501 piacula,

216 2520 566 2575 Induciarum
601 2519 888 2592 largiendo
921 2529 1189 2591 tempore.
1937 2525 2074 2578 Petit
2106 2524 2336 2590 lavacra,
2369 2522 2610 2577 luctibus
2651 2522 2740 2574 (lat
2767 2521 3034 2592 lacrymas

213 2607 447 2663 Posthac
475 2607 837 2662 Terentianus
871 2610 971 2662 hos
993 2610 1096 2662 sub
1126 2609 1349 2680 prOpria
1939 2615 2154 2668 Piorum
2185 2613 2251 2667 ad
2282 2628 2472 2665 urnam
2507 2611 2739 2665 solvitur
2769 2610 2895 2662 dum
2930 2608 3074 2660 filius

214 2705 448 2758 Adortus
478 2704 596 2758 axle
628 2711 747 2756 vota
782 2703 973 2757 dantes
1004 2705 1281 2774 repperit:
1937 2703 2063 2756 Tam
2100 2701 2371 2772 passionis
2396 2707 2547 2775 gesta
2585 2716 2706 2768 qua!
2740 2703 3025 2770 peregerat

214 2797 250 2848 Λ
285 2812 411 2870 rege
436 2796 612 2849 I'assus
641 2811 866 2849 aureum
901 2795 1042 2849 mitti
1073 2795 1264 2850 Jovem
1940 2797 2314 2854 Confessionis
2345 2795 2462 2849 dira
2505 2809 2744 2865 purgans
2775 2789 3027 2862 lacrymis

215 2887 310 2942 Cui
344 2889 503 2942 thura
535 2888 786 2963 ﬂagrent,
820 2889 904 2942 his
935 2888 985 2942 ei
1028 2887 1334 2954 litantibus,
1940 2891 2110 2947 Certis
2141 2899 2289 2945 arata
2318 2887 2620 2963 prepalavit
2653 2886 2890 2960 paginis.

1708 3051 1916 3105 CAPUT
1955 3051 2068 3106 Xll.

1233 3181 1306 3240 De
1326 3183 1551 3242 sanctis
1588 3182 1913 3256 Januario,
1959 3183 2264 3242 Gordiano
2297 3191 2347 3240 ct
2380 3181 2572 3240 seriis.

284 3356 476 3412 Plures
507 3355 668 3411 beata
697 3355 1086 3429 tergiversator
1111 3372 1247 3411 nece
1864 3363 1914 3430 ί]
2156 3367 2322 3421 Antro
2350 3363 2584 3420 retrudit
2615 3363 2836 3433 publico
2869 3380 2883 3426 ;

429 3446 625 3500 Christi
649 3446 882 3500 sacravit
904 3445 1125 3519 detuga.

2013 3457 2220 3511 Castam
2250 3455 2492 3529 jugalem
2525 3453 2662 3506 dans
2689 3468 2862 3522 aquas
2893 3448 2956 3504 ad
2998 3448 3208 3503 Salvias

287 3538 421 3592 Dum
456 3536 657 3592 crescit
687 3542 838 3591 atrox
872 3537 950 3591 ira
981 3537 1106 3591 victi
1139 3536 1392 3608 publicis,
2149 3547 2362 3602 sem-ire
2385 3545 2608 3599 mandat
2638 3543 2857 3597 rusticis

439 3629 603 3703 Legat
633 3629 755 3699 pios
775 3629 1078 3692 custodiis:

2012 3640 2420 3696 Clementianus
2450 3636 2783 3692 Gordianum
2818 3634 3045 3688 sedibus

287 3719 414 3775 Diro
447 3718 922 3789 prehensumjure
957 3719 1274 3773 Januarium
2152 3733 2400 3786 Vinctum
2425 3729 2635 3785 catenis
2664 3727 2922 3800 applicat,

431 3809 580 3863 Tunc
607 3809 881 3863 Gordiano
915 3809 1174 3880 (Ῐοίηιίῖιῑε
2013 3823 2136 3888 Qui,
2167 3823 2327 3877 laude
2361 3819 2555 3875 Christi
2586 3818 2739 3874 fortis
2770 3826 2936 3888 atque
2968 3813 3290 3879 immobilis,

290 3903 369 3958 Pii
398 3902 660 3956 sacerdos
690 3901 836 3975 regis
861 3903 1040 3956 almus
1071 3902 1252 3974 impia:
2159 3912 2390 3966 plumbo
2412 3925 2601 3965 severe
2631 3908 2879 3971 auditur,

435 3993 600 4045 Datur
625 3990 752 4045 ferat
783 3991 1008 4046 vicario.
2017 4003 2426 4059 Confessionem
2461 4017 2563 4055 nec.
2587 4001 2905 4070 relinquens
2926 3994 3187 4058 melicam,

289 4081 412 4148 Qui,
446 4083 576 4136 dum
601 4082 854 4137 modesto
882 4083 1047 4136 verba
1077 4083 1242 4138 corde
1276 4084 1529 4155 percipit,

1276 4084 1529 4155 Percipit,
2161 4098 2386 4152 Cervicc
2417 4097 2586 4152 eri-los
2614 4095 2843 4150 obtinet.

438 4177 588 4232 Fidei
621 4179 865 4249 repletur
902 4179 1104 4250 Spiritu
1136 4198 1150 4246 ;
2015 4188 2253 4242 Canibus
2278 4187 2512 4239 cadaver
2535 4184 2723 4252 judice
2755 4191 2936 4237 actum
2969 4180 3205 4252 pessimo

293 4271 466 4326 Uxore
493 4271 686 4339 juncta
715 4270 794 4326 sic
821 4272 1025 4326 Marina
1060 4273 1283 4328 nomine
2159 4275 2350 4327 Custos
2373 4274 2506 4346 tegit
2532 4289 2640 4326 non
2673 4271 2974 4334 dormiens,

434 4362 553 4416 Mox
571 4361 721 4416 fonte
752 4362 879 4417 divo
908 4363 1170 4438 tingitur;
2018 4365 2169 4429 Quod
2205 4362 2495 4416 Christiani
2522 4367 2680 4415 nocte
2703 4359 2956 4413 milliario

291 4453 498 4507 Famuli
526 4461 779 4524 petentes
803 4471 954 4508 sacra
981 4456 1140 4510 denis
1171 4458 1468 4530 quinquies
2158 4456 2234 4509 Ab
2260 4456 2392 4508 urbe
2426 4460 2638 4523 raptum
2673 4451 2962 4513 collocant,

430 4546 692 4601 Dominos
722 4555 1028 4618 sequuntur
1057 4551 1314 4620 amplius.
2018 4547 2232 4602 Pridem
2263 4545 2404 4600 beati
2435 4544 2688 4614 martyris
2721 4559 2829 4613 quo
2863 4542 3091 4614 pignora

288 4636 417 4700 Quae
445 4642 599 4708 gesta
619 4651 763 4690 saevo
792 4637 919 4690 dum
955 4637 1206 4693 feruntur
1230 4641 1454 4705 arbitro,
1867 4675 1920 4741 υ
2161 4637 2397 4691 (ἶυιινοῑτι
2430 4641 2586 4688 erant
2624 4632 2927 4702 Epimachi,

431 4726 660 4796 Scriptis
690 4736 981 4799 utrumque
1017 4729 1268 4798 perculit,
1867 4725 1917 4741 "
2017 4728 2253 4798 Diesque
2285 4726 2422 4780 festo
2447 4725 2567 4778 laeta
2591 4731 2716 4778 voto
2741 4736 3027 4792 compares

290 4816 351 4871 Et
378 4816 713 4872 Gordianum
745 4818 1043 4893 subrogato
1066 4819 1254 4889 judice
2106 4863 2108 4866 τ
2154 4818 2363 4874 Attollit
2391 4834 2500 4873 una
2542 4823 2822 4888 martyres.

1693 4950 1904 5006 CAPUT
1953 4950 2100 5005 XIII.

1545 5078 1618 5137 De
1646 5086 1851 5138 sancto
1873 5079 2208 5154 Pigme-nio.

216 5209 342 5266 Haec
373 5210 486 5266 fora
517 5210 763 5267 crudelis
795 5213 1002 5268 rabiem
1033 5231 1258 5287 quoque
1285 5216 1555 5292 sanguine
1589 5215 1750 5292 tingit
1945 5217 2076 5273 Nam
2117 5217 2286 5291 pudet
2316 5218 2543 5273 altorem
2578 5217 2758 5288 primo
2790 5232 2914 5272 mox
2943 5222 3185 5270 sternere
3210 5212 3387 5282 jussu.

215 5305 490 5373 Doctoris,
524 5306 628 5360 sub
651 5307 772 5382 lege
804 5309 897 5364 Dei
932 5325 1042 5381 quo
1063 5310 1205 5366 fotus
1231 5312 1476 5380 alumno,
1943 5308 2229 5363 Persarum
2266 5307 2402 5378 petit
2430 5306 2523 5362 ille
2544 5306 2744 5374 solum,
2778 5322 2888 5378 quo
2915 5307 3035 5360 luce
3062 5310 3325 5366 moratus,

214 5394 512 5468 Pigmenii,
546 5396 732 5452 Romae
764 5399 904 5453 tituli
938 5400 1032 5472 qui
1066 5400 1363 5472 Presbyter
1380 5401 1592 5470 almus;
1945 5403 2198 5475 Corporis
2217 5403 2465 5471 orbatur,
2495 5399 2696 5457 mentis
2712 5401 2810 5456 sed
2843 5400 3049 5456 lumine
3073 5399 3306 5470 pollens,

217 5488 458 5544 Pastoris
488 5507 654 5563 quem
677 5500 845 5548 strata
869 5511 968 5548 suo
1004 5495 1092 5566 pia
1122 5496 1368 5550 membra
1388 5495 1572 5550 furore
1943 5496 2262 5567 Przeeipitur
2294 5497 2540 5562 Romam,
2559 5493 2870 5566 palmaeque
2901 5492 3184 5563 requirere
3207 5505 3449 5554 causam,

219 5577 471 5636 Condere
503 5581 872 5652 comperiens,
901 5585 1160 5640 secedere
1193 5585 1412 5639 mandat
1437 5587 1506 5639 ab
1536 5585 1692 5648 urbe,
1945 5585 2038 5639 Cui
2066 5587 2289 5641 tandem
2323 5601 2492 5657 puero
2524 5601 2743 5660 gressus
2776 5584 3096 5638 moderante
3123 5578 3346 5635 reducto

223 5666 454 5724 Praemia
487 5686 549 5727 se
580 5671 876 5730 redhibere
898 5673 1102 5744 ferens,
1136 5674 1266 5746 quia
1289 5673 1523 5731 mittitur
1544 5675 1728 5741 exsul;
1941 5677 2149 5734 Obvius
2179 5679 2440 5750 expulsor
2461 5677 2632 5735 rheda
2651 5676 2907 5733 sublimis
2934 5683 2990 5730 et
3021 5690 3154 5730 auro
