3972 6208
475 262 580 317 763
1236 264 1602 321 FLODOARDI
1643 265 1947 323 CANONICI
1989 269 2316 324 REMENSIS
2355 271 2692 327 OPIISCULA
2735 272 3043 327 METRICA.
3721 279 3825 334 764

475 390 590 444 Diis
616 397 798 465 grates
831 391 1050 446 inflatus
1079 391 1191 465 agit
1222 400 1519 463 pompante
1553 401 1791 462 tumore,
2126 402 2177 472 Α
2202 399 2353 454 Mens
2392 400 2482 471 pia
2522 400 2603 454 sic
2632 401 2805 456 cmlos
2834 403 3032 471 repetit
3058 408 3201 456 terra
3226 403 3376 457 edita
3406 410 3607 459 terram

474 483 855 553 Incensusque
884 482 1245 538 Acheronta‘o
1276 484 1594 539 flammante
1624 487 1807 542 furore
2204 488 2437 564 Pignora
2455 506 2689 561 qualque
2708 490 2897 545 Abdon
2917 491 3127 547 tumqu
3148 492 3486 566 Sennenque
3500 502 3805 565 capessunt

477 572 818 648 Praecipitem
846 573 998 651 vergi
1026 573 1327 645 Tyberinas
1350 577 1574 632 mandat
1602 578 1656 632 in
1685 579 1879 633 undas.

1957 677 2165 734 CAPUT
2212 677 2343 733 XIV.

1514 784 1589 842 De
1615 792 1821 844 sancto
1850 784 2156 856 Herculio,
2190 783 2473 842 Hilurino
2506 790 2559 841 et
2585 785 2782 843 sociis.

474 912 716 968 Donatus
748 913 921 968 lector
945 914 1254 970 studiorum
1286 916 1341 970 in
1371 931 1549 987 agone
1581 916 1789 971 sodalis
2199 914 2447 983 Adjurat,
2479 915 2660 970 crucis
2689 915 3001 991 adiungens
3031 915 3086 970 in
3116 915 3305 987 stipite
3337 916 3452 982 fixi,

474 1005 534 1059 Et
553 1004 965 1075 condiscipulus
990 1014 1178 1062 sancto
1201 1008 1305 1063 hoc
1333 1009 1437 1062 sub
1462 1015 1615 1079 patre
1639 1008 1880 1079 tyranni,
2199 1006 2335 1070 Quid
2370 1005 2568 1059 factum
2603 1005 2766 1070 dicat,
2800 1022 2907 1077 qua
2936 1014 3092 1076 rapta
3124 1006 3361 1077 pecunia
3389 1005 3533 1065 fisci.

474 1096 613 1151 Ense
647 1096 785 1151 truci
811 1096 1030 1169 genitor
1054 1098 1405 1170 genitrixque
1430 1099 1521 1153 ubi
1555 1099 1736 1154 sidera
1764 1105 2007 1164 sumunt,
2198 1098 2353 1151 Iussa
2390 1097 2553 1152 refert
2591 1098 2700 1152 imo
2728 1099 2895 1152 verba
2929 1098 3214 1153 Eufrasina
3244 1100 3525 1171 sepulcro,

475 1190 651 1262 Fugit,
685 1189 1067 1260 Aricinamque
1099 1197 1294 1260 petens
1319 1193 1692 1263 apprenderat
1721 1192 1938 1247 urbem.
2199 1191 2358 1244 Tecta
2380 1190 2577 1244 domus
2604 1190 2756 1245 aditu
2787 1190 2945 1245 latrat
2971 1208 3091 1263 quze
3122 1209 3256 1265 gaza
3297 1202 3567 1267 rogatur;

475 1281 744 1352 Dumque,
772 1280 861 1351 pio
885 1281 1115 1347 junctus
1148 1282 1412 1348 Hilarino,
1454 1291 1614 1338 nocte
1648 1283 1849 1355 dieque
2200 1282 2287 1335 .Es
2318 1289 2505 1336 notum
2536 1282 2797 1354 egeritur,
2832 1283 3010 1354 pergit
3037 1283 3119 1337 vir
3150 1284 3295 1339 fasce
3328 1284 3559 1341 levatus.

475 1375 610 1430 Vota
642 1376 752 1430 Deo
782 1375 991 1447 legans,
1016 1376 1231 1444 jejunia
1256 1379 1447 1431 crebra
1477 1377 1809 1449 frequentat,
2196 1374 2314 1428 Iam
2337 1373 2518 1446 dignis
2550 1373 2726 1428 Satiro
2770 1374 2977 1429 meritis
3004 1375 3073 1430 ad
3101 1392 3270 1448 regna
3295 1384 3509 1446 vocato,

477 1464 704 1519 Gentilis
732 1464 942 1519 Surana
969 1466 1143 1520 oculis
1174 1483 1237 1521 ac
1264 1466 1429 1521 corde
1462 1467 1705 1521 tenebris
2199 1463 2440 1517 Donatus
2470 1463 2641 1517 sacris
2668 1463 2785 1530 ejus
2815 1463 2932 1517 vice
2969 1463 3213 1538 fungitur
3242 1465 3375 1519 aris.

474 1557 656 1613 Obsita
682 1574 803 1612 cum
830 1559 1019 1630 genito
1051 1558 1243 1612 cellam
1278 1559 1586 1629 perrumpit
1612 1560 1851 1629 Opimam
2197 1556 2297 1619 Qui
2338 1556 2466 1609 dum
2497 1555 2640 1620 diva,
2660 1555 2747 1609 die
2774 1555 3034 1626 quadam,
3066 1556 3321 1626 mysteria
3351 1564 3564 1622 tractat,

475 1650 754 1720 Quamque
785 1648 892 1703 fide
916 1648 1183 1703 imbutam
1216 1650 1375 1704 Satiri
1408 1651 1541 1704 (lant
1572 1654 1821 1722 przvsulis
1848 1655 1949 1717 ori,
2196 1649 2490 1720 Sanguinis
2518 1658 2571 1702 et
2596 1648 2781 1719 superi
2813 1649 3030 1719 pepulis
3054 1649 3143 1702 dat
3178 1650 3322 1704 dona
3365 1650 3641 1719 minister,

474 1742 757 1797 Nascentis
787 1743 945 1797 laetus
976 1741 1102 1796 fidei
1135 1742 1228 1813 qui
1263 1742 1469 1796 Iumina
1502 1760 1737 1797 cernens
2198 1743 2404 1811 Impete
2437 1741 2624 1809 gentili
2660 1741 2928 1811 impulsus
2970 1742 3095 1807 ruit,
3128 1750 3293 1813 atque
3326 1752 3604 1797 sacratum

473 1834 647 1904 Atque
677 1834 785 1888 Deo
816 1839 997 1907 grates
1028 1832 1294 1897 referens,
1314 1833 1527 1901 jejunia
1551 1834 1794 1899 mandat,
2197 1835 2525 1889 Comminuit
2546 1835 2805 1897 calicem;
2838 1841 3019 1887 motus
3040 1850 3164 1889 cum
3200 1835 3359 1906 plebe
3388 1836 3653 1891 sacerdos

477 1925 600 1980 Fert
636 1926 787 1979 cines
813 1932 1064 1990 stratum,
1095 1925 1187 1979 dat
1215 1925 1348 1979 dura
1378 1925 1559 1980 cilicia
1591 1927 1852 1981 amictum
2198 1927 2455 1997 Angitur;
2485 1942 2750 1998 angorem
2776 1925 2973 1979 Christi
3006 1926 3103 1979 sed
3128 1927 3318 1979 dextra
3346 1932 3570 1981 serenat
3598 1943 3613 1980 :

478 2014 701 2068 Instruit
732 2021 897 2085 atque
929 2014 1091 2079 lavat,
1116 2031 1237 2068 cum
1270 2031 1378 2085 qua
1408 2015 1557 2070 subit
1588 2016 1784 2071 unicus
1814 2017 1990 2070 undas
2200 2018 2358 2072 Lecta
2397 2017 2657 2088 equidem
2689 2017 3046 2072 devectantur
3076 2017 3383 2091 fragmenta
3409 2018 3608 2081 beato;

479 2109 798 2174 Herculius;
831 2110 1016 2164 lumen
1049 2125 1174 2164 mox
1215 2108 1366 2164 frons
1397 2111 1692 2165 tenebrosa
1724 2113 1954 2165 resumit
2200 2107 2295 2160 Ille
2324 2106 2552 2161 madens
2578 2106 2830 2177 lacrymis
2858 2122 3216 2177 sumensque,
3251 2106 3341 2161 ubi
3366 2114 3489 2162 vota
3519 2106 3835 2178 profundit,

477 2200 537 2255 Et
562 2199 834 2255 Christum
853 2216 1038 2254 verum
1064 2200 1187 2254 vita:
1212 2200 1459 2272 lucisque
1488 2209 1769 2272 potentem
2118 2240 2166 2307 Β
2200 2203 2257 2256 In
2303 2202 2538 2273 priscam
2578 2208 2796 2256 revocat
2825 2201 3062 2257 solidato
3094 2202 3363 2275 fragmine
3385 2201 3642 2259 formam.

477 2290 757 2346 Exclamat
794 2291 1015 2355 mulier,
1048 2291 1293 2346 sobolem
1322 2293 1529 2347 radiata
1550 2309 1872 2347 renoscens.
2118 2290 2166 2307 "
2198 2294 2485 2348 Barbaries
2517 2294 2771 2362 perculsa
2804 2294 2927 2348 novi
2960 2294 3276 2365 spectacula
3309 2293 3437 2349 facti

472 2383 625 2446 Quod
656 2383 822 2438 certis
851 2383 1082 2453 capiens
1114 2384 1430 2439 rumoribus
1458 2386 1829 2455 Apronianus,
2205 2382 2509 2451 Aspiciens,
2535 2382 2756 2436 laudare
2788 2383 2958 2437 Deum
2991 2400 3113 2438 cum
3147 2382 3310 2453 plebe
3338 2398 3541 2438 canora

475 2474 684 2529 Donato
710 2474 1001 2529 attonitum
1034 2475 1154 2529 diro
1184 2475 1484 2545 spiramine
1513 2484 1739 2541 gnatum
2203 2474 2419 2545 Incipit,
2452 2480 2616 2545 atque
2647 2473 2845 2529 anima:
2876 2474 3011 2529 citra
3038 2475 3315 2548 octoginta
3345 2474 3622 2530 dicantur.

479 2562 678 2627 Defert,
705 2563 796 2634 qui
830 2564 995 2617 sociis
1026 2564 1267 2617 Hilarino
1299 2581 1359 2617 ac
1380 2565 1611 2634 praesule
1636 2564 1864 2633 junctis,
2202 2566 2383 2620 Multis
2412 2573 2679 2637 praetcrea
2701 2564 2877 2639 signis
2915 2565 3100 2620 divina
3131 2572 3375 2635 potestas

479 2652 687 2706 Insistit
718 2652 1003 2722 precibus;
1037 2651 1197 2721 pulso
1224 2650 1301 2704 sic
1331 2652 1551 2706 ﬂamine
1592 2653 1755 2715 votis,
2206 2656 2473 2710 Donatum
2504 2654 2787 2709 illustrans
2811 2656 2966 2709 testis
2999 2655 3240 2710 sustollit
3269 2656 3477 2711 honore
3503 2673 3516 2710 :

477 2746 813 2801 Incolumem
843 2762 1095 2817 puerum,
1119 2748 1393 2817 gaudente
1426 2754 1675 2817 parente,
1704 2748 1986 2802 reformat.
2200 2748 2406 2802 Tentus
2436 2747 2607 2812 enim,
2632 2746 2943 2818 pariterque
2977 2747 3270 2813 Hilarinus,
3302 2764 3430 2802 saxa
3453 2747 3687 2817 jubetur

474 2840 703 2894 Assidue
735 2840 863 2894 hinc
890 2841 1151 2914 gradibus
1180 2841 1352 2895 virtus
1379 2850 1431 2895 et
1462 2842 1636 2915 gloria
1668 2843 1863 2897 cressit
2200 2835 2379 2890 Thure
2411 2850 2603 2914 rogare
2643 2836 2791 2901 ἀθίο,
2818 2835 2987 2904 IUSSIS
3007 2835 3096 2889 Olli
3138 2836 3240 2891 Γίίϐ
3274 2837 3458 2892 Γθηίδο

475 2927 699 2981 Accedit
726 2928 950 2998 quidam
984 2928 1287 2993 Eustasius,
1314 2929 1517 2984 liscalia
1546 2931 1705 2999 cujus
2201 2926 2270 2979 Os
2302 2925 2494 2979 teritur
2517 2924 2692 2991 saxis;
2720 2925 2993 2979 Ililarinus
3016 2924 3250 2980 fustibus
3282 2934 3436 2981 actus

475 3017 699 3072 Munera
729 3025 787 3072 ut
815 3018 1103 3073 abdiderat
1133 3027 1314 3086 terrm,
1343 3021 1666 3094 defungitur
1695 3037 1845 3077 uxor.
2200 3018 2484 3088 Temptam
2508 3018 2704 3087 linquit
2731 3018 2979 3083 humum,
3003 3017 3285 3089 quaesitam
3316 3018 3550 3089 percipit
3571 3020 3829 3087 aethram,

477 3108 570 3163 Ille
600 3126 819 3183 gravem
852 3111 1095 3165 tolerans
1126 3121 1277 3167 torvo
1308 3122 1561 3169 exactore
1596 3114 1859 3175 furorem,
2200 3107 2345 3161 Ostia
2377 3107 2621 3161 membra
2650 3105 2811 3176 rapit,
2848 3106 3119 3161 Donatum
3161 3106 3397 3161 claustra
3427 3116 3719 3179 receptant

477 3196 670 3253 Donati
703 3199 840 3268 petit
866 3199 1129 3255 auxilium
1162 3202 1256 3272 qui
1283 3203 1449 3256 corde
1483 3201 1633 3257 ﬁdeli
2200 3200 2292 3255 llic
2323 3216 2545 3271 quoque
2577 3199 2733 3269 plura
2766 3199 2907 3253 Deus
2937 3216 3035 3269 per
3064 3214 3227 3270 quem
3260 3200 3537 3272 magnalia
3571 3200 3826 3257 Christus

475 3285 796 3341 Praesidium
826 3296 1085 3355 tractans,
1104 3307 1363 3360 superum
1383 3293 1529 3347 subit
1559 3293 1775 3365 aggeris
1806 3300 2022 3348 antrum
2201 3293 2334 3347 Dum
2369 3280 2574 3363 pepulo
2603 3290 2899 3362 plaudente
2922 3290 3082 3363 gerit,
3112 3290 3232 3345 diro
3255 3307 3389 3345 ense
3411 3301 3718 3348 resectum.

476 3378 684 3436 Nomen
713 3390 767 3437 ct
798 3381 1099 3439 inclamans
1129 3384 1328 3439 functas
1363 3400 1463 3459 per
1484 3386 1710 3440 numina
1730 3385 1929 3441 Christi
2202 3383 2688 3456 Educititenebris,
2719 3399 2860 3438 vera:
2888 3381 3033 3455 capit
3069 3383 3277 3438 aethere
3305 3382 3461 3439 lucis.

1975 3512 2182 3567 CAPUT
2229 3512 2335 3567 XV.

1463 3616 1542 3674 De
1570 3618 1795 3675 sanctis
1824 3615 2049 3687 Prisco,
2095 3614 2483 3675 Prisciliiano
2512 3620 2563 3671 ct
2592 3613 2837 3671 caeteris.

479 3743 585 3800 Hac
606 3751 802 3815 printer
832 3745 967 3801 istos
995 3747 1145 3802 nube
1179 3749 1333 3804 multi
1370 3750 1586 3805 caeliros
2126 3758 2176 3826 Ο
2199 3751 2577 3807 Confessiouis
2598 3750 2850 3805 enitescit
2870 3749 3065 3823 gloria,

480 3837 679 3891 Petunt
709 3837 945 3892 honores
972 3838 1281 3894 abdicando
1313 3848 1540 3896 terreos.
2195 3843 2427 3897 Mentem
2450 3858 2692 3913 superna
2712 3840 2901 3895 condit
2934 3840 3075 3894 inter
3099 3839 3304 3896 sidera.

478 3930 691 3986 Priscus
721 3933 980 3987 sacerdos
1006 3950 1139 3987 ense
1170 3935 1384 3990 scandit
1406 3937 1640 4003 zethera;
2194 3933 2632 3987 Funusloannes
2656 3931 2930 4002 gloriosus
2961 3930 3268 4001 presbyter,

486 4026 853 4083 Priscillianus
881 4045 1043 4099 quem
1077 4038 1297 4085 secutus
1326 4031 1558 4087 clericus
2195 4025 2295 4081 Ubi
2315 4026 2432 4081 sole
2460 4025 2593 4081 bino
2617 4026 2769 4079 triste
2798 4024 2891 4078 dat
2915 4023 3312 4095 spectaculum,

484 4116 714 4173 Parilem
753 4134 1013 4175 coronam
1043 4129 1189 4177 sorte
1211 4122 1378 4177 sumit
1408 4125 1672 4195 compari.
2197 4124 2329 4181 Foro
2359 4122 2552 4194 rapina
2572 4121 2781 4195 colligit
2803 4121 3068 4177 laudabili

484 4210 775 4268 Benedicta
801 4220 1017 4269 sectans
1044 4216 1147 4271 hos
1174 4217 1374 4288 pudiea
1404 4218 1610 4275 femina
2194 4219 2302 4275 Piis
2328 4218 2584 4289 sepulcro
2624 4216 2889 4287 copulans
2916 4215 3265 4287 parentibus,

478 4299 635 4357 Subit
664 4300 879 4372 piorum
911 4320 1079 4378 regna
1108 4322 1205 4377 per
1233 4307 1488 4380 vestigia,
2194 4309 2401 4373 Quibus
2416 4307 2622 4363 sororis
2654 4307 2897 4361 membra
2917 4306 3029 4374 jam
3051 4304 3342 4380 jugaverat

478 4389 710 4445 Faustus
741 4392 1090 4464 triumphans
1108 4403 1324 4467 sceptra
1348 4397 1464 4471 regi
1490 4397 1770 4471 jungitur;
2193 4404 2363 4465 Quem
2389 4398 2665 4463 Julianus,
2693 4397 2823 4451 dum
2855 4412 2958 4451 nec
2978 4396 3168 4451 auditu
3200 4395 3396 4467 probat

481 4484 657 4540 Fausti
689 4487 933 4554 Dan-osa,
958 4496 1080 4559 post
1102 4491 1306 4564 jugali;
1331 4492 1583 4567 gloriam,
2193 4492 2424 4561 Dignum
2452 4506 2575 4555 suo,
2597 4488 2910 4543 Phoebieam
2940 4488 3011 4543 ad
3041 4504 3190 4542 aram
3226 4486 3475 4559 praecipit

479 4577 639 4634 Exsul
668 4588 867 4655 negata
891 4590 1213 4657 segregatur
1244 4585 1420 4655 patria
2195 4583 2414 4638 Cervice
2446 4581 2642 4652 plecti:
2675 4596 2838 4652 quem
2881 4579 3016 4654 legit
3044 4578 3380 4634 Concordius

478 4669 722 4743 Poloque
760 4672 830 4728 ab
860 4691 993 4729 ense
1025 4676 1181 4745 pulsa
1208 4677 1368 4732 terris
1398 4678 1661 4744 sumitur;
2196 4675 2312 4729 Pari
2336 4674 2596 4730 sacerdos
2625 4682 2770 4728 sorte
2801 4671 3020 4747 fulgens
3051 4672 3311 4743 prazditnr

478 4759 577 4824 Qui
611 4760 835 4815 Biviana
864 4763 1019 4832 prole
1048 4780 1171 4818 cum
1201 4765 1473 4821 Demetria
2194 4765 2531 4834 Sacrumquc
2562 4764 2712 4818 cultu
2748 4761 2976 4817 honoris
3002 4778 3207 4816 ornans
3227 4760 3399 4816 debiti

479 4846 702 4902 Florent
732 4856 1009 4918 parentes,
1034 4851 1177 4905 clara
1210 4853 1352 4908 nacti
1382 4854 1641 4925 pignora:
2114 4887 2173 4956 Β
2205 4853 2369 4909 Locat
2398 4852 2591 4907 beatos
2619 4859 2913 4923 martyrem
2956 4850 3097 4905 inter
3136 4857 3422 4922 martyres.

479 4935 717 5001 Quarum
750 4937 909 4993 hoste
938 4953 1121 4994 coram
1152 4939 1311 4997 ducta
1343 4942 1474 4997 dum
1506 4944 1780 5000 Demetria

1290 5112 1785 5202 lNCIPIT
1870 5114 2266 5201 LIBER
2356 5109 2992 5200 DECIMUS.

1891 5270 2099 5326 CAPUT
2147 5270 2430 5326 PRIMUM.

1559 5371 1639 5431 De
1665 5371 1893 5429 sanctis
1921 5369 2120 5431 Marco
2157 5379 2209 5431 et
2238 5369 2404 5430 Julia
2438 5368 2748 5447 episcOpis.

475 5491 719 5569 Digressi
751 5493 1028 5563 perbella,
1061 5496 1260 5566 pedem
1291 5498 1596 5555 referamus
1618 5500 1674 5554 in
1701 5496 1913 5563 urbem,
2200 5499 2329 5553 Diva
2349 5497 2501 5551 subit
2530 5496 2759 5566 primus,
2783 5495 3005 5571 gemino
3034 5509 3159 5565 qua?
3179 5492 3314 5548 solis
3344 5492 3401 5547 in
3432 5493 3572 5549 orbe

479 5584 659 5640 Visuri
691 5582 787 5654 qui
812 5584 947 5640 sede
969 5586 1112 5642 Petri
1142 5589 1251 5645 sint
1269 5598 1418 5647 sorte
1447 5592 1621 5645 secuti
1770 5628 1779 5637 κ
1969 5654 1984 5669 ⁸
2195 5587 2472 5650 Tractans,
2502 5586 2709 5655 templa
2729 5595 2902 5656 parat,
2925 5584 3199 5655 donisque
3218 5590 3275 5638 et
3303 5582 3547 5638 cultibus
3569 5592 3755 5654 ornat,

480 5679 852 5751 Sylvestrum:
879 5680 1049 5736 officii
1076 5698 1304 5753 quorum
1339 5684 1601 5753 mysteria
1628 5684 1839 5739 Marcus
2201 5683 2361 5741 Busta
2386 5680 2534 5743 colit,
2563 5687 2898 5753 comptoque
2920 5679 3123 5752 gradus
3150 5677 3413 5734 sublimat
3441 5677 3683 5747 honore,
