  <div class='ocr_page' id='page_1' title='image "/cluster/home/n/w/nwhite01/storage/ocr_20150623/134-135/uva.x000829784/970.png"; bbox 0 0 3972 6208; ppageno 0'>
   <div class='ocr_carea' id='block_1_1' title="bbox 98 339 208 395">
    <p class='ocr_par' dir='ltr' id='par_1_1' title="bbox 98 339 208 395">
     <span class='ocr_line' id='line_1_1' title="bbox 98 339 208 395; baseline -0.055 0"><span class='ocrx_word' id='word_1_1' title='bbox 98 339 208 395; x_wconf 75' lang='lat'><strong>769</strong></span> 
     </span>
    </p>
   </div>
   <div class='ocr_carea' id='block_1_2' title="bbox 100 460 1680 538">
    <p class='ocr_par' dir='ltr' id='par_1_2' title="bbox 100 460 1680 538">
     <span class='ocr_line' id='line_1_2' title="bbox 100 460 1680 538; baseline -0.005 -20"><span class='ocrx_word' id='word_1_2' title='bbox 100 466 390 538; x_wconf 84' lang='lat' dir='ltr'><strong>Pingens,</strong></span> <span class='ocrx_word' id='word_1_3' title='bbox 429 464 804 532; x_wconf 89' lang='lat' dir='ltr'><strong>instauratque</strong></span> <span class='ocrx_word' id='word_1_4' title='bbox 839 477 1027 526; x_wconf 83' lang='lat' dir='ltr'><strong>novas,</strong></span> <span class='ocrx_word' id='word_1_5' title='bbox 1063 470 1385 530; x_wconf 79' lang='lat' dir='ltr'><strong>reparatque</strong></span> <span class='ocrx_word' id='word_1_6' title='bbox 1412 460 1680 524; x_wconf 82' lang='lat' dir='ltr'><strong>labantes,</strong></span> 
     </span>
    </p>
   </div>
   <div class='ocr_carea' id='block_1_3' title="bbox 101 555 1587 611">
    <p class='ocr_par' dir='ltr' id='par_1_3' title="bbox 101 555 1587 611">
     <span class='ocr_line' id='line_1_3' title="bbox 101 555 1587 611; baseline -0.004 0"><span class='ocrx_word' id='word_1_7' title='bbox 101 558 217 611; x_wconf 76' lang='lat' dir='ltr'><strong>Nec.</strong></span> <span class='ocrx_word' id='word_1_8' title='bbox 249 559 456 611; x_wconf 89' lang='lat' dir='ltr'><strong>minus</strong></span> <span class='ocrx_word' id='word_1_9' title='bbox 485 557 678 611; x_wconf 71' lang='lat' dir='ltr'><strong>exsilio</strong></span> <span class='ocrx_word' id='word_1_10' title='bbox 702 556 867 609; x_wconf 84' lang='lat' dir='ltr'><strong>trusis</strong></span> <span class='ocrx_word' id='word_1_11' title='bbox 898 556 1025 609; x_wconf 73' lang='lat' dir='ltr'><strong>dare</strong></span> <span class='ocrx_word' id='word_1_12' title='bbox 1057 555 1344 608; x_wconf 87' lang='lat' dir='ltr'><strong>connnoda</strong></span> <span class='ocrx_word' id='word_1_13' title='bbox 1385 555 1587 607; x_wconf 87' lang='lat' dir='ltr'><strong>sanctis</strong></span> 
     </span>
    </p>
   </div>
   <div class='ocr_carea' id='block_1_4' title="bbox 107 647 1397 720">
    <p class='ocr_par' dir='ltr' id='par_1_4' title="bbox 107 647 1397 720">
     <span class='ocr_line' id='line_1_4' title="bbox 107 647 1397 720; baseline -0.005 -16"><span class='ocrx_word' id='word_1_14' title='bbox 107 651 360 717; x_wconf 82' lang='lat' dir='ltr'><strong>Insistit,</strong></span> <span class='ocrx_word' id='word_1_15' title='bbox 400 649 629 704; x_wconf 91' lang='lat' dir='ltr'><strong>redimit</strong></span> <span class='ocrx_word' id='word_1_16' title='bbox 661 649 941 720; x_wconf 88' lang='lat' dir='ltr'><strong>donatque</strong></span> <span class='ocrx_word' id='word_1_17' title='bbox 977 647 1124 701; x_wconf 78' lang='lat' dir='ltr'><strong>exire</strong></span> <span class='ocrx_word' id='word_1_18' title='bbox 1167 647 1397 712; x_wconf 89' lang='lat' dir='ltr'><strong>catenis,</strong></span> 
     </span>
    </p>
   </div>
   <div class='ocr_carea' id='block_1_5' title="bbox 768 332 2858 392">
    <p class='ocr_par' dir='ltr' id='par_1_5' title="bbox 768 332 2858 392">
     <span class='ocr_line' id='line_1_5' title="bbox 768 332 2858 392; baseline 0.001 -4"><span class='ocrx_word' id='word_1_19' title='bbox 768 335 848 388; x_wconf 76' lang='lat' dir='ltr'><strong>DE</strong></span> <span class='ocrx_word' id='word_1_20' title='bbox 891 334 1149 388; x_wconf 77' lang='lat' dir='ltr'><strong>CHRISTI</strong></span> <span class='ocrx_word' id='word_1_21' title='bbox 1193 332 1557 387; x_wconf 63' lang='lat' dir='ltr'><strong>&#39;l‘ltlliMPlllS</strong></span> <span class='ocrx_word' id='word_1_22' title='bbox 1600 333 1770 385; x_wconf 79' lang='grc' dir='ltr'><strong>ΛΡΗ)</strong></span> <span class='ocrx_word' id='word_1_23' title='bbox 1813 332 2076 388; x_wconf 62' lang='grc' dir='ltr'><strong>ΙΤΛΙιΙᾹΜ</strong></span> <span class='ocrx_word' id='word_1_24' title='bbox 2122 336 2292 390; x_wconf 73' lang='lat' dir='ltr'><strong>LIBRI</strong></span> <span class='ocrx_word' id='word_1_25' title='bbox 2339 337 2474 392; x_wconf 64' lang='grc' dir='ltr'><strong>ΧΠ.</strong></span> <span class='ocrx_word' id='word_1_26' title='bbox 2520 369 2585 377; x_wconf 90' lang='grc'><strong><em>-</em></strong></span> <span class='ocrx_word' id='word_1_27' title='bbox 2627 338 2755 392; x_wconf 79' lang='lat' dir='ltr'><strong>l.lll.</strong></span> <span class='ocrx_word' id='word_1_28' title='bbox 2801 337 2858 391; x_wconf 80' lang='grc' dir='ltr'><strong>Χ.</strong></span> 
     </span>
    </p>
   </div>
   <div class='ocr_carea' id='block_1_6' title="bbox 3371 337 3478 393">
    <p class='ocr_par' dir='ltr' id='par_1_6' title="bbox 3371 337 3478 393">
     <span class='ocr_line' id='line_1_6' title="bbox 3371 337 3478 393; baseline -0.009 0"><span class='ocrx_word' id='word_1_29' title='bbox 3371 337 3478 393; x_wconf 81' lang='lat'><strong>770</strong></span> 
     </span>
    </p>
   </div>
   <div class='ocr_carea' id='block_1_7' title="bbox 1780 461 3189 535">
    <p class='ocr_par' dir='ltr' id='par_1_7' title="bbox 1780 461 3189 535">
     <span class='ocr_line' id='line_1_7' title="bbox 1780 461 3189 535; baseline 0.002 -22"><span class='ocrx_word' id='word_1_30' title='bbox 1780 466 1831 530; x_wconf 85' lang='grc' dir='ltr'><strong>Α</strong></span> <span class='ocrx_word' id='word_1_31' title='bbox 1863 461 1917 513; x_wconf 85' lang='lat' dir='ltr'><strong>Et</strong></span> <span class='ocrx_word' id='word_1_32' title='bbox 1948 471 2102 530; x_wconf 87' lang='lat' dir='ltr'><strong>parat</strong></span> <span class='ocrx_word' id='word_1_33' title='bbox 2128 463 2361 516; x_wconf 80' lang='lat' dir='ltr'><strong>addictis</strong></span> <span class='ocrx_word' id='word_1_34' title='bbox 2391 463 2494 516; x_wconf 88' lang='lat' dir='ltr'><strong>sibi</strong></span> <span class='ocrx_word' id='word_1_35' title='bbox 2519 464 2710 517; x_wconf 72' lang='lat' dir='ltr'><strong>eteliea</strong></span> <span class='ocrx_word' id='word_1_36' title='bbox 2741 481 2906 535; x_wconf 84' lang='lat' dir='ltr'><strong>regna</strong></span> <span class='ocrx_word' id='word_1_37' title='bbox 2947 463 3189 527; x_wconf 76' lang='lat' dir='ltr'><strong>talentis,</strong></span> 
     </span>
    </p>
   </div>
   <div class='ocr_carea' id='block_1_8' title="bbox 1859 555 3293 618">
    <p class='ocr_par' dir='ltr' id='par_1_8' title="bbox 1859 555 3293 618">
     <span class='ocr_line' id='line_1_8' title="bbox 1859 555 3293 618; baseline 0.004 -10"><span class='ocrx_word' id='word_1_38' title='bbox 1859 555 2022 618; x_wconf 76' lang='lat' dir='ltr'><strong>Queis</strong></span> <span class='ocrx_word' id='word_1_39' title='bbox 2045 558 2179 611; x_wconf 91' lang='lat' dir='ltr'><strong>nitet</strong></span> <span class='ocrx_word' id='word_1_40' title='bbox 2217 558 2766 613; x_wconf 81' lang='lat' dir='ltr'><strong>admissustranslato</strong></span> <span class='ocrx_word' id='word_1_41' title='bbox 2792 558 3030 613; x_wconf 92' lang='lat' dir='ltr'><strong>culmine</strong></span> <span class='ocrx_word' id='word_1_42' title='bbox 3065 569 3293 614; x_wconf 89' lang='lat' dir='ltr'><strong>mactus.</strong></span> 
     </span>
    </p>
   </div>
   <div class='ocr_carea' id='block_1_9' title="bbox 1633 746 1979 804">
    <p class='ocr_par' dir='ltr' id='par_1_9' title="bbox 1633 746 1979 804">
     <span class='ocr_line' id='line_1_9' title="bbox 1633 746 1979 804; baseline 0.012 -5"><span class='ocrx_word' id='word_1_43' title='bbox 1633 746 1839 800; x_wconf 68' lang='lat' dir='ltr'><strong>CAPUT</strong></span> <span class='ocrx_word' id='word_1_44' title='bbox 1894 747 1979 804; x_wconf 82' lang='grc' dir='ltr'><strong>ΙΧ.</strong></span> 
     </span>
    </p>
   </div>
   <div class='ocr_carea' id='block_1_10' title="bbox 785 880 2816 964">
    <p class='ocr_par' dir='ltr' id='par_1_10' title="bbox 785 880 2816 964">
     <span class='ocr_line' id='line_1_10' title="bbox 785 880 2816 964; baseline 0.002 -24"><span class='ocrx_word' id='word_1_45' title='bbox 785 883 859 940; x_wconf 84' lang='lat' dir='ltr'><strong>Dc</strong></span> <span class='ocrx_word' id='word_1_46' title='bbox 887 883 1110 941; x_wconf 56' lang='lat' dir='ltr'><strong>nanctis</strong></span> <span class='ocrx_word' id='word_1_47' title='bbox 1137 880 1448 939; x_wconf 74' lang='lat' dir='ltr'><strong>Ilormt&#39;sdu</strong></span> <span class='ocrx_word' id='word_1_48' title='bbox 1479 898 1657 956; x_wconf 68' lang='lat' dir='ltr'><strong>papa,</strong></span> <span class='ocrx_word' id='word_1_49' title='bbox 1687 881 1980 942; x_wconf 81' lang='lat' dir='ltr'><strong>Germano</strong></span> <span class='ocrx_word' id='word_1_50' title='bbox 2011 892 2188 960; x_wconf 73' lang='lat' dir='ltr'><strong>atque</strong></span> <span class='ocrx_word' id='word_1_51' title='bbox 2215 885 2477 961; x_wconf 72' lang='lat' dir='ltr'><strong>Remigio</strong></span> <span class='ocrx_word' id='word_1_52' title='bbox 2506 888 2816 964; x_wconf 71' lang='grc' dir='ltr'><strong>ερίδσομίε.</strong></span> 
     </span>
    </p>
   </div>
   <div class='ocr_carea' id='block_1_11' title="bbox 102 1017 1518 1088">
    <p class='ocr_par' dir='ltr' id='par_1_11' title="bbox 102 1017 1518 1088">
     <span class='ocr_line' id='line_1_11' title="bbox 102 1017 1518 1088; baseline -0.004 -14"><span class='ocrx_word' id='word_1_53' title='bbox 102 1021 243 1074; x_wconf 92' lang='lat' dir='ltr'><strong>llinc</strong></span> <span class='ocrx_word' id='word_1_54' title='bbox 279 1020 580 1074; x_wconf 87' lang='lat' dir='ltr'><strong>llormisda</strong></span> <span class='ocrx_word' id='word_1_55' title='bbox 603 1019 976 1080; x_wconf 74' lang='lat' dir='ltr'><strong>colitclerum,</strong></span> <span class='ocrx_word' id='word_1_56' title='bbox 1011 1017 1300 1088; x_wconf 83' lang='lat' dir='ltr'><strong>psallentia</strong></span> <span class='ocrx_word' id='word_1_57' title='bbox 1333 1017 1518 1081; x_wconf 91' lang='lat' dir='ltr'><strong>tradit,</strong></span> 
     </span>
    </p>
   </div>
   <div class='ocr_carea' id='block_1_12' title="bbox 100 1106 1470 1181">
    <p class='ocr_par' dir='ltr' id='par_1_12' title="bbox 100 1106 1470 1181">
     <span class='ocr_line' id='line_1_12' title="bbox 100 1106 1470 1181; baseline -0.004 -17"><span class='ocrx_word' id='word_1_58' title='bbox 100 1111 532 1181; x_wconf 77' lang='lat' dir='ltr'><strong>Templalevatt,</strong></span> <span class='ocrx_word' id='word_1_59' title='bbox 566 1110 688 1163; x_wconf 89' lang='lat' dir='ltr'><strong>lites</strong></span> <span class='ocrx_word' id='word_1_60' title='bbox 717 1124 1050 1178; x_wconf 85' lang='lat' dir='ltr'><strong>componere</strong></span> <span class='ocrx_word' id='word_1_61' title='bbox 1074 1124 1207 1177; x_wconf 91' lang='lat' dir='ltr'><strong>pace</strong></span> <span class='ocrx_word' id='word_1_62' title='bbox 1241 1106 1470 1170; x_wconf 81' lang='lat' dir='ltr'><strong>laborat,</strong></span> 
     </span>
    </p>
   </div>
   <div class='ocr_carea' id='block_1_13' title="bbox 105 1197 1409 1262">
    <p class='ocr_par' dir='ltr' id='par_1_13' title="bbox 105 1197 1409 1262">
     <span class='ocr_line' id='line_1_13' title="bbox 105 1197 1409 1262; baseline -0.004 -9"><span class='ocrx_word' id='word_1_63' title='bbox 105 1201 414 1255; x_wconf 87' lang='lat' dir='ltr'><strong>Graiorum</strong></span> <span class='ocrx_word' id='word_1_64' title='bbox 452 1199 691 1254; x_wconf 89' lang='lat' dir='ltr'><strong>tumidos</strong></span> <span class='ocrx_word' id='word_1_65' title='bbox 715 1198 876 1250; x_wconf 83' lang='lat' dir='ltr'><strong>instat</strong></span> <span class='ocrx_word' id='word_1_66' title='bbox 901 1197 1093 1250; x_wconf 89' lang='lat' dir='ltr'><strong>sedare</strong></span> <span class='ocrx_word' id='word_1_67' title='bbox 1119 1198 1409 1262; x_wconf 77' lang='lat' dir='ltr'><strong>tumultus,</strong></span> 
     </span>
    </p>
   </div>
   <div class='ocr_carea' id='block_1_14' title="bbox 105 1288 1420 1362">
    <p class='ocr_par' dir='ltr' id='par_1_14' title="bbox 105 1288 1420 1362">
     <span class='ocr_line' id='line_1_14' title="bbox 105 1288 1420 1362; baseline -0.005 -16"><span class='ocrx_word' id='word_1_68' title='bbox 105 1294 239 1358; x_wconf 69' lang='lat' dir='ltr'><strong>Nec,</strong></span> <span class='ocrx_word' id='word_1_69' title='bbox 275 1293 422 1362; x_wconf 93' lang='lat' dir='ltr'><strong>quia</strong></span> <span class='ocrx_word' id='word_1_70' title='bbox 464 1290 741 1362; x_wconf 79' lang='lat' dir='ltr'><strong>praecelsis</strong></span> <span class='ocrx_word' id='word_1_71' title='bbox 771 1299 988 1342; x_wconf 89' lang='lat' dir='ltr'><strong>arcetur</strong></span> <span class='ocrx_word' id='word_1_72' title='bbox 1021 1288 1280 1354; x_wconf 89' lang='lat' dir='ltr'><strong>lascibns,</strong></span> <span class='ocrx_word' id='word_1_73' title='bbox 1309 1288 1420 1341; x_wconf 92' lang='lat' dir='ltr'><strong>alto</strong></span> 
     </span>
    </p>
   </div>
   <div class='ocr_carea' id='block_1_15' title="bbox 105 1377 1400 1450">
    <p class='ocr_par' dir='ltr' id='par_1_15' title="bbox 105 1377 1400 1450">
     <span class='ocr_line' id='line_1_15' title="bbox 105 1377 1400 1450; baseline -0.003 -16"><span class='ocrx_word' id='word_1_74' title='bbox 105 1381 348 1434; x_wconf 78' lang='lat' dir='ltr'><strong>Absistit</strong></span> <span class='ocrx_word' id='word_1_75' title='bbox 375 1389 598 1450; x_wconf 66' lang='lat' dir='ltr'><strong>erepto;</strong></span> <span class='ocrx_word' id='word_1_76' title='bbox 629 1379 871 1432; x_wconf 86' lang='lat' dir='ltr'><strong>monitus</strong></span> <span class='ocrx_word' id='word_1_77' title='bbox 903 1378 1099 1431; x_wconf 90' lang='lat' dir='ltr'><strong>iterare</strong></span> <span class='ocrx_word' id='word_1_78' title='bbox 1128 1377 1400 1448; x_wconf 81' lang='lat' dir='ltr'><strong>benignos</strong></span> 
     </span>
    </p>
   </div>
   <div class='ocr_carea' id='block_1_16' title="bbox 109 1469 1643 1539">
    <p class='ocr_par' dir='ltr' id='par_1_16' title="bbox 109 1469 1643 1539">
     <span class='ocr_line' id='line_1_16' title="bbox 109 1469 1643 1539; baseline -0.003 -17"><span class='ocrx_word' id='word_1_79' title='bbox 109 1471 268 1524; x_wconf 86' lang='lat' dir='ltr'><strong>llaud</strong></span> <span class='ocrx_word' id='word_1_80' title='bbox 307 1471 519 1532; x_wconf 79' lang='lat' dir='ltr'><strong>tardat,</strong></span> <span class='ocrx_word' id='word_1_81' title='bbox 554 1469 681 1522; x_wconf 89' lang='lat' dir='ltr'><strong>licet</strong></span> <span class='ocrx_word' id='word_1_82' title='bbox 712 1470 953 1539; x_wconf 79' lang='lat' dir='ltr'><strong>Augusto</strong></span> <span class='ocrx_word' id='word_1_83' title='bbox 987 1477 1273 1531; x_wconf 90' lang='lat' dir='ltr'><strong>renuente,</strong></span> <span class='ocrx_word' id='word_1_84' title='bbox 1308 1473 1643 1536; x_wconf 84' lang='lat' dir='ltr'><strong>sequestres.</strong></span> 
     </span>
    </p>
   </div>
   <div class='ocr_carea' id='block_1_17' title="bbox 109 1558 1596 1624">
    <p class='ocr_par' dir='ltr' id='par_1_17' title="bbox 109 1558 1596 1624">
     <span class='ocr_line' id='line_1_17' title="bbox 109 1558 1596 1624; baseline -0.003 -12"><span class='ocrx_word' id='word_1_85' title='bbox 109 1560 231 1622; x_wconf 74' lang='lat' dir='ltr'><strong>Qui,</strong></span> <span class='ocrx_word' id='word_1_86' title='bbox 259 1559 436 1613; x_wconf 88' lang='lat' dir='ltr'><strong>donis</strong></span> <span class='ocrx_word' id='word_1_87' title='bbox 461 1566 699 1619; x_wconf 84' lang='lat' dir='ltr'><strong>tentatus,</strong></span> <span class='ocrx_word' id='word_1_88' title='bbox 736 1574 837 1611; x_wconf 92' lang='lat' dir='ltr'><strong>nec</strong></span> <span class='ocrx_word' id='word_1_89' title='bbox 869 1558 917 1611; x_wconf 84' lang='lat' dir='ltr'><strong>vi</strong></span> <span class='ocrx_word' id='word_1_90' title='bbox 955 1573 1054 1608; x_wconf 89' lang='lat' dir='ltr'><strong>nec</strong></span> <span class='ocrx_word' id='word_1_91' title='bbox 1088 1572 1318 1608; x_wconf 90' lang='lat' dir='ltr'><strong>munere</strong></span> <span class='ocrx_word' id='word_1_92' title='bbox 1354 1565 1596 1624; x_wconf 79' lang='lat' dir='ltr'><strong>praestat.</strong></span> 
     </span>
    </p>
   </div>
   <div class='ocr_carea' id='block_1_18' title="bbox 113 1647 1440 1723">
    <p class='ocr_par' dir='ltr' id='par_1_18' title="bbox 113 1647 1440 1723">
     <span class='ocr_line' id='line_1_18' title="bbox 113 1647 1440 1723; baseline -0.004 -19"><span class='ocrx_word' id='word_1_93' title='bbox 113 1652 356 1722; x_wconf 80' lang='lat' dir='ltr'><strong>Insuper</strong></span> <span class='ocrx_word' id='word_1_94' title='bbox 390 1651 621 1723; x_wconf 87' lang='lat' dir='ltr'><strong>indigne</strong></span> <span class='ocrx_word' id='word_1_95' title='bbox 654 1651 824 1720; x_wconf 92' lang='lat' dir='ltr'><strong>pulsis</strong></span> <span class='ocrx_word' id='word_1_96' title='bbox 857 1657 1019 1719; x_wconf 78' lang='lat' dir='ltr'><strong>negat</strong></span> <span class='ocrx_word' id='word_1_97' title='bbox 1053 1649 1283 1717; x_wconf 77' lang='lat' dir='ltr'><strong>hospitis</strong></span> <span class='ocrx_word' id='word_1_98' title='bbox 1307 1647 1440 1710; x_wconf 86' lang='lat' dir='ltr'><strong>alas,</strong></span> 
     </span>
    </p>
   </div>
   <div class='ocr_carea' id='block_1_19' title="bbox 115 1737 1571 1810">
    <p class='ocr_par' dir='ltr' id='par_1_19' title="bbox 115 1737 1571 1810">
     <span class='ocr_line' id='line_1_19' title="bbox 115 1737 1571 1810; baseline -0.001 -17"><span class='ocrx_word' id='word_1_99' title='bbox 115 1744 296 1810; x_wconf 78' lang='lat' dir='ltr'><strong>Atque</strong></span> <span class='ocrx_word' id='word_1_100' title='bbox 328 1740 580 1810; x_wconf 89' lang='lat' dir='ltr'><strong>superba</strong></span> <span class='ocrx_word' id='word_1_101' title='bbox 623 1738 810 1804; x_wconf 83' lang='lat' dir='ltr'><strong>refert,</strong></span> <span class='ocrx_word' id='word_1_102' title='bbox 845 1749 1164 1808; x_wconf 76' lang='lat' dir='ltr'><strong>sacrataque.</strong></span> <span class='ocrx_word' id='word_1_103' title='bbox 1187 1737 1310 1804; x_wconf 89' lang='lat' dir='ltr'><strong>jura</strong></span> <span class='ocrx_word' id='word_1_104' title='bbox 1337 1738 1571 1806; x_wconf 77' lang='lat' dir='ltr'><strong>repellit.</strong></span> 
     </span>
    </p>
   </div>
   <div class='ocr_carea' id='block_1_20' title="bbox 115 1828 1539 1901">
    <p class='ocr_par' dir='ltr' id='par_1_20' title="bbox 115 1828 1539 1901">
     <span class='ocr_line' id='line_1_20' title="bbox 115 1828 1539 1901; baseline -0.002 -16"><span class='ocrx_word' id='word_1_105' title='bbox 115 1834 225 1886; x_wconf 79' lang='lat' dir='ltr'><strong>Nec</strong></span> <span class='ocrx_word' id='word_1_106' title='bbox 269 1848 432 1886; x_wconf 90' lang='lat' dir='ltr'><strong>mora</strong></span> <span class='ocrx_word' id='word_1_107' title='bbox 466 1830 766 1900; x_wconf 86' lang='lat' dir='ltr'><strong>contempti</strong></span> <span class='ocrx_word' id='word_1_108' title='bbox 802 1828 1337 1901; x_wconf 88' lang='lat' dir='ltr'><strong>persentitnuminis</strong></span> <span class='ocrx_word' id='word_1_109' title='bbox 1369 1828 1539 1882; x_wconf 91' lang='lat' dir='ltr'><strong>iram:</strong></span> 
     </span>
    </p>
   </div>
   <div class='ocr_carea' id='block_1_21' title="bbox 118 1917 1452 1982">
    <p class='ocr_par' dir='ltr' id='par_1_21' title="bbox 118 1917 1452 1982">
     <span class='ocr_line' id='line_1_21' title="bbox 118 1917 1452 1982; baseline -0.002 -9"><span class='ocrx_word' id='word_1_110' title='bbox 118 1922 264 1975; x_wconf 88' lang='lat' dir='ltr'><strong>lctus</strong></span> <span class='ocrx_word' id='word_1_111' title='bbox 297 1927 356 1974; x_wconf 91' lang='lat' dir='ltr'><strong>et</strong></span> <span class='ocrx_word' id='word_1_112' title='bbox 389 1921 638 1973; x_wconf 79' lang='lat' dir='ltr'><strong>aethereo</strong></span> <span class='ocrx_word' id='word_1_113' title='bbox 670 1918 990 1971; x_wconf 89' lang='lat' dir='ltr'><strong>submersus</strong></span> <span class='ocrx_word' id='word_1_114' title='bbox 1023 1917 1075 1970; x_wconf 92' lang='lat' dir='ltr'><strong>in</strong></span> <span class='ocrx_word' id='word_1_115' title='bbox 1105 1917 1296 1971; x_wconf 92' lang='lat' dir='ltr'><strong>ultima</strong></span> <span class='ocrx_word' id='word_1_116' title='bbox 1326 1917 1452 1982; x_wconf 91' lang='lat' dir='ltr'><strong>telo,</strong></span> 
     </span>
    </p>
   </div>
   <div class='ocr_carea' id='block_1_22' title="bbox 115 2009 1537 2086">
    <p class='ocr_par' dir='ltr' id='par_1_22' title="bbox 115 2009 1537 2086">
     <span class='ocr_line' id='line_1_22' title="bbox 115 2009 1537 2086; baseline -0.002 -21"><span class='ocrx_word' id='word_1_117' title='bbox 115 2014 358 2086; x_wconf 83' lang='lat' dir='ltr'><strong>Dignum</strong></span> <span class='ocrx_word' id='word_1_118' title='bbox 387 2023 611 2083; x_wconf 84' lang='lat' dir='ltr'><strong>sceptra</strong></span> <span class='ocrx_word' id='word_1_119' title='bbox 633 2011 801 2065; x_wconf 89' lang='lat' dir='ltr'><strong>sacris</strong></span> <span class='ocrx_word' id='word_1_120' title='bbox 832 2011 1078 2064; x_wconf 88' lang='lat' dir='ltr'><strong>submitti</strong></span> <span class='ocrx_word' id='word_1_121' title='bbox 1102 2009 1292 2063; x_wconf 81' lang='lat' dir='ltr'><strong>funere</strong></span> <span class='ocrx_word' id='word_1_122' title='bbox 1327 2010 1537 2080; x_wconf 85' lang='lat' dir='ltr'><strong>pandit,</strong></span> 
     </span>
    </p>
   </div>
   <div class='ocr_carea' id='block_1_23' title="bbox 118 2104 1364 2175">
    <p class='ocr_par' dir='ltr' id='par_1_23' title="bbox 118 2104 1364 2175">
     <span class='ocr_line' id='line_1_23' title="bbox 118 2104 1364 2175; baseline -0.002 -15"><span class='ocrx_word' id='word_1_123' title='bbox 118 2108 283 2162; x_wconf 80' lang='lat' dir='ltr'><strong>Plexo</strong></span> <span class='ocrx_word' id='word_1_124' title='bbox 307 2108 504 2175; x_wconf 88' lang='lat' dir='ltr'><strong>justus</strong></span> <span class='ocrx_word' id='word_1_125' title='bbox 528 2123 590 2160; x_wconf 91' lang='lat' dir='ltr'><strong>ac</strong></span> <span class='ocrx_word' id='word_1_126' title='bbox 623 2106 825 2174; x_wconf 87' lang='lat' dir='ltr'><strong>injusto</strong></span> <span class='ocrx_word' id='word_1_127' title='bbox 856 2104 1102 2158; x_wconf 73' lang='lat' dir='ltr'><strong>Justinus</strong></span> <span class='ocrx_word' id='word_1_128' title='bbox 1130 2104 1364 2174; x_wconf 90' lang='lat' dir='ltr'><strong>adeptus</strong></span> 
     </span>
    </p>
   </div>
   <div class='ocr_carea' id='block_1_24' title="bbox 116 2193 1434 2266">
    <p class='ocr_par' dir='ltr' id='par_1_24' title="bbox 116 2193 1434 2266">
     <span class='ocr_line' id='line_1_24' title="bbox 116 2193 1434 2266; baseline -0.002 -19"><span class='ocrx_word' id='word_1_129' title='bbox 116 2196 452 2266; x_wconf 87' lang='lat' dir='ltr'><strong>Imperium,</strong></span> <span class='ocrx_word' id='word_1_130' title='bbox 483 2194 625 2249; x_wconf 86' lang='lat' dir='ltr'><strong>Petri</strong></span> <span class='ocrx_word' id='word_1_131' title='bbox 658 2195 812 2266; x_wconf 86' lang='lat' dir='ltr'><strong>pacis</strong></span> <span class='ocrx_word' id='word_1_132' title='bbox 839 2194 976 2264; x_wconf 89' lang='lat' dir='ltr'><strong>petit</strong></span> <span class='ocrx_word' id='word_1_133' title='bbox 1007 2193 1190 2246; x_wconf 92' lang='lat' dir='ltr'><strong>omine</strong></span> <span class='ocrx_word' id='word_1_134' title='bbox 1225 2194 1434 2254; x_wconf 81' lang='lat' dir='ltr'><strong>sedem,</strong></span> 
     </span>
    </p>
   </div>
   <div class='ocr_carea' id='block_1_25' title="bbox 119 2285 1514 2362">
    <p class='ocr_par' dir='ltr' id='par_1_25' title="bbox 119 2285 1514 2362">
     <span class='ocr_line' id='line_1_25' title="bbox 119 2285 1514 2362; baseline -0.005 -20"><span class='ocrx_word' id='word_1_135' title='bbox 119 2289 350 2342; x_wconf 65' lang='lat' dir='ltr'><strong>Far-dera</strong></span> <span class='ocrx_word' id='word_1_136' title='bbox 373 2289 550 2362; x_wconf 87' lang='lat' dir='ltr'><strong>digna</strong></span> <span class='ocrx_word' id='word_1_137' title='bbox 580 2288 675 2341; x_wconf 89' lang='lat' dir='ltr'><strong>diu</strong></span> <span class='ocrx_word' id='word_1_138' title='bbox 706 2287 928 2342; x_wconf 76' lang='lat' dir='ltr'><strong>monitis</strong></span> <span class='ocrx_word' id='word_1_139' title='bbox 960 2296 1194 2358; x_wconf 92' lang='lat' dir='ltr'><strong>actuque</strong></span> <span class='ocrx_word' id='word_1_140' title='bbox 1229 2285 1514 2338; x_wconf 87' lang='lat' dir='ltr'><strong>ferentem.</strong></span> 
     </span>
    </p>
   </div>
   <div class='ocr_carea' id='block_1_26' title="bbox 117 2378 1465 2452">
    <p class='ocr_par' dir='ltr' id='par_1_26' title="bbox 117 2378 1465 2452">
     <span class='ocr_line' id='line_1_26' title="bbox 117 2378 1465 2452; baseline -0.002 -21"><span class='ocrx_word' id='word_1_141' title='bbox 117 2381 249 2435; x_wconf 90' lang='lat' dir='ltr'><strong>Vota</strong></span> <span class='ocrx_word' id='word_1_142' title='bbox 280 2381 435 2434; x_wconf 85' lang='lat' dir='ltr'><strong>Patri</strong></span> <span class='ocrx_word' id='word_1_143' title='bbox 479 2381 756 2434; x_wconf 86' lang='lat' dir='ltr'><strong>arrident:</strong></span> <span class='ocrx_word' id='word_1_144' title='bbox 796 2381 1047 2452; x_wconf 86' lang='lat' dir='ltr'><strong>lcgantur</strong></span> <span class='ocrx_word' id='word_1_145' title='bbox 1078 2378 1244 2445; x_wconf 79' lang='lat' dir='ltr'><strong>figere</strong></span> <span class='ocrx_word' id='word_1_146' title='bbox 1278 2394 1465 2448; x_wconf 88' lang='lat' dir='ltr'><strong>pacem</strong></span> 
     </span>
    </p>
   </div>
   <div class='ocr_carea' id='block_1_27' title="bbox 119 2469 1216 2542">
    <p class='ocr_par' dir='ltr' id='par_1_27' title="bbox 119 2469 1216 2542">
     <span class='ocr_line' id='line_1_27' title="bbox 119 2469 1216 2542; baseline -0.003 -18"><span class='ocrx_word' id='word_1_147' title='bbox 119 2472 329 2526; x_wconf 90' lang='lat' dir='ltr'><strong>Sinceri</strong></span> <span class='ocrx_word' id='word_1_148' title='bbox 369 2472 582 2542; x_wconf 76' lang='lat' dir='ltr'><strong>fidique</strong></span> <span class='ocrx_word' id='word_1_149' title='bbox 610 2471 711 2525; x_wconf 87' lang='lat' dir='ltr'><strong>viri</strong></span> <span class='ocrx_word' id='word_1_150' title='bbox 738 2471 936 2524; x_wconf 84' lang='lat' dir='ltr'><strong>virtute</strong></span> <span class='ocrx_word' id='word_1_151' title='bbox 966 2469 1216 2540; x_wconf 84' lang='lat' dir='ltr'><strong>probati;</strong></span> 
     </span>
    </p>
   </div>
   <div class='ocr_carea' id='block_1_28' title="bbox 119 2559 1535 2632">
    <p class='ocr_par' dir='ltr' id='par_1_28' title="bbox 119 2559 1535 2632">
     <span class='ocr_line' id='line_1_28' title="bbox 119 2559 1535 2632; baseline -0.001 -20"><span class='ocrx_word' id='word_1_152' title='bbox 119 2559 300 2630; x_wconf 85' lang='lat' dir='ltr'><strong>Capua</strong></span> <span class='ocrx_word' id='word_1_153' title='bbox 334 2562 674 2614; x_wconf 78' lang='lat' dir='ltr'><strong>Germanum</strong></span> <span class='ocrx_word' id='word_1_154' title='bbox 709 2569 858 2614; x_wconf 89' lang='lat' dir='ltr'><strong>tanto</strong></span> <span class='ocrx_word' id='word_1_155' title='bbox 899 2560 992 2613; x_wconf 89' lang='lat' dir='ltr'><strong>dat</strong></span> <span class='ocrx_word' id='word_1_156' title='bbox 1022 2575 1249 2612; x_wconf 84' lang='lat' dir='ltr'><strong>munere</strong></span> <span class='ocrx_word' id='word_1_157' title='bbox 1286 2559 1535 2632; x_wconf 89' lang='lat' dir='ltr'><strong>diguum.</strong></span> 
     </span>
    </p>
   </div>
   <div class='ocr_carea' id='block_1_29' title="bbox 123 2652 1290 2727">
    <p class='ocr_par' dir='ltr' id='par_1_29' title="bbox 123 2652 1290 2727">
     <span class='ocr_line' id='line_1_29' title="bbox 123 2652 1290 2727; baseline -0.001 -22"><span class='ocrx_word' id='word_1_158' title='bbox 123 2652 339 2725; x_wconf 76' lang='lat' dir='ltr'><strong>Legatis</strong></span> <span class='ocrx_word' id='word_1_159' title='bbox 372 2653 524 2706; x_wconf 83' lang='lat' dir='ltr'><strong>Petri</strong></span> <span class='ocrx_word' id='word_1_160' title='bbox 552 2654 628 2706; x_wconf 91' lang='lat' dir='ltr'><strong>sic</strong></span> <span class='ocrx_word' id='word_1_161' title='bbox 661 2653 834 2727; x_wconf 89' lang='lat' dir='ltr'><strong>gratia</strong></span> <span class='ocrx_word' id='word_1_162' title='bbox 861 2653 1007 2705; x_wconf 89' lang='lat' dir='ltr'><strong>celsa</strong></span> <span class='ocrx_word' id='word_1_163' title='bbox 1035 2652 1290 2723; x_wconf 85' lang='lat' dir='ltr'><strong>refulget,</strong></span> 
     </span>
    </p>
   </div>
   <div class='ocr_carea' id='block_1_30' title="bbox 120 2745 1576 2819">
    <p class='ocr_par' dir='ltr' id='par_1_30' title="bbox 120 2745 1576 2819">
     <span class='ocr_line' id='line_1_30' title="bbox 120 2745 1576 2819; baseline 0.001 -22"><span class='ocrx_word' id='word_1_164' title='bbox 120 2746 402 2819; x_wconf 80' lang='lat' dir='ltr'><strong>Augustus</strong></span> <span class='ocrx_word' id='word_1_165' title='bbox 429 2763 556 2801; x_wconf 87' lang='lat' dir='ltr'><strong>cum</strong></span> <span class='ocrx_word' id='word_1_166' title='bbox 601 2745 970 2816; x_wconf 78' lang='lat' dir='ltr'><strong>principibus,</strong></span> <span class='ocrx_word' id='word_1_167' title='bbox 1003 2753 1304 2814; x_wconf 88' lang='lat' dir='ltr'><strong>sanctaque</strong></span> <span class='ocrx_word' id='word_1_168' title='bbox 1338 2751 1576 2798; x_wconf 90' lang='lat' dir='ltr'><strong>caterva.</strong></span> 
     </span>
    </p>
   </div>
   <div class='ocr_carea' id='block_1_31' title="bbox 124 2832 1510 2906">
    <p class='ocr_par' dir='ltr' id='par_1_31' title="bbox 124 2832 1510 2906">
     <span class='ocr_line' id='line_1_31' title="bbox 124 2832 1510 2906; baseline -0.003 -20"><span class='ocrx_word' id='word_1_169' title='bbox 124 2833 186 2887; x_wconf 69' lang='lat' dir='ltr'><strong>L&#39;t</strong></span> <span class='ocrx_word' id='word_1_170' title='bbox 214 2834 411 2904; x_wconf 90' lang='lat' dir='ltr'><strong>procul</strong></span> <span class='ocrx_word' id='word_1_171' title='bbox 440 2850 744 2888; x_wconf 89' lang='lat' dir='ltr'><strong>occurrens</strong></span> <span class='ocrx_word' id='word_1_172' title='bbox 781 2833 950 2906; x_wconf 90' lang='lat' dir='ltr'><strong>regali</strong></span> <span class='ocrx_word' id='word_1_173' title='bbox 989 2849 1247 2905; x_wconf 88' lang='lat' dir='ltr'><strong>egressus</strong></span> <span class='ocrx_word' id='word_1_174' title='bbox 1277 2832 1345 2885; x_wconf 91' lang='lat' dir='ltr'><strong>ab</strong></span> <span class='ocrx_word' id='word_1_175' title='bbox 1376 2832 1510 2885; x_wconf 91' lang='lat' dir='ltr'><strong>urbe</strong></span> 
     </span>
    </p>
   </div>
   <div class='ocr_carea' id='block_1_32' title="bbox 126 2927 1542 3000">
    <p class='ocr_par' dir='ltr' id='par_1_32' title="bbox 126 2927 1542 3000">
     <span class='ocr_line' id='line_1_32' title="bbox 126 2927 1542 3000; baseline -0.003 -19"><span class='ocrx_word' id='word_1_176' title='bbox 126 2927 369 2999; x_wconf 81' lang='lat' dir='ltr'><strong>Excipial</strong></span> <span class='ocrx_word' id='word_1_177' title='bbox 391 2930 595 3000; x_wconf 89' lang='lat' dir='ltr'><strong>capitis</strong></span> <span class='ocrx_word' id='word_1_178' title='bbox 625 2929 854 2999; x_wconf 80' lang='lat' dir='ltr'><strong>supplex</strong></span> <span class='ocrx_word' id='word_1_179' title='bbox 882 2929 970 2999; x_wconf 89' lang='lat' dir='ltr'><strong>pia</strong></span> <span class='ocrx_word' id='word_1_180' title='bbox 1003 2928 1248 2982; x_wconf 91' lang='lat' dir='ltr'><strong>membra</strong></span> <span class='ocrx_word' id='word_1_181' title='bbox 1279 2927 1542 2998; x_wconf 88' lang='lat' dir='ltr'><strong>supremi.</strong></span> 
     </span>
    </p>
   </div>
   <div class='ocr_carea' id='block_1_33' title="bbox 123 3020 1470 3095">
    <p class='ocr_par' dir='ltr' id='par_1_33' title="bbox 123 3020 1470 3095">
     <span class='ocr_line' id='line_1_33' title="bbox 123 3020 1470 3095; baseline -0.001 -23"><span class='ocrx_word' id='word_1_182' title='bbox 123 3020 416 3076; x_wconf 86' lang='lat' dir='ltr'><strong>Terrentur</strong></span> <span class='ocrx_word' id='word_1_183' title='bbox 447 3022 689 3092; x_wconf 87' lang='lat' dir='ltr'><strong>reprobi,</strong></span> <span class='ocrx_word' id='word_1_184' title='bbox 716 3022 957 3095; x_wconf 86' lang='lat' dir='ltr'><strong>gaudeut</strong></span> <span class='ocrx_word' id='word_1_185' title='bbox 985 3021 1189 3092; x_wconf 90' lang='lat' dir='ltr'><strong>pietate</strong></span> <span class='ocrx_word' id='word_1_186' title='bbox 1222 3020 1470 3094; x_wconf 87' lang='lat' dir='ltr'><strong>benigni,</strong></span> 
     </span>
    </p>
   </div>
   <div class='ocr_carea' id='block_1_34' title="bbox 129 3116 1340 3193">
    <p class='ocr_par' dir='ltr' id='par_1_34' title="bbox 129 3116 1340 3193">
     <span class='ocr_line' id='line_1_34' title="bbox 129 3116 1340 3193; baseline 0.001 -24"><span class='ocrx_word' id='word_1_187' title='bbox 129 3116 383 3174; x_wconf 75' lang='lat' dir='ltr'><strong>Ecclesiae</strong></span> <span class='ocrx_word' id='word_1_188' title='bbox 415 3119 544 3174; x_wconf 86' lang='lat' dir='ltr'><strong>coeli</strong></span> <span class='ocrx_word' id='word_1_189' title='bbox 567 3119 882 3193; x_wconf 81' lang='lat' dir='ltr'><strong>junguntur</strong></span> <span class='ocrx_word' id='word_1_190' title='bbox 911 3116 1152 3172; x_wconf 89' lang='lat' dir='ltr'><strong>culmina</strong></span> <span class='ocrx_word' id='word_1_191' title='bbox 1183 3132 1340 3186; x_wconf 85' lang='lat' dir='ltr'><strong>pace,</strong></span> 
     </span>
    </p>
   </div>
   <div class='ocr_carea' id='block_1_35' title="bbox 1861 1018 3171 1090">
    <p class='ocr_par' dir='ltr' id='par_1_35' title="bbox 1861 1018 3171 1090">
     <span class='ocr_line' id='line_1_35' title="bbox 1861 1018 3171 1090; baseline 0.002 -20"><span class='ocrx_word' id='word_1_192' title='bbox 1861 1018 2302 1090; x_wconf 70' lang='lat' dir='ltr'><strong>Da‘nnnaniturque</strong></span> <span class='ocrx_word' id='word_1_193' title='bbox 2335 1021 2435 1084; x_wconf 89' lang='lat' dir='ltr'><strong>rei,</strong></span> <span class='ocrx_word' id='word_1_194' title='bbox 2469 1020 2607 1073; x_wconf 88' lang='lat' dir='ltr'><strong>lucis</strong></span> <span class='ocrx_word' id='word_1_195' title='bbox 2637 1020 2892 1088; x_wconf 88' lang='lat' dir='ltr'><strong>pacisque</strong></span> <span class='ocrx_word' id='word_1_196' title='bbox 2916 1018 3171 1073; x_wconf 84' lang='lat' dir='ltr'><strong>rebelles.</strong></span> 
     </span>
    </p>
   </div>
   <div class='ocr_carea' id='block_1_36' title="bbox 1858 1106 3202 1177">
    <p class='ocr_par' dir='ltr' id='par_1_36' title="bbox 1858 1106 3202 1177">
     <span class='ocr_line' id='line_1_36' title="bbox 1858 1106 3202 1177; baseline 0.001 -19"><span class='ocrx_word' id='word_1_197' title='bbox 1858 1106 2100 1161; x_wconf 89' lang='lat' dir='ltr'><strong>Vincitur</strong></span> <span class='ocrx_word' id='word_1_198' title='bbox 2127 1108 2399 1177; x_wconf 88' lang='lat' dir='ltr'><strong>impietas,</strong></span> <span class='ocrx_word' id='word_1_199' title='bbox 2434 1108 2634 1161; x_wconf 87' lang='lat' dir='ltr'><strong>lethale</strong></span> <span class='ocrx_word' id='word_1_200' title='bbox 2666 1106 3008 1160; x_wconf 85' lang='lat' dir='ltr'><strong>abscinditur</strong></span> <span class='ocrx_word' id='word_1_201' title='bbox 3028 1107 3202 1160; x_wconf 92' lang='lat' dir='ltr'><strong>ulcus.</strong></span> 
     </span>
    </p>
   </div>
   <div class='ocr_carea' id='block_1_37' title="bbox 1861 1197 3294 1268">
    <p class='ocr_par' dir='ltr' id='par_1_37' title="bbox 1861 1197 3294 1268">
     <span class='ocr_line' id='line_1_37' title="bbox 1861 1197 3294 1268; baseline 0.001 -18"><span class='ocrx_word' id='word_1_202' title='bbox 1861 1197 1939 1260; x_wconf 90' lang='lat' dir='ltr'><strong>Et,</strong></span> <span class='ocrx_word' id='word_1_203' title='bbox 1972 1199 2126 1251; x_wconf 89' lang='lat' dir='ltr'><strong>sanie</strong></span> <span class='ocrx_word' id='word_1_204' title='bbox 2154 1198 2397 1262; x_wconf 88' lang='lat' dir='ltr'><strong>absecta,</strong></span> <span class='ocrx_word' id='word_1_205' title='bbox 2434 1199 2562 1252; x_wconf 86' lang='lat' dir='ltr'><strong>laeto</strong></span> <span class='ocrx_word' id='word_1_206' title='bbox 2593 1206 2739 1251; x_wconf 89' lang='lat' dir='ltr'><strong>stant</strong></span> <span class='ocrx_word' id='word_1_207' title='bbox 2769 1213 2998 1268; x_wconf 89' lang='lat' dir='ltr'><strong>corpore</strong></span> <span class='ocrx_word' id='word_1_208' title='bbox 3026 1198 3294 1251; x_wconf 89' lang='lat' dir='ltr'><strong>membra.</strong></span> 
     </span>
    </p>
   </div>
   <div class='ocr_carea' id='block_1_38' title="bbox 1858 1286 3472 1358">
    <p class='ocr_par' dir='ltr' id='par_1_38' title="bbox 1858 1286 3472 1358">
     <span class='ocr_line' id='line_1_38' title="bbox 1858 1286 3472 1358; baseline 0 -20"><span class='ocrx_word' id='word_1_209' title='bbox 1858 1287 2067 1339; x_wconf 86' lang='lat' dir='ltr'><strong>Gaudet</strong></span> <span class='ocrx_word' id='word_1_210' title='bbox 2101 1304 2233 1356; x_wconf 89' lang='lat' dir='ltr'><strong>pace</strong></span> <span class='ocrx_word' id='word_1_211' title='bbox 2267 1287 2478 1350; x_wconf 88' lang='lat' dir='ltr'><strong>Oriens,</strong></span> <span class='ocrx_word' id='word_1_212' title='bbox 2514 1293 2825 1355; x_wconf 88' lang='lat' dir='ltr'><strong>reparatum</strong></span> <span class='ocrx_word' id='word_1_213' title='bbox 2856 1286 3059 1358; x_wconf 86' lang='lat' dir='ltr'><strong>gaudet</strong></span> <span class='ocrx_word' id='word_1_214' title='bbox 3088 1292 3141 1338; x_wconf 91' lang='lat' dir='ltr'><strong>et</strong></span> <span class='ocrx_word' id='word_1_215' title='bbox 3173 1286 3422 1339; x_wconf 70' lang='lat' dir='ltr'><strong>Austrum</strong></span> <span class='ocrx_word' id='word_1_216' title='bbox 3457 1303 3472 1351; x_wconf 90' lang='lat'><strong>;</strong></span> 
     </span>
    </p>
   </div>
   <div class='ocr_carea' id='block_1_39' title="bbox 1858 1379 3114 1446">
    <p class='ocr_par' dir='ltr' id='par_1_39' title="bbox 1858 1379 3114 1446">
     <span class='ocr_line' id='line_1_39' title="bbox 1858 1379 3114 1446; baseline -0.002 -14"><span class='ocrx_word' id='word_1_217' title='bbox 1858 1380 2034 1433; x_wconf 84' lang='lat' dir='ltr'><strong>Africa</strong></span> <span class='ocrx_word' id='word_1_218' title='bbox 2069 1381 2188 1433; x_wconf 82' lang='lat' dir='ltr'><strong>lat-ta</strong></span> <span class='ocrx_word' id='word_1_219' title='bbox 2220 1379 2364 1432; x_wconf 87' lang='lat' dir='ltr'><strong>subit</strong></span> <span class='ocrx_word' id='word_1_220' title='bbox 2399 1379 2615 1432; x_wconf 84' lang='lat' dir='ltr'><strong>sublata</strong></span> <span class='ocrx_word' id='word_1_221' title='bbox 2650 1395 2924 1431; x_wconf 89' lang='lat' dir='ltr'><strong>resumere</strong></span> <span class='ocrx_word' id='word_1_222' title='bbox 2951 1379 3114 1446; x_wconf 88' lang='lat' dir='ltr'><strong>jura;</strong></span> 
     </span>
    </p>
   </div>
   <div class='ocr_carea' id='block_1_40' title="bbox 1859 1471 3078 1525">
    <p class='ocr_par' dir='ltr' id='par_1_40' title="bbox 1859 1471 3078 1525">
     <span class='ocr_line' id='line_1_40' title="bbox 1859 1471 3078 1525; baseline 0 -2"><span class='ocrx_word' id='word_1_223' title='bbox 1859 1473 2002 1525; x_wconf 85' lang='lat' dir='ltr'><strong>Solis</strong></span> <span class='ocrx_word' id='word_1_224' title='bbox 2033 1472 2098 1525; x_wconf 91' lang='lat' dir='ltr'><strong>ad</strong></span> <span class='ocrx_word' id='word_1_225' title='bbox 2133 1488 2387 1525; x_wconf 88' lang='lat' dir='ltr'><strong>occasum</strong></span> <span class='ocrx_word' id='word_1_226' title='bbox 2419 1471 2642 1524; x_wconf 89' lang='lat' dir='ltr'><strong>laudant</strong></span> <span class='ocrx_word' id='word_1_227' title='bbox 2672 1487 2700 1523; x_wconf 90' lang='lat' dir='ltr'><strong>a</strong></span> <span class='ocrx_word' id='word_1_228' title='bbox 2725 1471 2937 1523; x_wconf 85' lang='lat' dir='ltr'><strong>climate</strong></span> <span class='ocrx_word' id='word_1_229' title='bbox 2972 1471 3078 1523; x_wconf 82' lang='lat' dir='ltr'><strong>Eoo</strong></span> 
     </span>
    </p>
   </div>
   <div class='ocr_carea' id='block_1_41' title="bbox 1859 1562 3168 1634">
    <p class='ocr_par' dir='ltr' id='par_1_41' title="bbox 1859 1562 3168 1634">
     <span class='ocr_line' id='line_1_41' title="bbox 1859 1562 3168 1634; baseline -0.002 -19"><span class='ocrx_word' id='word_1_230' title='bbox 1859 1564 2056 1618; x_wconf 87' lang='lat' dir='ltr'><strong>Salvati</strong></span> <span class='ocrx_word' id='word_1_231' title='bbox 2089 1564 2378 1616; x_wconf 86' lang='lat' dir='ltr'><strong>Dominum</strong></span> <span class='ocrx_word' id='word_1_232' title='bbox 2415 1563 2569 1633; x_wconf 91' lang='lat' dir='ltr'><strong>pueri</strong></span> <span class='ocrx_word' id='word_1_233' title='bbox 2605 1563 2740 1616; x_wconf 91' lang='lat' dir='ltr'><strong>sacri</strong></span> <span class='ocrx_word' id='word_1_234' title='bbox 2775 1579 2867 1617; x_wconf 87' lang='lat' dir='ltr'><strong>ore.</strong></span> <span class='ocrx_word' id='word_1_235' title='bbox 2900 1562 3168 1634; x_wconf 80' lang='lat' dir='ltr'><strong>magistri.</strong></span> 
     </span>
    </p>
   </div>
   <div class='ocr_carea' id='block_1_42' title="bbox 1859 1651 3154 1712">
    <p class='ocr_par' dir='ltr' id='par_1_42' title="bbox 1859 1651 3154 1712">
     <span class='ocr_line' id='line_1_42' title="bbox 1859 1651 3154 1712; baseline -0.002 -7"><span class='ocrx_word' id='word_1_236' title='bbox 1859 1653 2028 1706; x_wconf 85' lang='lat' dir='ltr'><strong>Gallia</strong></span> <span class='ocrx_word' id='word_1_237' title='bbox 2055 1654 2319 1706; x_wconf 84' lang='lat' dir='ltr'><strong>doctrinae</strong></span> <span class='ocrx_word' id='word_1_238' title='bbox 2351 1668 2449 1704; x_wconf 91' lang='lat' dir='ltr'><strong>nec</strong></span> <span class='ocrx_word' id='word_1_239' title='bbox 2477 1651 2717 1704; x_wconf 88' lang='lat' dir='ltr'><strong>culmine</strong></span> <span class='ocrx_word' id='word_1_240' title='bbox 2751 1667 2904 1703; x_wconf 90' lang='lat' dir='ltr'><strong>cassa</strong></span> <span class='ocrx_word' id='word_1_241' title='bbox 2938 1651 3154 1712; x_wconf 87' lang='lat' dir='ltr'><strong>residit,</strong></span> 
     </span>
    </p>
   </div>
   <div class='ocr_carea' id='block_1_43' title="bbox 1861 1740 3206 1814">
    <p class='ocr_par' dir='ltr' id='par_1_43' title="bbox 1861 1740 3206 1814">
     <span class='ocr_line' id='line_1_43' title="bbox 1861 1740 3206 1814; baseline -0.002 -18"><span class='ocrx_word' id='word_1_242' title='bbox 1861 1744 2099 1797; x_wconf 80' lang='lat' dir='ltr'><strong>Exsultat</strong></span> <span class='ocrx_word' id='word_1_243' title='bbox 2127 1761 2248 1814; x_wconf 83' lang='lat' dir='ltr'><strong>quae</strong></span> <span class='ocrx_word' id='word_1_244' title='bbox 2289 1743 2535 1813; x_wconf 74' lang='lat' dir='ltr'><strong>Remigio</strong></span> <span class='ocrx_word' id='word_1_245' title='bbox 2573 1741 2734 1794; x_wconf 90' lang='lat' dir='ltr'><strong>rutilo</strong></span> <span class='ocrx_word' id='word_1_246' title='bbox 2763 1740 2981 1793; x_wconf 77' lang='lat' dir='ltr'><strong>aetheris</strong></span> <span class='ocrx_word' id='word_1_247' title='bbox 3011 1749 3157 1794; x_wconf 88' lang='lat' dir='ltr'><strong>astro</strong></span> <span class='ocrx_word' id='word_1_248' title='bbox 3194 1757 3206 1793; x_wconf 93' lang='lat'>:</span> 
     </span>
    </p>
   </div>
   <div class='ocr_carea' id='block_1_44' title="bbox 1858 1833 3030 1902">
    <p class='ocr_par' dir='ltr' id='par_1_44' title="bbox 1858 1833 3030 1902">
     <span class='ocr_line' id='line_1_44' title="bbox 1858 1833 3030 1902; baseline -0.003 -12"><span class='ocrx_word' id='word_1_249' title='bbox 1858 1838 1930 1890; x_wconf 85' lang='lat' dir='ltr'><strong>Ac</strong></span> <span class='ocrx_word' id='word_1_250' title='bbox 1961 1844 2115 1890; x_wconf 77' lang='lat' dir='ltr'><strong>terrae</strong></span> <span class='ocrx_word' id='word_1_251' title='bbox 2147 1837 2355 1890; x_wconf 86' lang='lat' dir='ltr'><strong>cultore.</strong></span> <span class='ocrx_word' id='word_1_252' title='bbox 2388 1836 2557 1902; x_wconf 89' lang='lat' dir='ltr'><strong>bono,</strong></span> <span class='ocrx_word' id='word_1_253' title='bbox 2587 1833 2816 1887; x_wconf 75' lang='lat' dir='ltr'><strong>feritatis</strong></span> <span class='ocrx_word' id='word_1_254' title='bbox 2847 1833 3030 1902; x_wconf 80' lang='lat' dir='ltr'><strong>Opinio</strong></span> 
     </span>
    </p>
   </div>
   <div class='ocr_carea' id='block_1_45' title="bbox 1859 1923 3265 1998">
    <p class='ocr_par' dir='ltr' id='par_1_45' title="bbox 1859 1923 3265 1998">
     <span class='ocr_line' id='line_1_45' title="bbox 1859 1923 3265 1998; baseline -0.001 -20"><span class='ocrx_word' id='word_1_255' title='bbox 1859 1926 2088 1981; x_wconf 78' lang='lat' dir='ltr'><strong>Vomere</strong></span> <span class='ocrx_word' id='word_1_256' title='bbox 2131 1927 2222 1998; x_wconf 86' lang='lat' dir='ltr'><strong>qui</strong></span> <span class='ocrx_word' id='word_1_257' title='bbox 2255 1925 2380 1978; x_wconf 83' lang='lat' dir='ltr'><strong>fidei</strong></span> <span class='ocrx_word' id='word_1_258' title='bbox 2410 1924 2604 1997; x_wconf 90' lang='lat' dir='ltr'><strong>satagit</strong></span> <span class='ocrx_word' id='word_1_259' title='bbox 2628 1924 2754 1975; x_wconf 92' lang='lat' dir='ltr'><strong>dum</strong></span> <span class='ocrx_word' id='word_1_260' title='bbox 2797 1923 3052 1976; x_wconf 86' lang='lat' dir='ltr'><strong>scindere</strong></span> <span class='ocrx_word' id='word_1_261' title='bbox 3081 1923 3265 1989; x_wconf 90' lang='lat' dir='ltr'><strong>corda,</strong></span> 
     </span>
    </p>
   </div>
   <div class='ocr_carea' id='block_1_46' title="bbox 1858 2018 3096 2090">
    <p class='ocr_par' dir='ltr' id='par_1_46' title="bbox 1858 2018 3096 2090">
     <span class='ocr_line' id='line_1_46' title="bbox 1858 2018 3096 2090; baseline -0.002 -16"><span class='ocrx_word' id='word_1_262' title='bbox 1858 2022 2087 2074; x_wconf 78' lang='lat' dir='ltr'><strong>Barbara</strong></span> <span class='ocrx_word' id='word_1_263' title='bbox 2119 2019 2417 2073; x_wconf 83' lang='lat' dir='ltr'><strong>miriticans</strong></span> <span class='ocrx_word' id='word_1_264' title='bbox 2439 2018 2625 2072; x_wconf 84' lang='lat' dir='ltr'><strong>divino</strong></span> <span class='ocrx_word' id='word_1_265' title='bbox 2655 2018 2866 2070; x_wconf 89' lang='lat' dir='ltr'><strong>semine</strong></span> <span class='ocrx_word' id='word_1_266' title='bbox 2901 2033 3044 2071; x_wconf 91' lang='lat' dir='ltr'><strong>rura.</strong></span> <span class='ocrx_word' id='word_1_267' title='bbox 3093 2087 3096 2090; x_wconf 87' lang='lat'><strong><em>_</em></strong></span> 
     </span>
    </p>
   </div>
   <div class='ocr_carea' id='block_1_47' title="bbox 1856 2109 3261 2166">
    <p class='ocr_par' dir='ltr' id='par_1_47' title="bbox 1856 2109 3261 2166">
     <span class='ocr_line' id='line_1_47' title="bbox 1856 2109 3261 2166; baseline -0.004 0"><span class='ocrx_word' id='word_1_268' title='bbox 1856 2113 2042 2166; x_wconf 77' lang='lat' dir='ltr'><strong>lllessis</strong></span> <span class='ocrx_word' id='word_1_269' title='bbox 2074 2114 2281 2166; x_wconf 90' lang='lat' dir='ltr'><strong>honore</strong></span> <span class='ocrx_word' id='word_1_270' title='bbox 2312 2128 2464 2166; x_wconf 82' lang='lat' dir='ltr'><strong>novae</strong></span> <span class='ocrx_word' id='word_1_271' title='bbox 2497 2111 2841 2165; x_wconf 86' lang='lat' dir='ltr'><strong>cbarismatis</strong></span> <span class='ocrx_word' id='word_1_272' title='bbox 2868 2109 3038 2163; x_wconf 90' lang='lat' dir='ltr'><strong>ubere</strong></span> <span class='ocrx_word' id='word_1_273' title='bbox 3069 2119 3261 2163; x_wconf 85' lang='lat' dir='ltr'><strong>mactae</strong></span> 
     </span>
    </p>
   </div>
   <div class='ocr_carea' id='block_1_48' title="bbox 1857 2203 3364 2275">
    <p class='ocr_par' dir='ltr' id='par_1_48' title="bbox 1857 2203 3364 2275">
     <span class='ocr_line' id='line_1_48' title="bbox 1857 2203 3364 2275; baseline -0.003 -15"><span class='ocrx_word' id='word_1_274' title='bbox 1857 2205 2114 2260; x_wconf 80' lang='lat' dir='ltr'><strong>Primitiis</strong></span> <span class='ocrx_word' id='word_1_275' title='bbox 2141 2205 2338 2275; x_wconf 79' lang='lat' dir='ltr'><strong>Ccphae</strong></span> <span class='ocrx_word' id='word_1_276' title='bbox 2370 2205 2552 2258; x_wconf 83' lang='lat' dir='ltr'><strong>studet</strong></span> <span class='ocrx_word' id='word_1_277' title='bbox 2581 2204 2776 2256; x_wconf 87' lang='lat' dir='ltr'><strong>almam</strong></span> <span class='ocrx_word' id='word_1_278' title='bbox 2803 2218 2997 2255; x_wconf 92' lang='lat' dir='ltr'><strong>ornare</strong></span> <span class='ocrx_word' id='word_1_279' title='bbox 3029 2203 3364 2256; x_wconf 86' lang='lat' dir='ltr'><strong>cathedram.</strong></span> 
     </span>
    </p>
   </div>
   <div class='ocr_carea' id='block_1_49' title="bbox 1780 2291 3188 2373">
    <p class='ocr_par' dir='ltr' id='par_1_49' title="bbox 1780 2291 3188 2373">
     <span class='ocr_line' id='line_1_49' title="bbox 1780 2291 3188 2373; baseline -0.004 -23"><span class='ocrx_word' id='word_1_280' title='bbox 1780 2306 1830 2373; x_wconf 78' lang='grc' dir='ltr'><strong>Β</strong></span> <span class='ocrx_word' id='word_1_281' title='bbox 1856 2297 1987 2350; x_wconf 78' lang='lat' dir='ltr'><strong>llum</strong></span> <span class='ocrx_word' id='word_1_282' title='bbox 2022 2314 2112 2349; x_wconf 79' lang='lat' dir='ltr'><strong>rex</strong></span> <span class='ocrx_word' id='word_1_283' title='bbox 2142 2296 2194 2348; x_wconf 93' lang='lat' dir='ltr'><strong>in</strong></span> <span class='ocrx_word' id='word_1_284' title='bbox 2217 2295 2432 2347; x_wconf 86' lang='lat' dir='ltr'><strong>Christo</strong></span> <span class='ocrx_word' id='word_1_285' title='bbox 2467 2293 2789 2348; x_wconf 83' lang='lat' dir='ltr'><strong>Clodoveus.</strong></span> <span class='ocrx_word' id='word_1_286' title='bbox 2823 2291 2967 2343; x_wconf 85' lang='lat' dir='ltr'><strong>tilius</strong></span> <span class='ocrx_word' id='word_1_287' title='bbox 3009 2292 3188 2359; x_wconf 89' lang='lat' dir='ltr'><strong>hujus.</strong></span> 
     </span>
    </p>
   </div>
   <div class='ocr_carea' id='block_1_50' title="bbox 1855 2380 3191 2457">
    <p class='ocr_par' dir='ltr' id='par_1_50' title="bbox 1855 2380 3191 2457">
     <span class='ocr_line' id='line_1_50' title="bbox 1855 2380 3191 2457; baseline -0.003 -19"><span class='ocrx_word' id='word_1_288' title='bbox 1855 2387 1979 2439; x_wconf 80' lang='lat' dir='ltr'><strong>Auri</strong></span> <span class='ocrx_word' id='word_1_289' title='bbox 2021 2401 2081 2439; x_wconf 89' lang='lat' dir='ltr'><strong>ac</strong></span> <span class='ocrx_word' id='word_1_290' title='bbox 2112 2400 2451 2457; x_wconf 88' lang='lat' dir='ltr'><strong>gemmarum</strong></span> <span class='ocrx_word' id='word_1_291' title='bbox 2488 2382 2726 2453; x_wconf 84' lang='lat' dir='ltr'><strong>pretiosa</strong></span> <span class='ocrx_word' id='word_1_292' title='bbox 2759 2381 2878 2434; x_wconf 88' lang='lat' dir='ltr'><strong>luce</strong></span> <span class='ocrx_word' id='word_1_293' title='bbox 2906 2380 3191 2444; x_wconf 84' lang='lat' dir='ltr'><strong>renidens,</strong></span> 
     </span>
    </p>
   </div>
   <div class='ocr_carea' id='block_1_51' title="bbox 1856 2470 3078 2545">
    <p class='ocr_par' dir='ltr' id='par_1_51' title="bbox 1856 2470 3078 2545">
     <span class='ocr_line' id='line_1_51' title="bbox 1856 2470 3078 2545; baseline -0.005 -17"><span class='ocrx_word' id='word_1_294' title='bbox 1856 2475 2085 2545; x_wconf 74' lang='lat' dir='ltr'><strong>ltcmigii</strong></span> <span class='ocrx_word' id='word_1_295' title='bbox 2120 2475 2285 2527; x_wconf 87' lang='lat' dir='ltr'><strong>decus</strong></span> <span class='ocrx_word' id='word_1_296' title='bbox 2307 2472 2518 2528; x_wconf 91' lang='lat' dir='ltr'><strong>obtenti</strong></span> <span class='ocrx_word' id='word_1_297' title='bbox 2555 2471 2868 2525; x_wconf 88' lang='lat' dir='ltr'><strong>ductamine</strong></span> <span class='ocrx_word' id='word_1_298' title='bbox 2901 2470 3078 2541; x_wconf 87' lang='lat' dir='ltr'><strong>regni,</strong></span> 
     </span>
    </p>
   </div>
   <div class='ocr_carea' id='block_1_52' title="bbox 1856 2562 3042 2637">
    <p class='ocr_par' dir='ltr' id='par_1_52' title="bbox 1856 2562 3042 2637">
     <span class='ocr_line' id='line_1_52' title="bbox 1856 2562 3042 2637; baseline -0.005 -18"><span class='ocrx_word' id='word_1_299' title='bbox 1856 2567 2082 2637; x_wconf 86' lang='lat' dir='ltr'><strong>Egregie</strong></span> <span class='ocrx_word' id='word_1_300' title='bbox 2115 2582 2311 2636; x_wconf 90' lang='lat' dir='ltr'><strong>parens</strong></span> <span class='ocrx_word' id='word_1_301' title='bbox 2339 2563 2478 2635; x_wconf 89' lang='lat' dir='ltr'><strong>patri</strong></span> <span class='ocrx_word' id='word_1_302' title='bbox 2514 2564 2744 2617; x_wconf 82' lang='lat' dir='ltr'><strong>devotus</strong></span> <span class='ocrx_word' id='word_1_303' title='bbox 2766 2562 3042 2624; x_wconf 88' lang='lat' dir='ltr'><strong>alumnus,</strong></span> 
     </span>
    </p>
   </div>
   <div class='ocr_carea' id='block_1_53' title="bbox 1858 2653 3166 2725">
    <p class='ocr_par' dir='ltr' id='par_1_53' title="bbox 1858 2653 3166 2725">
     <span class='ocr_line' id='line_1_53' title="bbox 1858 2653 3166 2725; baseline -0.001 -14"><span class='ocrx_word' id='word_1_304' title='bbox 1858 2658 2074 2712; x_wconf 89' lang='lat' dir='ltr'><strong>Primali</strong></span> <span class='ocrx_word' id='word_1_305' title='bbox 2106 2657 2310 2712; x_wconf 79' lang='lat' dir='ltr'><strong>eximio</strong></span> <span class='ocrx_word' id='word_1_306' title='bbox 2344 2656 2541 2710; x_wconf 87' lang='lat' dir='ltr'><strong>Christi</strong></span> <span class='ocrx_word' id='word_1_307' title='bbox 2576 2654 2666 2725; x_wconf 88' lang='lat' dir='ltr'><strong>pia</strong></span> <span class='ocrx_word' id='word_1_308' title='bbox 2700 2671 2928 2707; x_wconf 89' lang='lat' dir='ltr'><strong>munera</strong></span> <span class='ocrx_word' id='word_1_309' title='bbox 2956 2653 3119 2707; x_wconf 89' lang='lat' dir='ltr'><strong>mittit</strong></span> <span class='ocrx_word' id='word_1_310' title='bbox 3151 2672 3166 2710; x_wconf 88' lang='lat'><strong>:</strong></span> 
     </span>
    </p>
   </div>
   <div class='ocr_carea' id='block_1_54' title="bbox 1858 2745 3138 2822">
    <p class='ocr_par' dir='ltr' id='par_1_54' title="bbox 1858 2745 3138 2822">
     <span class='ocr_line' id='line_1_54' title="bbox 1858 2745 3138 2822; baseline -0.005 -19"><span class='ocrx_word' id='word_1_311' title='bbox 1858 2750 2016 2804; x_wconf 83' lang='lat' dir='ltr'><strong>Mittit</strong></span> <span class='ocrx_word' id='word_1_312' title='bbox 2039 2758 2092 2803; x_wconf 92' lang='lat' dir='ltr'><strong>et</strong></span> <span class='ocrx_word' id='word_1_313' title='bbox 2124 2749 2370 2822; x_wconf 76' lang='lat' dir='ltr'><strong>insignes</strong></span> <span class='ocrx_word' id='word_1_314' title='bbox 2395 2748 2513 2819; x_wconf 88' lang='lat' dir='ltr'><strong>paci</strong></span> <span class='ocrx_word' id='word_1_315' title='bbox 2544 2748 2668 2800; x_wconf 88' lang='lat' dir='ltr'><strong>data</strong></span> <span class='ocrx_word' id='word_1_316' title='bbox 2699 2745 2903 2799; x_wconf 82' lang='lat' dir='ltr'><strong>Graecia</strong></span> <span class='ocrx_word' id='word_1_317' title='bbox 2924 2745 3138 2810; x_wconf 90' lang='lat' dir='ltr'><strong>cultus;</strong></span> 
     </span>
    </p>
   </div>
   <div class='ocr_carea' id='block_1_55' title="bbox 1860 2838 3225 2915">
    <p class='ocr_par' dir='ltr' id='par_1_55' title="bbox 1860 2838 3225 2915">
     <span class='ocr_line' id='line_1_55' title="bbox 1860 2838 3225 2915; baseline -0.002 -20"><span class='ocrx_word' id='word_1_318' title='bbox 1860 2846 2153 2915; x_wconf 81' lang='lat' dir='ltr'><strong>Augustus,</strong></span> <span class='ocrx_word' id='word_1_319' title='bbox 2191 2856 2460 2912; x_wconf 84' lang='lat' dir='ltr'><strong>regesque</strong></span> <span class='ocrx_word' id='word_1_320' title='bbox 2484 2839 2670 2894; x_wconf 91' lang='lat' dir='ltr'><strong>colunt</strong></span> <span class='ocrx_word' id='word_1_321' title='bbox 2688 2838 2976 2892; x_wconf 87' lang='lat' dir='ltr'><strong>ornatibus</strong></span> <span class='ocrx_word' id='word_1_322' title='bbox 2993 2838 3185 2892; x_wconf 85' lang='lat' dir='ltr'><strong>urbem</strong></span> <span class='ocrx_word' id='word_1_323' title='bbox 3211 2879 3225 2892; x_wconf 96' lang='lat'><strong>.</strong></span> 
     </span>
    </p>
   </div>
   <div class='ocr_carea' id='block_1_56' title="bbox 1860 2929 3377 3004">
    <p class='ocr_par' dir='ltr' id='par_1_56' title="bbox 1860 2929 3377 3004">
     <span class='ocr_line' id='line_1_56' title="bbox 1860 2929 3377 3004; baseline -0.002 -17"><span class='ocrx_word' id='word_1_324' title='bbox 1860 2935 2014 2987; x_wconf 80' lang='lat' dir='ltr'><strong>Clara</strong></span> <span class='ocrx_word' id='word_1_325' title='bbox 2044 2934 2119 3004; x_wconf 89' lang='lat' dir='ltr'><strong>pii</strong></span> <span class='ocrx_word' id='word_1_326' title='bbox 2152 2933 2256 2986; x_wconf 89' lang='lat' dir='ltr'><strong>sub</strong></span> <span class='ocrx_word' id='word_1_327' title='bbox 2282 2934 2495 2986; x_wconf 90' lang='lat' dir='ltr'><strong>honore</strong></span> <span class='ocrx_word' id='word_1_328' title='bbox 2528 2931 2670 2984; x_wconf 85' lang='lat' dir='ltr'><strong>Petri</strong></span> <span class='ocrx_word' id='word_1_329' title='bbox 2694 2929 2822 2983; x_wconf 92' lang='lat' dir='ltr'><strong>dum</strong></span> <span class='ocrx_word' id='word_1_330' title='bbox 2849 2937 3138 2984; x_wconf 89' lang='lat' dir='ltr'><strong>stemmata</strong></span> <span class='ocrx_word' id='word_1_331' title='bbox 3169 2929 3377 3004; x_wconf 80' lang='lat' dir='ltr'><strong>legant,</strong></span> 
     </span>
    </p>
   </div>
   <div class='ocr_carea' id='block_1_57' title="bbox 1860 3018 3412 3093">
    <p class='ocr_par' dir='ltr' id='par_1_57' title="bbox 1860 3018 3412 3093">
     <span class='ocr_line' id='line_1_57' title="bbox 1860 3018 3412 3093; baseline -0.002 -17"><span class='ocrx_word' id='word_1_332' title='bbox 1860 3023 2007 3093; x_wconf 79' lang='lat' dir='ltr'><strong>Papa</strong></span> <span class='ocrx_word' id='word_1_333' title='bbox 2034 3022 2199 3075; x_wconf 89' lang='lat' dir='ltr'><strong>etiam</strong></span> <span class='ocrx_word' id='word_1_334' title='bbox 2231 3038 2354 3076; x_wconf 90' lang='lat' dir='ltr'><strong>cum</strong></span> <span class='ocrx_word' id='word_1_335' title='bbox 2391 3020 2556 3075; x_wconf 85' lang='lat' dir='ltr'><strong>corda</strong></span> <span class='ocrx_word' id='word_1_336' title='bbox 2577 3026 2753 3091; x_wconf 90' lang='lat' dir='ltr'><strong>parat,</strong></span> <span class='ocrx_word' id='word_1_337' title='bbox 2774 3025 2887 3071; x_wconf 91' lang='lat' dir='ltr'><strong>tum</strong></span> <span class='ocrx_word' id='word_1_338' title='bbox 2909 3018 3108 3089; x_wconf 88' lang='lat' dir='ltr'><strong>templa</strong></span> <span class='ocrx_word' id='word_1_339' title='bbox 3140 3026 3412 3083; x_wconf 87' lang='lat' dir='ltr'><strong>venustat,</strong></span> 
     </span>
    </p>
   </div>
   <div class='ocr_carea' id='block_1_58' title="bbox 1861 3107 3477 3183">
    <p class='ocr_par' dir='ltr' id='par_1_58' title="bbox 1861 3107 3477 3183">
     <span class='ocr_line' id='line_1_58' title="bbox 1861 3107 3477 3183; baseline 0.001 -21"><span class='ocrx_word' id='word_1_340' title='bbox 1861 3112 2061 3183; x_wconf 83' lang='lat' dir='ltr'><strong>Sicque</strong></span> <span class='ocrx_word' id='word_1_341' title='bbox 2095 3111 2254 3164; x_wconf 88' lang='lat' dir='ltr'><strong>datur</strong></span> <span class='ocrx_word' id='word_1_342' title='bbox 2276 3127 2398 3164; x_wconf 90' lang='lat' dir='ltr'><strong>cum</strong></span> <span class='ocrx_word' id='word_1_343' title='bbox 2440 3116 2626 3164; x_wconf 89' lang='lat' dir='ltr'><strong>mente</strong></span> <span class='ocrx_word' id='word_1_344' title='bbox 2659 3107 2812 3178; x_wconf 91' lang='lat' dir='ltr'><strong>polo,</strong></span> <span class='ocrx_word' id='word_1_345' title='bbox 2845 3114 2956 3160; x_wconf 92' lang='lat' dir='ltr'><strong>tum</strong></span> <span class='ocrx_word' id='word_1_346' title='bbox 2986 3122 3218 3178; x_wconf 90' lang='lat' dir='ltr'><strong>corpore</strong></span> <span class='ocrx_word' id='word_1_347' title='bbox 3248 3107 3477 3178; x_wconf 91' lang='lat' dir='ltr'><strong>templo.</strong></span> 
     </span>
    </p>
   </div>
   <div class='ocr_carea' id='block_1_59' title="bbox 1654 3264 1987 3320">
    <p class='ocr_par' dir='ltr' id='par_1_59' title="bbox 1654 3264 1987 3320">
     <span class='ocr_line' id='line_1_59' title="bbox 1654 3264 1987 3320; baseline 0.003 -1"><span class='ocrx_word' id='word_1_348' title='bbox 1654 3264 1868 3320; x_wconf 58' lang='lat' dir='ltr'><strong>CAPL‘T</strong></span> <span class='ocrx_word' id='word_1_349' title='bbox 1920 3265 1987 3320; x_wconf 82' lang='lat' dir='ltr'><strong>X.</strong></span> 
     </span>
    </p>
   </div>
   <div class='ocr_carea' id='block_1_60' title="bbox 929 3395 2670 3479">
    <p class='ocr_par' dir='ltr' id='par_1_60' title="bbox 929 3395 2670 3479">
     <span class='ocr_line' id='line_1_60' title="bbox 929 3395 2670 3479; baseline -0.003 -19"><span class='ocrx_word' id='word_1_350' title='bbox 929 3403 1006 3461; x_wconf 88' lang='lat' dir='ltr'><strong>De</strong></span> <span class='ocrx_word' id='word_1_351' title='bbox 1033 3401 1267 3463; x_wconf 85' lang='lat' dir='ltr'><strong>Joanne</strong></span> <span class='ocrx_word' id='word_1_352' title='bbox 1289 3418 1470 3479; x_wconf 82' lang='lat' dir='ltr'><strong>papa,</strong></span> <span class='ocrx_word' id='word_1_353' title='bbox 1505 3401 1884 3478; x_wconf 78' lang='lat' dir='ltr'><strong>Symmacho,</strong></span> <span class='ocrx_word' id='word_1_354' title='bbox 1928 3396 2194 3459; x_wconf 80' lang='lat' dir='ltr'><strong>Patricio</strong></span> <span class='ocrx_word' id='word_1_355' title='bbox 2226 3403 2406 3472; x_wconf 83' lang='lat' dir='ltr'><strong>atque</strong></span> <span class='ocrx_word' id='word_1_356' title='bbox 2449 3395 2670 3454; x_wconf 75' lang='grc' dir='ltr'><strong>Βοριίο.</strong></span> 
     </span>
    </p>
   </div>
   <div class='ocr_carea' id='block_1_61' title="bbox 133 3531 1435 3605">
    <p class='ocr_par' dir='ltr' id='par_1_61' title="bbox 133 3531 1435 3605">
     <span class='ocr_line' id='line_1_61' title="bbox 133 3531 1435 3605; baseline 0.003 -21"><span class='ocrx_word' id='word_1_357' title='bbox 133 3531 306 3587; x_wconf 87' lang='lat' dir='ltr'><strong>Gratia</strong></span> <span class='ocrx_word' id='word_1_358' title='bbox 336 3549 557 3587; x_wconf 89' lang='lat' dir='ltr'><strong>summa</strong></span> <span class='ocrx_word' id='word_1_359' title='bbox 589 3532 717 3586; x_wconf 89' lang='lat' dir='ltr'><strong>dein</strong></span> <span class='ocrx_word' id='word_1_360' title='bbox 753 3533 942 3602; x_wconf 81' lang='lat' dir='ltr'><strong>primae</strong></span> <span class='ocrx_word' id='word_1_361' title='bbox 974 3535 1065 3587; x_wconf 90' lang='lat' dir='ltr'><strong>dat</strong></span> <span class='ocrx_word' id='word_1_362' title='bbox 1089 3535 1213 3605; x_wconf 89' lang='lat' dir='ltr'><strong>jura</strong></span> <span class='ocrx_word' id='word_1_363' title='bbox 1237 3535 1435 3590; x_wconf 86' lang='lat' dir='ltr'><strong>Joanni</strong></span> 
     </span>
    </p>
   </div>
   <div class='ocr_carea' id='block_1_62' title="bbox 137 3623 1370 3698">
    <p class='ocr_par' dir='ltr' id='par_1_62' title="bbox 137 3623 1370 3698">
     <span class='ocr_line' id='line_1_62' title="bbox 137 3623 1370 3698; baseline 0.004 -23"><span class='ocrx_word' id='word_1_364' title='bbox 137 3623 308 3691; x_wconf 87' lang='lat' dir='ltr'><strong>Sedis,</strong></span> <span class='ocrx_word' id='word_1_365' title='bbox 343 3633 396 3679; x_wconf 89' lang='lat' dir='ltr'><strong>et</strong></span> <span class='ocrx_word' id='word_1_366' title='bbox 426 3625 651 3698; x_wconf 80' lang='lat' dir='ltr'><strong>egregia</strong></span> <span class='ocrx_word' id='word_1_367' title='bbox 683 3625 872 3679; x_wconf 89' lang='lat' dir='ltr'><strong>tribuit</strong></span> <span class='ocrx_word' id='word_1_368' title='bbox 893 3626 1192 3695; x_wconf 84' lang='lat' dir='ltr'><strong>disponere</strong></span> <span class='ocrx_word' id='word_1_369' title='bbox 1221 3644 1370 3686; x_wconf 86' lang='lat' dir='ltr'><strong>cura,</strong></span> 
     </span>
    </p>
   </div>
   <div class='ocr_carea' id='block_1_63' title="bbox 135 3716 1548 3788">
    <p class='ocr_par' dir='ltr' id='par_1_63' title="bbox 135 3716 1548 3788">
     <span class='ocr_line' id='line_1_63' title="bbox 135 3716 1548 3788; baseline 0.004 -22"><span class='ocrx_word' id='word_1_370' title='bbox 135 3716 426 3771; x_wconf 81' lang='lat' dir='ltr'><strong>Ausoniam</strong></span> <span class='ocrx_word' id='word_1_371' title='bbox 462 3734 533 3771; x_wconf 91' lang='lat' dir='ltr'><strong>ne</strong></span> <span class='ocrx_word' id='word_1_372' title='bbox 562 3733 750 3771; x_wconf 91' lang='lat' dir='ltr'><strong>mucro</strong></span> <span class='ocrx_word' id='word_1_373' title='bbox 780 3725 952 3780; x_wconf 84' lang='lat' dir='ltr'><strong>voret,</strong></span> <span class='ocrx_word' id='word_1_374' title='bbox 987 3735 1095 3788; x_wconf 89' lang='lat' dir='ltr'><strong>quo</strong></span> <span class='ocrx_word' id='word_1_375' title='bbox 1129 3720 1335 3772; x_wconf 85' lang='lat' dir='ltr'><strong>Graecia</strong></span> <span class='ocrx_word' id='word_1_376' title='bbox 1367 3719 1548 3773; x_wconf 86' lang='lat' dir='ltr'><strong>aditur</strong></span> 
     </span>
    </p>
   </div>
   <div class='ocr_carea' id='block_1_64' title="bbox 139 3804 1540 3877">
    <p class='ocr_par' dir='ltr' id='par_1_64' title="bbox 139 3804 1540 3877">
     <span class='ocr_line' id='line_1_64' title="bbox 139 3804 1540 3877; baseline 0.003 -21"><span class='ocrx_word' id='word_1_377' title='bbox 139 3804 341 3875; x_wconf 71' lang='lat' dir='ltr'><strong>Quique</strong></span> <span class='ocrx_word' id='word_1_378' title='bbox 358 3807 521 3860; x_wconf 88' lang='lat' dir='ltr'><strong>decet</strong></span> <span class='ocrx_word' id='word_1_379' title='bbox 553 3806 696 3859; x_wconf 84' lang='lat' dir='ltr'><strong>Petri</strong></span> <span class='ocrx_word' id='word_1_380' title='bbox 729 3807 964 3877; x_wconf 81' lang='lat' dir='ltr'><strong>legatum</strong></span> <span class='ocrx_word' id='word_1_381' title='bbox 1001 3808 1099 3861; x_wconf 89' lang='lat' dir='ltr'><strong>hos</strong></span> <span class='ocrx_word' id='word_1_382' title='bbox 1141 3808 1345 3877; x_wconf 79' lang='lat' dir='ltr'><strong>excipit</strong></span> <span class='ocrx_word' id='word_1_383' title='bbox 1378 3809 1540 3862; x_wconf 91' lang='lat' dir='ltr'><strong>altus.</strong></span> 
     </span>
    </p>
   </div>
   <div class='ocr_carea' id='block_1_65' title="bbox 138 3893 1401 3969">
    <p class='ocr_par' dir='ltr' id='par_1_65' title="bbox 138 3893 1401 3969">
     <span class='ocr_line' id='line_1_65' title="bbox 138 3893 1401 3969; baseline 0.006 -24"><span class='ocrx_word' id='word_1_384' title='bbox 138 3893 387 3967; x_wconf 81' lang='lat' dir='ltr'><strong>l’ergenti</strong></span> <span class='ocrx_word' id='word_1_385' title='bbox 421 3906 670 3951; x_wconf 90' lang='lat' dir='ltr'><strong>sacratur</strong></span> <span class='ocrx_word' id='word_1_386' title='bbox 697 3914 894 3968; x_wconf 81' lang='lat' dir='ltr'><strong>equus,</strong></span> <span class='ocrx_word' id='word_1_387' title='bbox 930 3907 1196 3969; x_wconf 83' lang='lat' dir='ltr'><strong>vectoqne</strong></span> <span class='ocrx_word' id='word_1_388' title='bbox 1237 3900 1401 3952; x_wconf 77' lang='lat' dir='ltr'><strong>dicati</strong></span> 
     </span>
    </p>
   </div>
   <div class='ocr_carea' id='block_1_66' title="bbox 140 3979 1499 4052">
    <p class='ocr_par' dir='ltr' id='par_1_66' title="bbox 140 3979 1499 4052">
     <span class='ocr_line' id='line_1_66' title="bbox 140 3979 1499 4052; baseline 0.004 -17"><span class='ocrx_word' id='word_1_389' title='bbox 140 3979 386 4052; x_wconf 84' lang='lat' dir='ltr'><strong>Corporis</strong></span> <span class='ocrx_word' id='word_1_390' title='bbox 417 3993 698 4039; x_wconf 88' lang='lat' dir='ltr'><strong>assuetum</strong></span> <span class='ocrx_word' id='word_1_391' title='bbox 733 3987 999 4039; x_wconf 88' lang='lat' dir='ltr'><strong>muliebre</strong></span> <span class='ocrx_word' id='word_1_392' title='bbox 1030 3987 1234 4039; x_wconf 84' lang='lat' dir='ltr'><strong>deinde</strong></span> <span class='ocrx_word' id='word_1_393' title='bbox 1265 3997 1499 4052; x_wconf 85' lang='lat' dir='ltr'><strong>recusat,</strong></span> 
     </span>
    </p>
   </div>
   <div class='ocr_carea' id='block_1_67' title="bbox 141 4076 1484 4153">
    <p class='ocr_par' dir='ltr' id='par_1_67' title="bbox 141 4076 1484 4153">
     <span class='ocr_line' id='line_1_67' title="bbox 141 4076 1484 4153; baseline 0.006 -27"><span class='ocrx_word' id='word_1_394' title='bbox 141 4076 420 4149; x_wconf 73' lang='lat' dir='ltr'><strong>Atgaudet</strong></span> <span class='ocrx_word' id='word_1_395' title='bbox 453 4080 659 4134; x_wconf 85' lang='lat' dir='ltr'><strong>servire</strong></span> <span class='ocrx_word' id='word_1_396' title='bbox 691 4097 871 4144; x_wconf 88' lang='lat' dir='ltr'><strong>sacro,</strong></span> <span class='ocrx_word' id='word_1_397' title='bbox 906 4082 1185 4153; x_wconf 82' lang='lat' dir='ltr'><strong>geminare</strong></span> <span class='ocrx_word' id='word_1_398' title='bbox 1219 4082 1484 4135; x_wconf 75' lang='lat' dir='ltr'><strong>laborem.</strong></span> 
     </span>
    </p>
   </div>
   <div class='ocr_carea' id='block_1_68' title="bbox 141 4163 1457 4240">
    <p class='ocr_par' dir='ltr' id='par_1_68' title="bbox 141 4163 1457 4240">
     <span class='ocr_line' id='line_1_68' title="bbox 141 4163 1457 4240; baseline 0.005 -23"><span class='ocrx_word' id='word_1_399' title='bbox 141 4163 380 4222; x_wconf 81' lang='lat' dir='ltr'><strong>Culmina</strong></span> <span class='ocrx_word' id='word_1_400' title='bbox 407 4169 679 4223; x_wconf 92' lang='lat' dir='ltr'><strong>celsorum</strong></span> <span class='ocrx_word' id='word_1_401' title='bbox 716 4171 851 4239; x_wconf 90' lang='lat' dir='ltr'><strong>patri</strong></span> <span class='ocrx_word' id='word_1_402' title='bbox 890 4171 1196 4240; x_wconf 80' lang='lat' dir='ltr'><strong>praestantis</strong></span> <span class='ocrx_word' id='word_1_403' title='bbox 1233 4172 1457 4225; x_wconf 89' lang='lat' dir='ltr'><strong>honoris</strong></span> 
     </span>
    </p>
   </div>
   <div class='ocr_carea' id='block_1_69' title="bbox 143 4251 1502 4332">
    <p class='ocr_par' dir='ltr' id='par_1_69' title="bbox 143 4251 1502 4332">
     <span class='ocr_line' id='line_1_69' title="bbox 143 4251 1502 4332; baseline 0.007 -27"><span class='ocrx_word' id='word_1_404' title='bbox 143 4251 435 4312; x_wconf 89' lang='lat' dir='ltr'><strong>Occurrunt</strong></span> <span class='ocrx_word' id='word_1_405' title='bbox 459 4259 766 4332; x_wconf 85' lang='lat' dir='ltr'><strong>graduum:</strong></span> <span class='ocrx_word' id='word_1_406' title='bbox 797 4260 955 4313; x_wconf 65' lang='lat' dir='ltr'><strong>caucis</strong></span> <span class='ocrx_word' id='word_1_407' title='bbox 987 4272 1045 4314; x_wconf 90' lang='lat' dir='ltr'><strong>ut</strong></span> <span class='ocrx_word' id='word_1_408' title='bbox 1075 4262 1330 4314; x_wconf 87' lang='lat' dir='ltr'><strong>sensibus</strong></span> <span class='ocrx_word' id='word_1_409' title='bbox 1361 4262 1502 4315; x_wconf 91' lang='lat' dir='ltr'><strong>alma</strong></span> 
     </span>
    </p>
   </div>
   <div class='ocr_carea' id='block_1_70' title="bbox 146 4341 1433 4417">
    <p class='ocr_par' dir='ltr' id='par_1_70' title="bbox 146 4341 1433 4417">
     <span class='ocr_line' id='line_1_70' title="bbox 146 4341 1433 4417; baseline 0.005 -20"><span class='ocrx_word' id='word_1_410' title='bbox 146 4341 247 4397; x_wconf 76' lang='lat' dir='ltr'><strong>Lux</strong></span> <span class='ocrx_word' id='word_1_411' title='bbox 275 4357 480 4416; x_wconf 87' lang='lat' dir='ltr'><strong>pateat,</strong></span> <span class='ocrx_word' id='word_1_412' title='bbox 514 4348 702 4403; x_wconf 88' lang='lat' dir='ltr'><strong>lumen</strong></span> <span class='ocrx_word' id='word_1_413' title='bbox 729 4350 1214 4405; x_wconf 62' lang='lat' dir='ltr'><strong>caecatos-innovat</strong></span> <span class='ocrx_word' id='word_1_414' title='bbox 1245 4351 1433 4417; x_wconf 89' lang='lat' dir='ltr'><strong>orbes,</strong></span> 
     </span>
    </p>
   </div>
   <div class='ocr_carea' id='block_1_71' title="bbox 145 4436 1458 4514">
    <p class='ocr_par' dir='ltr' id='par_1_71' title="bbox 145 4436 1458 4514">
     <span class='ocr_line' id='line_1_71' title="bbox 145 4436 1458 4514; baseline 0.007 -27"><span class='ocrx_word' id='word_1_415' title='bbox 145 4436 308 4506; x_wconf 83' lang='lat' dir='ltr'><strong>Atque</strong></span> <span class='ocrx_word' id='word_1_416' title='bbox 341 4441 434 4496; x_wconf 90' lang='lat' dir='ltr'><strong>diu</strong></span> <span class='ocrx_word' id='word_1_417' title='bbox 465 4443 679 4495; x_wconf 89' lang='lat' dir='ltr'><strong>clausas</strong></span> <span class='ocrx_word' id='word_1_418' title='bbox 712 4441 877 4496; x_wconf 90' lang='lat' dir='ltr'><strong>intrat</strong></span> <span class='ocrx_word' id='word_1_419' title='bbox 909 4442 997 4496; x_wconf 79' lang='lat' dir='ltr'><strong>lux</strong></span> <span class='ocrx_word' id='word_1_420' title='bbox 1019 4443 1230 4497; x_wconf 89' lang='lat' dir='ltr'><strong>reddita</strong></span> <span class='ocrx_word' id='word_1_421' title='bbox 1253 4453 1458 4514; x_wconf 87' lang='lat' dir='ltr'><strong>portas,</strong></span> 
     </span>
    </p>
   </div>
   <div class='ocr_carea' id='block_1_72' title="bbox 149 4525 1561 4608">
    <p class='ocr_par' dir='ltr' id='par_1_72' title="bbox 149 4525 1561 4608">
     <span class='ocr_line' id='line_1_72' title="bbox 149 4525 1561 4608; baseline 0.01 -30"><span class='ocrx_word' id='word_1_422' title='bbox 149 4525 492 4604; x_wconf 83' lang='lat' dir='ltr'><strong>Lucilluaque</strong></span> <span class='ocrx_word' id='word_1_423' title='bbox 524 4550 688 4587; x_wconf 89' lang='lat' dir='ltr'><strong>manu</strong></span> <span class='ocrx_word' id='word_1_424' title='bbox 722 4541 892 4589; x_wconf 87' lang='lat' dir='ltr'><strong>tactos</strong></span> <span class='ocrx_word' id='word_1_425' title='bbox 933 4535 1069 4608; x_wconf 84' lang='lat' dir='ltr'><strong>fugit</strong></span> <span class='ocrx_word' id='word_1_426' title='bbox 1102 4536 1294 4590; x_wconf 89' lang='lat' dir='ltr'><strong>umbra</strong></span> <span class='ocrx_word' id='word_1_427' title='bbox 1327 4545 1561 4605; x_wconf 87' lang='lat' dir='ltr'><strong>meatus,</strong></span> 
     </span>
    </p>
   </div>
   <div class='ocr_carea' id='block_1_73' title="bbox 149 4616 1634 4702">
    <p class='ocr_par' dir='ltr' id='par_1_73' title="bbox 149 4616 1634 4702">
     <span class='ocr_line' id='line_1_73' title="bbox 149 4616 1634 4702; baseline 0.008 -32"><span class='ocrx_word' id='word_1_428' title='bbox 149 4616 225 4683; x_wconf 89' lang='lat' dir='ltr'><strong>Et,</strong></span> <span class='ocrx_word' id='word_1_429' title='bbox 256 4625 460 4692; x_wconf 90' lang='lat' dir='ltr'><strong>p0pulo</strong></span> <span class='ocrx_word' id='word_1_430' title='bbox 491 4625 750 4692; x_wconf 87' lang='lat' dir='ltr'><strong>mirante,</strong></span> <span class='ocrx_word' id='word_1_431' title='bbox 781 4627 958 4696; x_wconf 91' lang='lat' dir='ltr'><strong>palam</strong></span> <span class='ocrx_word' id='word_1_432' title='bbox 992 4643 1132 4682; x_wconf 87' lang='lat' dir='ltr'><strong>nova</strong></span> <span class='ocrx_word' id='word_1_433' title='bbox 1168 4627 1373 4682; x_wconf 90' lang='lat' dir='ltr'><strong>lumina</strong></span> <span class='ocrx_word' id='word_1_434' title='bbox 1405 4629 1634 4702; x_wconf 85' lang='lat' dir='ltr'><strong>fulgent,</strong></span> 
     </span>
    </p>
   </div>
   <div class='ocr_carea' id='block_1_74' title="bbox 151 4705 1545 4784">
    <p class='ocr_par' dir='ltr' id='par_1_74' title="bbox 151 4705 1545 4784">
     <span class='ocr_line' id='line_1_74' title="bbox 151 4705 1545 4784; baseline 0.011 -24"><span class='ocrx_word' id='word_1_435' title='bbox 151 4708 442 4782; x_wconf 88' lang='lat' dir='ltr'><strong>Subjicitur</strong></span> <span class='ocrx_word' id='word_1_436' title='bbox 460 4705 711 4784; x_wconf 51' lang='lat' dir='ltr'><strong>&#39;culmen,</strong></span> <span class='ocrx_word' id='word_1_437' title='bbox 744 4717 914 4772; x_wconf 89' lang='lat' dir='ltr'><strong>fastus</strong></span> <span class='ocrx_word' id='word_1_438' title='bbox 937 4721 1231 4776; x_wconf 81' lang='lat' dir='ltr'><strong>flectuntur</strong></span> <span class='ocrx_word' id='word_1_439' title='bbox 1258 4738 1545 4777; x_wconf 83' lang='lat' dir='ltr'><strong>enormes:</strong></span> 
     </span>
    </p>
   </div>
   <div class='ocr_carea' id='block_1_75' title="bbox 153 4799 1546 4880">
    <p class='ocr_par' dir='ltr' id='par_1_75' title="bbox 153 4799 1546 4880">
     <span class='ocr_line' id='line_1_75' title="bbox 153 4799 1546 4880; baseline 0.01 -27"><span class='ocrx_word' id='word_1_440' title='bbox 153 4799 472 4872; x_wconf 89' lang='lat' dir='ltr'><strong>lmperitans</strong></span> <span class='ocrx_word' id='word_1_441' title='bbox 491 4809 696 4864; x_wconf 89' lang='lat' dir='ltr'><strong>mundo</strong></span> <span class='ocrx_word' id='word_1_442' title='bbox 729 4809 926 4880; x_wconf 69' lang='lat' dir='ltr'><strong>Cepha:</strong></span> <span class='ocrx_word' id='word_1_443' title='bbox 956 4811 1270 4865; x_wconf 84' lang='lat' dir='ltr'><strong>incurvatur</strong></span> <span class='ocrx_word' id='word_1_444' title='bbox 1291 4814 1546 4878; x_wconf 91' lang='lat' dir='ltr'><strong>alumno;</strong></span> 
     </span>
    </p>
   </div>
   <div class='ocr_carea' id='block_1_76' title="bbox 150 4889 1458 4969">
    <p class='ocr_par' dir='ltr' id='par_1_76' title="bbox 150 4889 1458 4969">
     <span class='ocr_line' id='line_1_76' title="bbox 150 4889 1458 4969; baseline 0.004 -21"><span class='ocrx_word' id='word_1_445' title='bbox 150 4889 240 4948; x_wconf 75' lang='lat' dir='ltr'><strong>QUi</strong></span> <span class='ocrx_word' id='word_1_446' title='bbox 274 4895 428 4963; x_wconf 86' lang='lat' dir='ltr'><strong>petit,</strong></span> <span class='ocrx_word' id='word_1_447' title='bbox 464 4906 673 4964; x_wconf 90' lang='lat' dir='ltr'><strong>oratur,</strong></span> <span class='ocrx_word' id='word_1_448' title='bbox 709 4898 935 4969; x_wconf 87' lang='lat' dir='ltr'><strong>largitur</strong></span> <span class='ocrx_word' id='word_1_449' title='bbox 963 4908 1016 4952; x_wconf 91' lang='lat' dir='ltr'><strong>et</strong></span> <span class='ocrx_word' id='word_1_450' title='bbox 1047 4899 1259 4953; x_wconf 87' lang='lat' dir='ltr'><strong>obtinet</strong></span> <span class='ocrx_word' id='word_1_451' title='bbox 1290 4899 1458 4966; x_wconf 87' lang='lat' dir='ltr'><strong>idem,</strong></span> 
     </span>
    </p>
   </div>
   <div class='ocr_carea' id='block_1_77' title="bbox 151 4975 1674 5059">
    <p class='ocr_par' dir='ltr' id='par_1_77' title="bbox 151 4975 1674 5059">
     <span class='ocr_line' id='line_1_77' title="bbox 151 4975 1674 5059; baseline 0.009 -30"><span class='ocrx_word' id='word_1_452' title='bbox 151 4975 401 5049; x_wconf 90' lang='lat' dir='ltr'><strong>lmpetrat</strong></span> <span class='ocrx_word' id='word_1_453' title='bbox 431 4993 484 5040; x_wconf 89' lang='lat' dir='ltr'><strong>et</strong></span> <span class='ocrx_word' id='word_1_454' title='bbox 513 5003 726 5057; x_wconf 88' lang='lat' dir='ltr'><strong>pacem,</strong></span> <span class='ocrx_word' id='word_1_455' title='bbox 761 4987 1086 5058; x_wconf 76' lang='lat' dir='ltr'><strong>praecelsum</strong></span> <span class='ocrx_word' id='word_1_456' title='bbox 1117 4998 1338 5059; x_wconf 86' lang='lat' dir='ltr'><strong>praestat</strong></span> <span class='ocrx_word' id='word_1_457' title='bbox 1380 4991 1674 5054; x_wconf 90' lang='lat' dir='ltr'><strong>honorem;</strong></span> 
     </span>
    </p>
   </div>
   <div class='ocr_carea' id='block_1_78' title="bbox 151 5067 1592 5153">
    <p class='ocr_par' dir='ltr' id='par_1_78' title="bbox 151 5067 1592 5153">
     <span class='ocr_line' id='line_1_78' title="bbox 151 5067 1592 5153; baseline 0.013 -34"><span class='ocrx_word' id='word_1_458' title='bbox 151 5067 448 5142; x_wconf 88' lang='lat' dir='ltr'><strong>Torquctur</strong></span> <span class='ocrx_word' id='word_1_459' title='bbox 475 5096 654 5134; x_wconf 85' lang='lat' dir='ltr'><strong>saevus</strong></span> <span class='ocrx_word' id='word_1_460' title='bbox 685 5080 958 5135; x_wconf 87' lang='lat' dir='ltr'><strong>furorhoc</strong></span> <span class='ocrx_word' id='word_1_461' title='bbox 988 5081 1090 5135; x_wconf 90' lang='lat' dir='ltr'><strong>sub</strong></span> <span class='ocrx_word' id='word_1_462' title='bbox 1116 5083 1325 5136; x_wconf 91' lang='lat' dir='ltr'><strong>honore</strong></span> <span class='ocrx_word' id='word_1_463' title='bbox 1355 5084 1592 5153; x_wconf 92' lang='lat' dir='ltr'><strong>piorum.</strong></span> 
     </span>
    </p>
   </div>
   <div class='ocr_carea' id='block_1_79' title="bbox 155 5155 1629 5244">
    <p class='ocr_par' dir='ltr' id='par_1_79' title="bbox 155 5155 1629 5244">
     <span class='ocr_line' id='line_1_79' title="bbox 155 5155 1629 5244; baseline 0.012 -32"><span class='ocrx_word' id='word_1_464' title='bbox 155 5155 243 5213; x_wconf 90' lang='lat' dir='ltr'><strong>Dat</strong></span> <span class='ocrx_word' id='word_1_465' title='bbox 275 5166 517 5222; x_wconf 88' lang='lat' dir='ltr'><strong>tenebris</strong></span> <span class='ocrx_word' id='word_1_466' title='bbox 548 5169 642 5240; x_wconf 89' lang='lat' dir='ltr'><strong>qui</strong></span> <span class='ocrx_word' id='word_1_467' title='bbox 676 5169 797 5224; x_wconf 86' lang='lat' dir='ltr'><strong>luce</strong></span> <span class='ocrx_word' id='word_1_468' title='bbox 830 5171 1027 5235; x_wconf 87' lang='lat' dir='ltr'><strong>nitent,</strong></span> <span class='ocrx_word' id='word_1_469' title='bbox 1061 5171 1262 5242; x_wconf 89' lang='lat' dir='ltr'><strong>quibus</strong></span> <span class='ocrx_word' id='word_1_470' title='bbox 1293 5173 1472 5227; x_wconf 91' lang='lat' dir='ltr'><strong>uritur</strong></span> <span class='ocrx_word' id='word_1_471' title='bbox 1501 5175 1629 5244; x_wconf 93' lang='lat' dir='ltr'><strong>urit,</strong></span> 
     </span>
    </p>
   </div>
   <div class='ocr_carea' id='block_1_80' title="bbox 149 5247 1430 5337">
    <p class='ocr_par' dir='ltr' id='par_1_80' title="bbox 149 5247 1430 5337">
     <span class='ocr_line' id='line_1_80' title="bbox 149 5247 1430 5337; baseline 0.011 -32"><span class='ocrx_word' id='word_1_472' title='bbox 149 5247 324 5318; x_wconf 73' lang='lat' dir='ltr'><strong>Ipsum</strong></span> <span class='ocrx_word' id='word_1_473' title='bbox 353 5260 516 5315; x_wconf 87' lang='lat' dir='ltr'><strong>etiam</strong></span> <span class='ocrx_word' id='word_1_474' title='bbox 556 5271 764 5332; x_wconf 89' lang='lat' dir='ltr'><strong>patrem</strong></span> <span class='ocrx_word' id='word_1_475' title='bbox 789 5263 892 5317; x_wconf 90' lang='lat' dir='ltr'><strong>diri</strong></span> <span class='ocrx_word' id='word_1_476' title='bbox 928 5265 1179 5319; x_wconf 82' lang='lat' dir='ltr'><strong>custodia</strong></span> <span class='ocrx_word' id='word_1_477' title='bbox 1209 5264 1382 5337; x_wconf 87' lang='lat' dir='ltr'><strong>cingit</strong></span> <span class='ocrx_word' id='word_1_478' title='bbox 1416 5284 1430 5332; x_wconf 92' lang='lat'><strong>;</strong></span> 
     </span>
    </p>
   </div>
   <div class='ocr_carea' id='block_1_81' title="bbox 155 5337 1476 5423">
    <p class='ocr_par' dir='ltr' id='par_1_81' title="bbox 155 5337 1476 5423">
     <span class='ocr_line' id='line_1_81' title="bbox 155 5337 1476 5423; baseline 0.015 -33"><span class='ocrx_word' id='word_1_479' title='bbox 155 5337 353 5400; x_wconf 88' lang='lat' dir='ltr'><strong>Emicat</strong></span> <span class='ocrx_word' id='word_1_480' title='bbox 386 5349 478 5404; x_wconf 88' lang='lat' dir='ltr'><strong>ille</strong></span> <span class='ocrx_word' id='word_1_481' title='bbox 499 5368 694 5421; x_wconf 90' lang='lat' dir='ltr'><strong>specu,</strong></span> <span class='ocrx_word' id='word_1_482' title='bbox 726 5369 829 5407; x_wconf 89' lang='lat' dir='ltr'><strong>nec</strong></span> <span class='ocrx_word' id='word_1_483' title='bbox 857 5362 1011 5423; x_wconf 89' lang='lat' dir='ltr'><strong>septa</strong></span> <span class='ocrx_word' id='word_1_484' title='bbox 1042 5364 1228 5407; x_wconf 89' lang='lat' dir='ltr'><strong>tenere</strong></span> <span class='ocrx_word' id='word_1_485' title='bbox 1256 5355 1476 5410; x_wconf 91' lang='lat' dir='ltr'><strong>beatum</strong></span> 
     </span>
    </p>
   </div>
   <div class='ocr_carea' id='block_1_82' title="bbox 155 5427 1424 5508">
    <p class='ocr_par' dir='ltr' id='par_1_82' title="bbox 155 5427 1424 5508">
     <span class='ocr_line' id='line_1_82' title="bbox 155 5427 1424 5508; baseline 0.007 -19"><span class='ocrx_word' id='word_1_486' title='bbox 155 5427 313 5505; x_wconf 72' lang='lat' dir='ltr'><strong>Regia</strong></span> <span class='ocrx_word' id='word_1_487' title='bbox 340 5441 659 5508; x_wconf 86' lang='lat' dir='ltr'><strong>proficiunt,</strong></span> <span class='ocrx_word' id='word_1_488' title='bbox 691 5444 920 5497; x_wconf 68' lang='lat' dir='ltr'><strong>caelivel</strong></span> <span class='ocrx_word' id='word_1_489' title='bbox 945 5443 1168 5497; x_wconf 87' lang='lat' dir='ltr'><strong>demere</strong></span> <span class='ocrx_word' id='word_1_490' title='bbox 1199 5453 1424 5499; x_wconf 88' lang='lat' dir='ltr'><strong>sortem.</strong></span> 
     </span>
    </p>
   </div>
   <div class='ocr_carea' id='block_1_83' title="bbox 155 5516 1620 5602">
    <p class='ocr_par' dir='ltr' id='par_1_83' title="bbox 155 5516 1620 5602">
     <span class='ocr_line' id='line_1_83' title="bbox 155 5516 1620 5602; baseline 0.004 -23"><span class='ocrx_word' id='word_1_491' title='bbox 155 5516 455 5593; x_wconf 66' lang='lat' dir='ltr'><strong>Compserat</strong></span> <span class='ocrx_word' id='word_1_492' title='bbox 485 5530 769 5596; x_wconf 89' lang='lat' dir='ltr'><strong>ecclesias,</strong></span> <span class='ocrx_word' id='word_1_493' title='bbox 801 5539 1015 5601; x_wconf 89' lang='lat' dir='ltr'><strong>patrum</strong></span> <span class='ocrx_word' id='word_1_494' title='bbox 1055 5541 1403 5602; x_wconf 84' lang='lat' dir='ltr'><strong>reparaverat</strong></span> <span class='ocrx_word' id='word_1_495' title='bbox 1430 5548 1620 5597; x_wconf 86' lang='lat' dir='ltr'><strong>urnas,</strong></span> 
     </span>
    </p>
   </div>
   <div class='ocr_carea' id='block_1_84' title="bbox 154 5602 1758 5692">
    <p class='ocr_par' dir='ltr' id='par_1_84' title="bbox 154 5602 1758 5692">
     <span class='ocr_line' id='line_1_84' title="bbox 154 5602 1758 5692; baseline 0.007 -30"><span class='ocrx_word' id='word_1_496' title='bbox 154 5602 373 5678; x_wconf 71' lang='lat' dir='ltr'><strong>Pignora</strong></span> <span class='ocrx_word' id='word_1_497' title='bbox 419 5618 585 5692; x_wconf 86' lang='lat' dir='ltr'><strong>digna</strong></span> <span class='ocrx_word' id='word_1_498' title='bbox 617 5619 797 5673; x_wconf 91' lang='lat' dir='ltr'><strong>datam</strong></span> <span class='ocrx_word' id='word_1_499' title='bbox 843 5629 1099 5689; x_wconf 90' lang='lat' dir='ltr'><strong>repetunt</strong></span> <span class='ocrx_word' id='word_1_500' title='bbox 1131 5628 1382 5675; x_wconf 87' lang='lat' dir='ltr'><strong>revocata</strong></span> <span class='ocrx_word' id='word_1_501' title='bbox 1423 5622 1758 5690; x_wconf 88' lang='lat' dir='ltr'><strong>cathedram,</strong></span> 
     </span>
    </p>
   </div>
   <div class='ocr_carea' id='block_1_85' title="bbox 156 5697 1638 5784">
    <p class='ocr_par' dir='ltr' id='par_1_85' title="bbox 156 5697 1638 5784">
     <span class='ocr_line' id='line_1_85' title="bbox 156 5697 1638 5784; baseline 0.008 -28"><span class='ocrx_word' id='word_1_502' title='bbox 156 5697 257 5757; x_wconf 80' lang='lat' dir='ltr'><strong>Nec</strong></span> <span class='ocrx_word' id='word_1_503' title='bbox 295 5707 515 5784; x_wconf 85' lang='lat' dir='ltr'><strong>longum</strong></span> <span class='ocrx_word' id='word_1_504' title='bbox 549 5729 778 5783; x_wconf 87' lang='lat' dir='ltr'><strong>rapuere</strong></span> <span class='ocrx_word' id='word_1_505' title='bbox 801 5719 1006 5768; x_wconf 91' lang='lat' dir='ltr'><strong>trucem</strong></span> <span class='ocrx_word' id='word_1_506' title='bbox 1043 5720 1316 5770; x_wconf 89' lang='lat' dir='ltr'><strong>tormenta</strong></span> <span class='ocrx_word' id='word_1_507' title='bbox 1350 5722 1638 5784; x_wconf 81' lang='lat' dir='ltr'><strong>tyrannum</strong></span> 
     </span>
    </p>
   </div>
   <div class='ocr_carea' id='block_1_86' title="bbox 1780 4846 1834 4914">
    <p class='ocr_par' dir='ltr' id='par_1_86' title="bbox 1780 4846 1834 4914">
     <span class='ocr_line' id='line_1_86' title="bbox 1780 4846 1834 4914; baseline 0 -2"><span class='ocrx_word' id='word_1_508' title='bbox 1780 4846 1834 4914; x_wconf 84' lang='grc' dir='ltr'><strong>Ι)</strong></span> 
     </span>
    </p>
   </div>
   <div class='ocr_carea' id='block_1_87' title="bbox 1784 3527 3130 3604">
    <p class='ocr_par' dir='ltr' id='par_1_87' title="bbox 1784 3527 3130 3604">
     <span class='ocr_line' id='line_1_87' title="bbox 1784 3527 3130 3604; baseline -0.001 -18"><span class='ocrx_word' id='word_1_509' title='bbox 1784 3537 1832 3604; x_wconf 77' lang='lat' dir='ltr'><strong>C</strong></span> <span class='ocrx_word' id='word_1_510' title='bbox 1862 3531 2052 3586; x_wconf 86' lang='lat' dir='ltr'><strong>Debita</strong></span> <span class='ocrx_word' id='word_1_511' title='bbox 2080 3537 2375 3601; x_wconf 89' lang='lat' dir='ltr'><strong>perpetuas</strong></span> <span class='ocrx_word' id='word_1_512' title='bbox 2406 3528 2615 3583; x_wconf 90' lang='lat' dir='ltr'><strong>crudeli</strong></span> <span class='ocrx_word' id='word_1_513' title='bbox 2647 3528 2835 3582; x_wconf 89' lang='lat' dir='ltr'><strong>dantia</strong></span> <span class='ocrx_word' id='word_1_514' title='bbox 2866 3527 3130 3584; x_wconf 83' lang='lat' dir='ltr'><strong>ﬂammas.</strong></span> 
     </span>
    </p>
   </div>
   <div class='ocr_carea' id='block_1_88' title="bbox 1860 3618 3342 3689">
    <p class='ocr_par' dir='ltr' id='par_1_88' title="bbox 1860 3618 3342 3689">
     <span class='ocr_line' id='line_1_88' title="bbox 1860 3618 3342 3689; baseline -0.002 -11"><span class='ocrx_word' id='word_1_515' title='bbox 1860 3625 1975 3678; x_wconf 82' lang='lat' dir='ltr'><strong>.lam</strong></span> <span class='ocrx_word' id='word_1_516' title='bbox 2009 3633 2190 3677; x_wconf 91' lang='lat' dir='ltr'><strong>tamen</strong></span> <span class='ocrx_word' id='word_1_517' title='bbox 2214 3621 2482 3674; x_wconf 89' lang='lat' dir='ltr'><strong>immanes</strong></span> <span class='ocrx_word' id='word_1_518' title='bbox 2505 3619 2734 3673; x_wconf 88' lang='lat' dir='ltr'><strong>dederat</strong></span> <span class='ocrx_word' id='word_1_519' title='bbox 2775 3618 2890 3671; x_wconf 86' lang='lat' dir='ltr'><strong>fera</strong></span> <span class='ocrx_word' id='word_1_520' title='bbox 2919 3618 3104 3673; x_wconf 91' lang='lat' dir='ltr'><strong>bellua</strong></span> <span class='ocrx_word' id='word_1_521' title='bbox 3134 3619 3342 3689; x_wconf 89' lang='lat' dir='ltr'><strong>clades,</strong></span> 
     </span>
    </p>
   </div>
   <div class='ocr_carea' id='block_1_89' title="bbox 1861 3711 3164 3787">
    <p class='ocr_par' dir='ltr' id='par_1_89' title="bbox 1861 3711 3164 3787">
     <span class='ocr_line' id='line_1_89' title="bbox 1861 3711 3164 3787; baseline -0.002 -17"><span class='ocrx_word' id='word_1_522' title='bbox 1861 3717 2194 3787; x_wconf 87' lang='lat' dir='ltr'><strong>lmpugnans</strong></span> <span class='ocrx_word' id='word_1_523' title='bbox 2220 3713 2366 3767; x_wconf 92' lang='lat' dir='ltr'><strong>bello</strong></span> <span class='ocrx_word' id='word_1_524' title='bbox 2400 3711 2609 3765; x_wconf 87' lang='lat' dir='ltr'><strong>fraudis</strong></span> <span class='ocrx_word' id='word_1_525' title='bbox 2641 3711 2731 3781; x_wconf 93' lang='lat' dir='ltr'><strong>pia</strong></span> <span class='ocrx_word' id='word_1_526' title='bbox 2755 3711 2956 3764; x_wconf 74' lang='lat' dir='ltr'><strong>mcenia</strong></span> <span class='ocrx_word' id='word_1_527' title='bbox 2991 3711 3164 3780; x_wconf 90' lang='lat' dir='ltr'><strong>pacis.</strong></span> 
     </span>
    </p>
   </div>
   <div class='ocr_carea' id='block_1_90' title="bbox 1859 3799 3304 3876">
    <p class='ocr_par' dir='ltr' id='par_1_90' title="bbox 1859 3799 3304 3876">
     <span class='ocr_line' id='line_1_90' title="bbox 1859 3799 3304 3876; baseline -0.003 -17"><span class='ocrx_word' id='word_1_528' title='bbox 1859 3805 2219 3876; x_wconf 75' lang='lat' dir='ltr'><strong>Symmachus</strong></span> <span class='ocrx_word' id='word_1_529' title='bbox 2249 3803 2484 3868; x_wconf 87' lang='lat' dir='ltr'><strong>illuster,</strong></span> <span class='ocrx_word' id='word_1_530' title='bbox 2514 3817 2684 3876; x_wconf 86' lang='lat' dir='ltr'><strong>gener</strong></span> <span class='ocrx_word' id='word_1_531' title='bbox 2720 3811 2885 3871; x_wconf 90' lang='lat' dir='ltr'><strong>atque</strong></span> <span class='ocrx_word' id='word_1_532' title='bbox 2918 3799 3141 3854; x_wconf 86' lang='lat' dir='ltr'><strong>Boetius</strong></span> <span class='ocrx_word' id='word_1_533' title='bbox 3170 3816 3304 3856; x_wconf 81' lang='lat' dir='ltr'><strong>ense</strong></span> 
     </span>
    </p>
   </div>
   <div class='ocr_carea' id='block_1_91' title="bbox 1860 3889 3150 3963">
    <p class='ocr_par' dir='ltr' id='par_1_91' title="bbox 1860 3889 3150 3963">
     <span class='ocr_line' id='line_1_91' title="bbox 1860 3889 3150 3963; baseline -0.006 -15"><span class='ocrx_word' id='word_1_534' title='bbox 1860 3895 2157 3948; x_wconf 84' lang='lat' dir='ltr'><strong>Subierant</strong></span> <span class='ocrx_word' id='word_1_535' title='bbox 2195 3892 2353 3960; x_wconf 90' lang='lat' dir='ltr'><strong>cujus</strong></span> <span class='ocrx_word' id='word_1_536' title='bbox 2386 3892 2642 3963; x_wconf 81' lang='lat' dir='ltr'><strong>pretiosae</strong></span> <span class='ocrx_word' id='word_1_537' title='bbox 2676 3906 2903 3944; x_wconf 90' lang='lat' dir='ltr'><strong>munera</strong></span> <span class='ocrx_word' id='word_1_538' title='bbox 2933 3889 3150 3960; x_wconf 80' lang='lat' dir='ltr'><strong>palmae.</strong></span> 
     </span>
    </p>
   </div>
   <div class='ocr_carea' id='block_1_92' title="bbox 1864 3983 3227 4054">
    <p class='ocr_par' dir='ltr' id='par_1_92' title="bbox 1864 3983 3227 4054">
     <span class='ocr_line' id='line_1_92' title="bbox 1864 3983 3227 4054; baseline -0.004 -14"><span class='ocrx_word' id='word_1_539' title='bbox 1864 3986 2096 4041; x_wconf 82' lang='lat' dir='ltr'><strong>Patricio</strong></span> <span class='ocrx_word' id='word_1_540' title='bbox 2127 3987 2226 4039; x_wconf 90' lang='lat' dir='ltr'><strong>sed</strong></span> <span class='ocrx_word' id='word_1_541' title='bbox 2255 3985 2576 4046; x_wconf 87' lang='lat' dir='ltr'><strong>discinctus,</strong></span> <span class='ocrx_word' id='word_1_542' title='bbox 2612 3983 2935 4054; x_wconf 86' lang='lat' dir='ltr'><strong>plantasque</strong></span> <span class='ocrx_word' id='word_1_543' title='bbox 2964 3989 3227 4048; x_wconf 85' lang='lat' dir='ltr'><strong>retectus,</strong></span> 
     </span>
    </p>
   </div>
   <div class='ocr_carea' id='block_1_93' title="bbox 1860 4075 3242 4148">
    <p class='ocr_par' dir='ltr' id='par_1_93' title="bbox 1860 4075 3242 4148">
     <span class='ocr_line' id='line_1_93' title="bbox 1860 4075 3242 4148; baseline -0.004 -18"><span class='ocrx_word' id='word_1_544' title='bbox 1860 4080 2034 4148; x_wconf 78' lang='lat' dir='ltr'><strong>Atque</strong></span> <span class='ocrx_word' id='word_1_545' title='bbox 2067 4094 2264 4131; x_wconf 89' lang='lat' dir='ltr'><strong>manus</strong></span> <span class='ocrx_word' id='word_1_546' title='bbox 2295 4078 2511 4132; x_wconf 85' lang='lat' dir='ltr'><strong>vinctus</strong></span> <span class='ocrx_word' id='word_1_547' title='bbox 2543 4093 2683 4147; x_wconf 80' lang='lat' dir='ltr'><strong>papa</strong></span> <span class='ocrx_word' id='word_1_548' title='bbox 2715 4075 2981 4147; x_wconf 88' lang='lat' dir='ltr'><strong>religante</strong></span> <span class='ocrx_word' id='word_1_549' title='bbox 3011 4075 3242 4138; x_wconf 82' lang='lat' dir='ltr'><strong>Joanne,</strong></span> 
     </span>
    </p>
   </div>
   <div class='ocr_carea' id='block_1_94' title="bbox 1864 4167 3205 4247">
    <p class='ocr_par' dir='ltr' id='par_1_94' title="bbox 1864 4167 3205 4247">
     <span class='ocr_line' id='line_1_94' title="bbox 1864 4167 3205 4247; baseline -0.001 -24"><span class='ocrx_word' id='word_1_550' title='bbox 1864 4170 2075 4223; x_wconf 90' lang='lat' dir='ltr'><strong>lnditus</strong></span> <span class='ocrx_word' id='word_1_551' title='bbox 2108 4169 2401 4247; x_wconf 70' lang='lat' dir='ltr'><strong>ignivomae</strong></span> <span class='ocrx_word' id='word_1_552' title='bbox 2430 4168 2653 4221; x_wconf 86' lang='lat' dir='ltr'><strong>Vulcani</strong></span> <span class='ocrx_word' id='word_1_553' title='bbox 2689 4167 3034 4240; x_wconf 83' lang='lat' dir='ltr'><strong>immergitur</strong></span> <span class='ocrx_word' id='word_1_554' title='bbox 3061 4167 3205 4221; x_wconf 77' lang='lat' dir='ltr'><strong>ollae.</strong></span> 
     </span>
    </p>
   </div>
   <div class='ocr_carea' id='block_1_95' title="bbox 1862 4255 3407 4331">
    <p class='ocr_par' dir='ltr' id='par_1_95' title="bbox 1862 4255 3407 4331">
     <span class='ocr_line' id='line_1_95' title="bbox 1862 4255 3407 4331; baseline -0.004 -18"><span class='ocrx_word' id='word_1_555' title='bbox 1862 4260 2221 4330; x_wconf 77' lang='lat' dir='ltr'><strong>Symmachus</strong></span> <span class='ocrx_word' id='word_1_556' title='bbox 2249 4258 2338 4313; x_wconf 90' lang='lat' dir='ltr'><strong>hic</strong></span> <span class='ocrx_word' id='word_1_557' title='bbox 2359 4258 2550 4313; x_wconf 90' lang='lat' dir='ltr'><strong>consul</strong></span> <span class='ocrx_word' id='word_1_558' title='bbox 2577 4258 2817 4331; x_wconf 88' lang='lat' dir='ltr'><strong>genitam</strong></span> <span class='ocrx_word' id='word_1_559' title='bbox 2849 4257 3177 4329; x_wconf 86' lang='lat' dir='ltr'><strong>cognomine</strong></span> <span class='ocrx_word' id='word_1_560' title='bbox 3205 4255 3407 4309; x_wconf 87' lang='lat' dir='ltr'><strong>Gallam</strong></span> 
     </span>
    </p>
   </div>
   <div class='ocr_carea' id='block_1_96' title="bbox 1867 4349 3128 4420">
    <p class='ocr_par' dir='ltr' id='par_1_96' title="bbox 1867 4349 3128 4420">
     <span class='ocr_line' id='line_1_96' title="bbox 1867 4349 3128 4420; baseline -0.002 -16"><span class='ocrx_word' id='word_1_561' title='bbox 1867 4351 2113 4404; x_wconf 91' lang='lat' dir='ltr'><strong>Cultibus</strong></span> <span class='ocrx_word' id='word_1_562' title='bbox 2135 4351 2343 4404; x_wconf 90' lang='lat' dir='ltr'><strong>enutrit</strong></span> <span class='ocrx_word' id='word_1_563' title='bbox 2364 4351 2586 4414; x_wconf 86' lang='lat' dir='ltr'><strong>sanctis,</strong></span> <span class='ocrx_word' id='word_1_564' title='bbox 2622 4351 2710 4420; x_wconf 92' lang='lat' dir='ltr'><strong>pia</strong></span> <span class='ocrx_word' id='word_1_565' title='bbox 2731 4349 2938 4403; x_wconf 89' lang='lat' dir='ltr'><strong>lumina</strong></span> <span class='ocrx_word' id='word_1_566' title='bbox 2969 4349 3128 4414; x_wconf 89' lang='lat' dir='ltr'><strong>fudit,</strong></span> 
     </span>
    </p>
   </div>
   <div class='ocr_carea' id='block_1_97' title="bbox 1864 4438 3249 4510">
    <p class='ocr_par' dir='ltr' id='par_1_97' title="bbox 1864 4438 3249 4510">
     <span class='ocr_line' id='line_1_97' title="bbox 1864 4438 3249 4510; baseline 0.001 -18"><span class='ocrx_word' id='word_1_567' title='bbox 1864 4439 2082 4494; x_wconf 87' lang='lat' dir='ltr'><strong>Tradita</strong></span> <span class='ocrx_word' id='word_1_568' title='bbox 2112 4456 2233 4510; x_wconf 79' lang='lat' dir='ltr'><strong>quae</strong></span> <span class='ocrx_word' id='word_1_569' title='bbox 2267 4439 2521 4493; x_wconf 87' lang='lat' dir='ltr'><strong>thalamis</strong></span> <span class='ocrx_word' id='word_1_570' title='bbox 2547 4455 2692 4493; x_wconf 89' lang='lat' dir='ltr'><strong>anno</strong></span> <span class='ocrx_word' id='word_1_571' title='bbox 2723 4438 2946 4492; x_wconf 79' lang='lat' dir='ltr'><strong>viduata</strong></span> <span class='ocrx_word' id='word_1_572' title='bbox 2975 4439 3078 4492; x_wconf 93' lang='lat' dir='ltr'><strong>sub</strong></span> <span class='ocrx_word' id='word_1_573' title='bbox 3111 4439 3249 4510; x_wconf 79' lang='lat' dir='ltr'><strong>ipso,</strong></span> 
     </span>
    </p>
   </div>
   <div class='ocr_carea' id='block_1_98' title="bbox 1866 4526 3162 4597">
    <p class='ocr_par' dir='ltr' id='par_1_98' title="bbox 1866 4526 3162 4597">
     <span class='ocr_line' id='line_1_98' title="bbox 1866 4526 3162 4597; baseline 0 -17"><span class='ocrx_word' id='word_1_574' title='bbox 1866 4527 2117 4597; x_wconf 88' lang='lat' dir='ltr'><strong>Disponit</strong></span> <span class='ocrx_word' id='word_1_575' title='bbox 2143 4526 2348 4581; x_wconf 89' lang='lat' dir='ltr'><strong>servire</strong></span> <span class='ocrx_word' id='word_1_576' title='bbox 2391 4527 2522 4595; x_wconf 90' lang='lat' dir='ltr'><strong>Deo,</strong></span> <span class='ocrx_word' id='word_1_577' title='bbox 2548 4543 2648 4580; x_wconf 90' lang='lat' dir='ltr'><strong>nec</strong></span> <span class='ocrx_word' id='word_1_578' title='bbox 2682 4535 2931 4597; x_wconf 90' lang='lat' dir='ltr'><strong>tempora</strong></span> <span class='ocrx_word' id='word_1_579' title='bbox 2961 4544 3162 4581; x_wconf 89' lang='lat' dir='ltr'><strong>curans</strong></span> 
     </span>
    </p>
   </div>
   <div class='ocr_carea' id='block_1_99' title="bbox 1865 4618 3228 4689">
    <p class='ocr_par' dir='ltr' id='par_1_99' title="bbox 1865 4618 3228 4689">
     <span class='ocr_line' id='line_1_99' title="bbox 1865 4618 3228 4689; baseline -0.001 -16"><span class='ocrx_word' id='word_1_580' title='bbox 1865 4619 2055 4673; x_wconf 60' lang='lat' dir='ltr'><strong>fEtatis</strong></span> <span class='ocrx_word' id='word_1_581' title='bbox 2086 4627 2311 4684; x_wconf 83' lang='lat' dir='ltr'><strong>tenerae,</strong></span> <span class='ocrx_word' id='word_1_582' title='bbox 2346 4635 2445 4673; x_wconf 90' lang='lat' dir='ltr'><strong>nec</strong></span> <span class='ocrx_word' id='word_1_583' title='bbox 2478 4635 2632 4689; x_wconf 87' lang='lat' dir='ltr'><strong>Opes,</strong></span> <span class='ocrx_word' id='word_1_584' title='bbox 2662 4618 2746 4672; x_wconf 88' lang='lat' dir='ltr'><strong>vel</strong></span> <span class='ocrx_word' id='word_1_585' title='bbox 2787 4619 3028 4673; x_wconf 90' lang='lat' dir='ltr'><strong>culmina</strong></span> <span class='ocrx_word' id='word_1_586' title='bbox 3057 4618 3228 4684; x_wconf 80' lang='lat' dir='ltr'><strong>saecli,</strong></span> 
     </span>
    </p>
   </div>
   <div class='ocr_carea' id='block_1_100' title="bbox 1865 4709 3256 4784">
    <p class='ocr_par' dir='ltr' id='par_1_100' title="bbox 1865 4709 3256 4784">
     <span class='ocr_line' id='line_1_100' title="bbox 1865 4709 3256 4784; baseline -0.001 -20"><span class='ocrx_word' id='word_1_587' title='bbox 1865 4711 2164 4784; x_wconf 86' lang='lat' dir='ltr'><strong>Sanguinis</strong></span> <span class='ocrx_word' id='word_1_588' title='bbox 2188 4711 2393 4784; x_wconf 88' lang='lat' dir='ltr'><strong>igneoli</strong></span> <span class='ocrx_word' id='word_1_589' title='bbox 2423 4727 2524 4765; x_wconf 92' lang='lat' dir='ltr'><strong>nec</strong></span> <span class='ocrx_word' id='word_1_590' title='bbox 2553 4709 2695 4764; x_wconf 64' lang='lat' dir='ltr'><strong>fanda</strong></span> <span class='ocrx_word' id='word_1_591' title='bbox 2722 4717 2908 4764; x_wconf 89' lang='lat' dir='ltr'><strong>notata</strong></span> <span class='ocrx_word' id='word_1_592' title='bbox 2932 4725 3256 4780; x_wconf 86' lang='lat' dir='ltr'><strong>pavescens,</strong></span> 
     </span>
    </p>
   </div>
   <div class='ocr_carea' id='block_1_101' title="bbox 1868 4798 3263 4870">
    <p class='ocr_par' dir='ltr' id='par_1_101' title="bbox 1868 4798 3263 4870">
     <span class='ocr_line' id='line_1_101' title="bbox 1868 4798 3263 4870; baseline 0.001 -19"><span class='ocrx_word' id='word_1_593' title='bbox 1868 4799 2201 4866; x_wconf 82' lang='lat' dir='ltr'><strong>Barbariem,</strong></span> <span class='ocrx_word' id='word_1_594' title='bbox 2239 4815 2340 4853; x_wconf 90' lang='lat' dir='ltr'><strong>nec</strong></span> <span class='ocrx_word' id='word_1_595' title='bbox 2373 4798 2517 4853; x_wconf 88' lang='lat' dir='ltr'><strong>ferre</strong></span> <span class='ocrx_word' id='word_1_596' title='bbox 2550 4800 2690 4870; x_wconf 90' lang='lat' dir='ltr'><strong>pilos</strong></span> <span class='ocrx_word' id='word_1_597' title='bbox 2726 4799 3018 4853; x_wconf 88' lang='lat' dir='ltr'><strong>muliebria</strong></span> <span class='ocrx_word' id='word_1_598' title='bbox 3040 4815 3263 4853; x_wconf 88' lang='lat' dir='ltr'><strong>servans</strong></span> 
     </span>
    </p>
   </div>
   <div class='ocr_carea' id='block_1_102' title="bbox 1866 4887 3338 4957">
    <p class='ocr_par' dir='ltr' id='par_1_102' title="bbox 1866 4887 3338 4957">
     <span class='ocr_line' id='line_1_102' title="bbox 1866 4887 3338 4957; baseline 0.001 -17"><span class='ocrx_word' id='word_1_599' title='bbox 1866 4888 1948 4940; x_wconf 81' lang='lat' dir='ltr'><strong>Nil</strong></span> <span class='ocrx_word' id='word_1_600' title='bbox 1986 4895 2249 4957; x_wconf 88' lang='lat' dir='ltr'><strong>reputans</strong></span> <span class='ocrx_word' id='word_1_601' title='bbox 2280 4887 2485 4942; x_wconf 86' lang='lat' dir='ltr'><strong>foedum</strong></span> <span class='ocrx_word' id='word_1_602' title='bbox 2510 4888 2719 4943; x_wconf 87' lang='lat' dir='ltr'><strong>Christo</strong></span> <span class='ocrx_word' id='word_1_603' title='bbox 2752 4888 2857 4943; x_wconf 90' lang='lat' dir='ltr'><strong>nisi</strong></span> <span class='ocrx_word' id='word_1_604' title='bbox 2888 4888 3073 4942; x_wconf 84' lang='lat' dir='ltr'><strong>fallare</strong></span> <span class='ocrx_word' id='word_1_605' title='bbox 3107 4895 3338 4951; x_wconf 83' lang='lat' dir='ltr'><strong>tantum,</strong></span> 
     </span>
    </p>
   </div>
   <div class='ocr_carea' id='block_1_103' title="bbox 1864 4979 3070 5050">
    <p class='ocr_par' dir='ltr' id='par_1_103' title="bbox 1864 4979 3070 5050">
     <span class='ocr_line' id='line_1_103' title="bbox 1864 4979 3070 5050; baseline 0.001 -18"><span class='ocrx_word' id='word_1_606' title='bbox 1864 4979 2184 5050; x_wconf 80' lang='lat' dir='ltr'><strong>lttilitiaeque</strong></span> <span class='ocrx_word' id='word_1_607' title='bbox 2226 4980 2336 5049; x_wconf 86' lang='lat' dir='ltr'><strong>poli</strong></span> <span class='ocrx_word' id='word_1_608' title='bbox 2370 4987 2482 5034; x_wconf 89' lang='lat' dir='ltr'><strong>toto</strong></span> <span class='ocrx_word' id='word_1_609' title='bbox 2500 4997 2558 5035; x_wconf 88' lang='lat' dir='ltr'><strong>se</strong></span> <span class='ocrx_word' id='word_1_610' title='bbox 2585 4990 2806 5050; x_wconf 89' lang='lat' dir='ltr'><strong>pectore</strong></span> <span class='ocrx_word' id='word_1_611' title='bbox 2839 4980 3070 5045; x_wconf 88' lang='lat' dir='ltr'><strong>dedens,</strong></span> 
     </span>
    </p>
   </div>
   <div class='ocr_carea' id='block_1_104' title="bbox 1867 5061 3133 5132">
    <p class='ocr_par' dir='ltr' id='par_1_104' title="bbox 1867 5061 3133 5132">
     <span class='ocr_line' id='line_1_104' title="bbox 1867 5061 3133 5132; baseline 0 -10"><span class='ocrx_word' id='word_1_612' title='bbox 1867 5068 2036 5122; x_wconf 89' lang='lat' dir='ltr'><strong>Castis</strong></span> <span class='ocrx_word' id='word_1_613' title='bbox 2065 5085 2122 5122; x_wconf 88' lang='lat' dir='ltr'><strong>se</strong></span> <span class='ocrx_word' id='word_1_614' title='bbox 2155 5067 2358 5122; x_wconf 91' lang='lat' dir='ltr'><strong>subicit</strong></span> <span class='ocrx_word' id='word_1_615' title='bbox 2385 5061 2595 5132; x_wconf 82' lang='lat' dir='ltr'><strong>castris,</strong></span> <span class='ocrx_word' id='word_1_616' title='bbox 2626 5068 2928 5123; x_wconf 89' lang='lat' dir='ltr'><strong>innnobilis</strong></span> <span class='ocrx_word' id='word_1_617' title='bbox 2959 5083 3133 5123; x_wconf 88' lang='lat' dir='ltr'><strong>annos</strong></span> 
     </span>
    </p>
   </div>
   <div class='ocr_carea' id='block_1_105' title="bbox 1863 5159 3398 5235">
    <p class='ocr_par' dir='ltr' id='par_1_105' title="bbox 1863 5159 3398 5235">
     <span class='ocr_line' id='line_1_105' title="bbox 1863 5159 3398 5235; baseline -0.001 -21"><span class='ocrx_word' id='word_1_618' title='bbox 1863 5161 2201 5215; x_wconf 89' lang='lat' dir='ltr'><strong>Continuans</strong></span> <span class='ocrx_word' id='word_1_619' title='bbox 2233 5160 2438 5229; x_wconf 90' lang='lat' dir='ltr'><strong>plures,</strong></span> <span class='ocrx_word' id='word_1_620' title='bbox 2461 5159 2826 5231; x_wconf 88' lang='lat' dir='ltr'><strong>manibusque</strong></span> <span class='ocrx_word' id='word_1_621' title='bbox 2847 5168 2900 5214; x_wconf 90' lang='lat' dir='ltr'><strong>et</strong></span> <span class='ocrx_word' id='word_1_622' title='bbox 2932 5169 3116 5214; x_wconf 86' lang='lat' dir='ltr'><strong>mente</strong></span> <span class='ocrx_word' id='word_1_623' title='bbox 3142 5161 3398 5235; x_wconf 87' lang='lat' dir='ltr'><strong>benigna,</strong></span> 
     </span>
    </p>
   </div>
   <div class='ocr_carea' id='block_1_106' title="bbox 1864 5250 3165 5326">
    <p class='ocr_par' dir='ltr' id='par_1_106' title="bbox 1864 5250 3165 5326">
     <span class='ocr_line' id='line_1_106' title="bbox 1864 5250 3165 5326; baseline 0.001 -21"><span class='ocrx_word' id='word_1_624' title='bbox 1864 5251 2100 5326; x_wconf 83' lang='lat' dir='ltr'><strong>Prodiga</strong></span> <span class='ocrx_word' id='word_1_625' title='bbox 2131 5251 2467 5323; x_wconf 88' lang='lat' dir='ltr'><strong>pauperibus</strong></span> <span class='ocrx_word' id='word_1_626' title='bbox 2492 5251 2630 5306; x_wconf 82' lang='lat' dir='ltr'><strong>votis</strong></span> <span class='ocrx_word' id='word_1_627' title='bbox 2654 5250 2857 5305; x_wconf 86' lang='lat' dir='ltr'><strong>insistit</strong></span> <span class='ocrx_word' id='word_1_628' title='bbox 2888 5251 3165 5306; x_wconf 87' lang='lat' dir='ltr'><strong>honestis:</strong></span> 
     </span>
    </p>
   </div>
   <div class='ocr_carea' id='block_1_107' title="bbox 1864 5346 3344 5421">
    <p class='ocr_par' dir='ltr' id='par_1_107' title="bbox 1864 5346 3344 5421">
     <span class='ocr_line' id='line_1_107' title="bbox 1864 5346 3344 5421; baseline -0.001 -22"><span class='ocrx_word' id='word_1_629' title='bbox 1864 5347 1940 5400; x_wconf 81' lang='lat' dir='ltr'><strong>Ad</strong></span> <span class='ocrx_word' id='word_1_630' title='bbox 1974 5354 2211 5417; x_wconf 89' lang='lat' dir='ltr'><strong>palmam</strong></span> <span class='ocrx_word' id='word_1_631' title='bbox 2244 5364 2365 5418; x_wconf 85' lang='lat' dir='ltr'><strong>quae</strong></span> <span class='ocrx_word' id='word_1_632' title='bbox 2387 5347 2517 5400; x_wconf 90' lang='lat' dir='ltr'><strong>dum</strong></span> <span class='ocrx_word' id='word_1_633' title='bbox 2552 5346 2787 5417; x_wconf 72' lang='lat' dir='ltr'><strong>ccelique</strong></span> <span class='ocrx_word' id='word_1_634' title='bbox 2809 5347 2875 5400; x_wconf 92' lang='lat' dir='ltr'><strong>ad</strong></span> <span class='ocrx_word' id='word_1_635' title='bbox 2908 5363 3075 5421; x_wconf 87' lang='lat' dir='ltr'><strong>regna</strong></span> <span class='ocrx_word' id='word_1_636' title='bbox 3101 5352 3344 5412; x_wconf 89' lang='lat' dir='ltr'><strong>vocatur,</strong></span> 
     </span>
    </p>
   </div>
   <div class='ocr_carea' id='block_1_108' title="bbox 1867 5438 3238 5518">
    <p class='ocr_par' dir='ltr' id='par_1_108' title="bbox 1867 5438 3238 5518">
     <span class='ocr_line' id='line_1_108' title="bbox 1867 5438 3238 5518; baseline -0.001 -27"><span class='ocrx_word' id='word_1_637' title='bbox 1867 5438 2106 5508; x_wconf 88' lang='lat' dir='ltr'><strong>Corpore</strong></span> <span class='ocrx_word' id='word_1_638' title='bbox 2149 5439 2483 5504; x_wconf 87' lang='lat' dir='ltr'><strong>concutitur,</strong></span> <span class='ocrx_word' id='word_1_639' title='bbox 2516 5454 2716 5509; x_wconf 85' lang='lat' dir='ltr'><strong>supera</strong></span> <span class='ocrx_word' id='word_1_640' title='bbox 2746 5455 2803 5492; x_wconf 89' lang='lat' dir='ltr'><strong>se</strong></span> <span class='ocrx_word' id='word_1_641' title='bbox 2835 5454 2969 5509; x_wconf 87' lang='lat' dir='ltr'><strong>pace</strong></span> <span class='ocrx_word' id='word_1_642' title='bbox 3002 5440 3238 5518; x_wconf 74' lang='lat' dir='ltr'><strong>levatur:</strong></span> 
     </span>
    </p>
   </div>
   <div class='ocr_carea' id='block_1_109' title="bbox 1867 5529 3223 5602">
    <p class='ocr_par' dir='ltr' id='par_1_109' title="bbox 1867 5529 3223 5602">
     <span class='ocr_line' id='line_1_109' title="bbox 1867 5529 3223 5602; baseline 0.001 -20"><span class='ocrx_word' id='word_1_643' title='bbox 1867 5529 2125 5584; x_wconf 87' lang='lat' dir='ltr'><strong>Solamen</strong></span> <span class='ocrx_word' id='word_1_644' title='bbox 2156 5530 2321 5590; x_wconf 87' lang='lat' dir='ltr'><strong>Petri,</strong></span> <span class='ocrx_word' id='word_1_645' title='bbox 2359 5531 2681 5602; x_wconf 81' lang='lat' dir='ltr'><strong>vultumque</strong></span> <span class='ocrx_word' id='word_1_646' title='bbox 2709 5538 2762 5586; x_wconf 91' lang='lat' dir='ltr'><strong>et</strong></span> <span class='ocrx_word' id='word_1_647' title='bbox 2791 5532 2957 5585; x_wconf 88' lang='lat' dir='ltr'><strong>verba</strong></span> <span class='ocrx_word' id='word_1_648' title='bbox 2984 5540 3223 5585; x_wconf 90' lang='lat' dir='ltr'><strong>meretur</strong></span> 
     </span>
    </p>
   </div>
   <div class='ocr_carea' id='block_1_110' title="bbox 1865 5621 3106 5694">
    <p class='ocr_par' dir='ltr' id='par_1_110' title="bbox 1865 5621 3106 5694">
     <span class='ocr_line' id='line_1_110' title="bbox 1865 5621 3106 5694; baseline 0.002 -19"><span class='ocrx_word' id='word_1_649' title='bbox 1865 5622 2012 5676; x_wconf 88' lang='lat' dir='ltr'><strong>Orsis</strong></span> <span class='ocrx_word' id='word_1_650' title='bbox 2033 5622 2198 5694; x_wconf 87' lang='lat' dir='ltr'><strong>digna</strong></span> <span class='ocrx_word' id='word_1_651' title='bbox 2227 5622 2330 5690; x_wconf 88' lang='lat' dir='ltr'><strong>piis</strong></span> <span class='ocrx_word' id='word_1_652' title='bbox 2361 5623 2553 5676; x_wconf 86' lang='lat' dir='ltr'><strong>audire</strong></span> <span class='ocrx_word' id='word_1_653' title='bbox 2580 5632 2633 5677; x_wconf 90' lang='lat' dir='ltr'><strong>et</strong></span> <span class='ocrx_word' id='word_1_654' title='bbox 2665 5621 3106 5691; x_wconf 43' lang='lat' dir='ltr'><strong>rcddere‘voces,</strong></span> 
     </span>
    </p>
   </div>
   <div class='ocr_carea' id='block_1_111' title="bbox 1865 5717 3171 5790">
    <p class='ocr_par' dir='ltr' id='par_1_111' title="bbox 1865 5717 3171 5790">
     <span class='ocr_line' id='line_1_111' title="bbox 1865 5717 3171 5790; baseline 0.002 -19"><span class='ocrx_word' id='word_1_655' title='bbox 1865 5717 2150 5788; x_wconf 78' lang='lat' dir='ltr'><strong>Accirique</strong></span> <span class='ocrx_word' id='word_1_656' title='bbox 2182 5719 2328 5787; x_wconf 90' lang='lat' dir='ltr'><strong>polo,</strong></span> <span class='ocrx_word' id='word_1_657' title='bbox 2360 5720 2680 5787; x_wconf 86' lang='lat' dir='ltr'><strong>peccamina</strong></span> <span class='ocrx_word' id='word_1_658' title='bbox 2715 5737 2877 5776; x_wconf 84' lang='lat' dir='ltr'><strong>nosse</strong></span> <span class='ocrx_word' id='word_1_659' title='bbox 2909 5722 3171 5790; x_wconf 83' lang='lat' dir='ltr'><strong>remissa;</strong></span> 
     </span>
    </p>
   </div>
  </div>
