3972 6208
470 320 569 378 771
1229 309 1597 369 FLODOARDI
1637 307 1945 368 CANONlCl
1984 304 2318 365 REMENSIS
2359 301 2694 364 OPUSCULA
2732 304 3046 363 METRICA.
3711 312 3820 372 772

476 453 538 507 Et
568 450 771 523 pariter
798 446 977 502 charae
1008 443 1327 499 comitatum
1356 457 1515 496 orare
1546 440 1754 495 sororis
2116 446 2157 506 Α
2195 436 2494 511 Egrediens
2523 443 2674 503 voto,
2705 435 2901 491 solatia
2927 436 3080 505 jussa
3106 447 3418 508 sequuntur

470 542 633 597 Audit
662 553 784 611 quae
800 535 1047 591 comitari
1081 534 1281 589 habeat
1304 532 1598 589 benedicta
1623 532 1852 603 petitum
2191 527 2281 582 Sic
2313 534 2367 581 et
2398 526 2684 598 apostolici
2721 528 3069 600 complentur
3100 527 3304 583 famina
3334 528 3500 600 pacti.

469 631 595 686 Post
615 642 862 685 mensem
890 624 1038 700 quod
1070 624 1175 679 iter
1198 623 1401 695 capiat,
1434 621 1711 694 plenoque
1734 618 1956 696 nitescit

1972 741 2181 797 CAPUT
2221 741 2311 796 XI.

1242 853 1323 915 De
1348 854 1575 914 sanctis
1604 852 1816 926 Felice,
1852 848 2174 931 Boni/acia
2211 860 2392 929 atque
2429 853 2728 913 Mercurio
2764 853 3050 931 episcopis

470 995 731 1053 Ecclesiae
764 994 912 1049 Felix
945 990 1178 1047 feliciter
1210 1007 1343 1045 usus
1372 992 1582 1045 honore
2198 988 2335 1045 Pace
2366 988 2556 1045 fruens
2585 994 2639 1043 et
2665 1005 2801 1060 pace
2831 989 3016 1045 nitens
3043 989 3145 1044 sub
3180 1007 3313 1062 pace
3336 991 3595 1063 quiescit.

468 1088 616 1143 Scita
645 1086 814 1152 dicat,
844 1084 936 1156 pia
961 1090 1103 1138 tecta
1137 1082 1301 1148 levat,
1330 1081 1572 1152 collapsa
1605 1082 1889 1147 reformat,
2199 1079 2400 1135 Ordine
2430 1081 2618 1137 divino
2650 1081 2965 1137 Bonifacius
2993 1082 3123 1137 inde
3153 1090 3374 1138 secutus

469 1176 726 1231 Divinum
754 1173 953 1229 attollit
982 1173 1261 1237 columen,
1286 1186 1440 1225 sacra
1461 1170 1587 1238 jura
1618 1177 1889 1236 venustat,
2199 1169 2479 1224 Succurrit
2507 1169 2677 1238 clero,
2709 1169 2873 1225 solvit
2903 1169 3065 1225 famis
3095 1176 3260 1243 atque
3290 1172 3500 1243 periclo

472 1270 537 1323 At
556 1272 747 1324 censet
774 1265 909 1322 solis
936 1262 1196 1336 mysteria
1224 1261 1439 1335 agenda
1476 1261 1715 1317 sacellis.
2196 1260 2500 1317 Mercurius
2531 1270 2654 1332 post
2685 1262 2834 1318 hunc
2860 1263 3083 1345 supplet
3112 1262 3234 1319 loca
3257 1279 3415 1320 sacra
3439 1264 3681 1337 piorum.

1957 1400 2169 1456 CAPUT
2210 1399 2326 1456 XII.

1374 1521 1454 1581 De
1481 1521 1708 1581 sanctis
1740 1520 2015 1598 Agapito,
2055 1519 2404 1580 Cassiodoro
2438 1530 2619 1599 atque
2658 1522 2900 1599 Vigilio.

481 1676 616 1731 Hinc
643 1674 767 1746 pius
793 1673 1056 1749 Agapitus
1087 1677 1347 1745 congesta
1376 1670 1639 1745 ligamina
1665 1669 1890 1740 rumpit,
2132 1674 2182 1743 Β
2207 1671 2340 1726 Huic
2368 1671 2625 1742 praesulta
2656 1671 2839 1729 favore
2866 1673 3087 1730 Patrum
3122 1674 3563 1750 delegatarator.

477 1764 850 1836 Conciliatque
872 1779 1119 1837 gregem,
1152 1761 1456 1816 vinctorum
1488 1759 1709 1830 pondus
1748 1759 1953 1825 adurit,
2205 1762 2631 1818 Praedecessoris
2663 1771 2825 1819 notus
2852 1763 3004 1820 furor
3031 1766 3177 1821 hunc
3217 1782 3440 1839 quoque
3471 1767 3647 1834 vellit,

479 1858 847 1930 Errantesque
873 1856 1085 1911 reducit
1106 1871 1257 1923 oves,
1282 1861 1337 1909 et
1367 1861 1526 1926 pacat
1554 1853 1718 1918 ovile,
2204 1851 2652 1927 Sceptriferoque
2675 1855 2854 1929 agitur
2876 1854 3031 1923 jusso
3058 1870 3317 1926 revocare
3337 1855 3688 1927 chelydrum,

478 1947 661 2019 Pergit
685 1953 738 2001 et
766 1947 832 2001 ad
868 1946 1078 2011 Graios,
1110 1961 1298 2017 pacem
1330 1958 1553 2016 quoque
1584 1942 1809 2014 regibus
1839 1941 2029 2009 aflert;
2208 1945 2430 2000 inmiis
2457 1947 2688 2001 vetitum
2720 1946 2974 2001 Patribus
3002 1947 3279 2002 maculare
3308 1948 3596 2012 sacellum,

480 2037 755 2106 Exceptus
785 2035 888 2090 sub
922 2035 1131 2090 honore
1156 2034 1246 2104 pio
1272 2031 1459 2087 divina
1487 2031 1817 2102 frequentat,
2208 2035 2624 2108 Praecipitisque
2649 2037 2760 2093 oris
2787 2038 3104 2109 persolvere
3136 2045 3297 2110 pacta
3327 2047 3579 2112 rogatur;

478 2134 793 2189 Restituens
818 2149 1042 2208 gressus
1071 2132 1293 2197 claudo,
1320 2130 1414 2185 dat
1444 2129 1646 2184 famina
1677 2137 1854 2194 muto,
2206 2132 2301 2187 [lle
2338 2139 2523 2205 negat,
2553 2132 2893 2205 stultumque
2921 2139 3074 2189 notat
3102 2149 3180 2202 se,
3211 2149 3273 2189 ac
3303 2133 3535 2205 poenitet
3554 2134 3724 2200 orsis,

477 2229 779 2295 Augustum
816 2221 1152 2296 aggreditur,
1183 2220 1404 2291 pietatis
1432 2217 1622 2272 munia
1648 2222 1862 2277 tractat,
2202 2222 2383 2293 Seque
2418 2230 2606 2277 tenere
2636 2222 2784 2277 vices
2809 2222 3080 2291 meminit,
3121 2222 3379 2294 Petrique
3407 2222 3750 2290 cathedram,

477 2320 670 2393 Arguit
701 2333 969 2382 errorem,
1012 2316 1208 2371 temnit
1236 2314 1499 2370 terrentia
1526 2328 1717 2387 regna,
2202 2310 2580 2383 Majorumquc
2614 2310 2811 2382 probat
2833 2312 2985 2386 leges
3004 2320 3060 2367 et
3090 2312 3315 2367 roborat
3339 2317 3495 2367 actus
3525 2329 3539 2365 :

478 2407 698 2461 Dissicit
723 2414 777 2461 et
804 2405 1052 2469 nebulas,
1082 2411 1136 2459 et
1168 2403 1377 2458 fraudis
1408 2407 1601 2473 operta
1634 2398 1857 2454 revelat.
2205 2400 2440 2472 Insurgit
2470 2399 2766 2456 furibunda
2786 2416 3003 2468 manus,
3036 2401 3177 2474 petit
3204 2400 3340 2457 ultio
3365 2400 3565 2456 durum

477 2494 635 2566 Ejicit
658 2501 712 2549 et
747 2494 918 2550 sacris
947 2493 1257 2554 colubrum,
1301 2491 1657 2565 tenebrisgue
1680 2489 1960 2557 jacentem
2206 2498 2265 2547 ln
2307 2500 2460 2564 patre
2482 2500 2795 2564 patronum,
2824 2493 3014 2548 lavieis
3044 2493 3297 2565 culpatur
3318 2500 3374 2549 et
3402 2502 3598 2550 anetor

479 2583 712 2656 Detegit,
742 2589 797 2637 et
822 2582 944 2636 diro
973 2580 1200 2635 mundat
1229 2579 1461 2634 delubra
1484 2593 1731 2643 veneno;
2208 2586 2470 2642 Lethiferi
2509 2586 2759 2652 sceleris,
2792 2586 3031 2658 ducique
3064 2586 3118 2641 in
3147 2586 3353 2656 judicia
3379 2602 3478 2643 ora

478 2674 640 2729 Plebs
671 2680 901 2747 purgata
934 2672 1115 2739 ηίῑθιη
1148 2671 1400 2746 Eandem
1430 2670 1712 2741 Augustus
1756 2668 2022 2723 honorem
2209 2678 2553 2751 Praecipitur,
2587 2680 2738 2735 solus
2767 2686 2954 2735 teneat
2984 2678 3089 2733 nisi
3116 2678 3310 2735 Petrus
3333 2677 3641 2749 alumnum,

480 2765 675 2833 Dejicit
700 2764 986 2830 eximium,
1014 2762 1245 2835 vestigia
1266 2777 1470 2833 pronus
1499 2762 1691 2814 adorat
2210 2767 2437 2823 Caecilia:
2463 2768 2723 2823 inventus
2747 2768 2921 2839 septis
2946 2768 3083 2822 dans
3109 2784 3341 2822 munera
3366 2766 3543 2839 plebi,

482 2852 677 2916 Patris,
707 2861 763 2907 et
783 2850 1013 2922 expulsa
1054 2850 1232 2904 almus
1258 2865 1395 2919 apex
1420 2849 1491 2902 ita
1520 2847 1683 2902 sorde
1712 2844 2001 2915 sacratum!

2208 2860 2271 2915 Et
2301 2867 2485 2915 tentus
2523 2861 2757 2933 cymbae,
2786 2859 3109 2932 Tiberisque
3141 2859 3442 2931 appellitur
3465 2858 3652 2925 undis,

481 2944 629 3015 Papa
661 2943 833 3014 ρθίίῑῖι
864 2948 1035 3007 ῐθηθί,
1068 2941 1346 3012 rebusque
1376 2939 1598 3007 δά.κόιᾶ
1628 2938 1885 3005 redactis,
2130 2998 2175 3022 η
2210 2950 2342 3006 Inde
2364 2950 2545 3005 ferens
2568 2952 2773 3022 populo
2797 2950 3092 3005 benedicta
3122 2950 3229 3006 huc
3257 2965 3435 3022 usque
3452 2948 3736 3021 sequenti,

481 2998 775 3088 Emeritam
808 3050 911 3104 pax
930 3048 1145 3087 summa
1170 2998 1302 3106 leg.“
1329 3046 1667 3103 componere
1698 3031 1923 3097 1110mm,
2128 2998 2178 3068 Ο
2208 3039 2530 3112 Opprobriis
2558 2998 2851 3096 maledicta
2879 3040 3045 3111 capit,
3075 3054 3175 3112 pro
3205 2998 3617 3111 pacejduellitm

481 3124 549 3179 Et
570 3123 798 3179 Romam
817 3122 1066 3178 referunt
1094 3121 1340 3177 victricia
1363 3120 1609 3177 membra
1634 3120 1994 3192 triumphum.
2209 3129 2445 3196 Invenit,
2476 3128 2761 3202 egreditur
2788 3128 2953 3200 vulgo
2978 3144 3238 3200 perversa
3263 3127 3544 3193 frementi,

482 3216 721 3270 Prtesule
746 3230 858 3288 quo
882 3214 1240 3271 Cassiodorus
1266 3214 1563 3285 splendore
1598 3220 1841 3279 senator,
2210 3218 2384 3274 Patris
2408 3228 2682 3274 amatores
2701 3218 3035 3274 comitantur
3052 3225 3204 3291 terga
3228 3223 3508 3272 secantem

487 3304 744 3360 Servitiis
773 3304 910 3380 Agni
943 3320 1002 3359 se
1032 3305 1300 3371 subdens,
1332 3304 1590 3379 dogmata
1620 3304 1766 3358 clara
2212 3308 2505 3377 Fluminis,
2537 3316 2703 3380 atque
2730 3308 2830 3363 sali
2855 3308 3199 3363 Catinensem
3226 3306 3455 3362 actusin
3481 3305 3680 3361 urbem

484 3397 709 3453 Devotis
736 3396 1034 3463 adhibens.
1069 3397 1289 3452 DaVidiS
1308 3397 1550 3451 canniﬂa
1585 3404 1798 3462 ίτδϐιθῐν
2212 3402 2447 3458 Tradere
2462 3400 2713 3470 subjecto
2735 3400 2937 3456 fruitur
2965 3399 3296 3455 charismata
3325 3399 3494 3455 clero.

484 3484 803 3542 Clariftcans
836 3502 1039 3557 supero
1074 3486 1639 3560 modulatzﬁpoemata
1666 3484 1869 3551 nablo;
2215 3493 2349 3548 [nde
2378 3492 2623 3566 religatis
2651 3490 2793 3546 diva:
2823 3490 3147 3546 custodibus
3172 3488 3334 3556 aulae,

485 3578 887 3651 lllustransque
915 3578 1035 3650 pias
1061 3578 1249 3634 divino
1280 3578 1493 3633 lumine
1525 3587 1750 3632 turmas.
2213 3584 2390 3656 Atque
2409 3582 2564 3658 gregi
2596 3581 2844 3653 patribus
2874 3579 3153 3635 minitanti
3190 3596 3249 3635 se
3289 3578 3494 3653 ingerit
3520 3578 3648 3634 urbi

476 3668 689 3724 Attollit
717 3669 941 3741 gemino
969 3675 1300 3739 mentesque
1337 3675 1392 3723 et
1421 3682 1654 3737 corpora
1684 3665 1820 3721 fotu.
2213 3673 2370 3728 Plebs
2397 3672 2595 3728 devota
2611 3678 2820 3742 patrem
2847 3670 3015 3742 capit,
3034 3685 3098 3725 ac
3120 3684 3383 3741 proceres
3398 3667 3515 3723 fera
3536 3668 3847 3733 mandant;

476 3760 743 3816 Silverius
772 3761 891 3815 sine
923 3775 1079 3817 more
1112 3760 1283 3832 gradu
1315 3758 1663 3831 perfungitur
1690 3757 1801 3812 alto
2210 3762 2449 3825 Quaestio
2486 3762 2624 3817 dura
2654 3759 2825 3827 subit,
2856 3758 3092 3814 trahitur
3126 3758 3406 3815 contentio
3436 3757 3692 3832 longum,

481 3848 564 3915 Et,
587 3848 736 3904 clero
766 3847 1049 3914 obstricto,
1083 3847 1307 3919 rapiunt
1330 3862 1454 3902 mox
1478 3846 1587 3901 fata
1610 3855 1924 3918 tyrannum,
2209 3850 2272 3906 Et
2301 3850 2416 3905 rixa
2436 3850 2693 3922 geminus
2712 3850 2803 3905 tali
2824 3848 3171 3905 consumitur
3199 3864 3400 3915 annus,

482 3941 630 3997 Bella
657 3949 842 3997 terunt
872 3941 1126 4012 patriam,
1160 3941 1331 3996 Roma
1360 3940 1653 3995 obsidione
1685 3947 1959 4013 gravatur,
2207 3945 2380 4017 Impia
2402 3953 2619 4017 sceptra
2646 3951 2866 4013 notans,
2894 3960 3050 3999 saevae
3079 3950 3237 4015 pater
3253 3941 3505 4016 improba
3532 3943 3689 4001 vultu

482 4034 666 4111 Surgit
695 4035 818 4089 dira
839 4034 1032 4102 fames,
1064 4034 1237 4105 pestis
1258 4041 1550 4107 grassatur.
1585 4039 1640 4089 et
1668 4033 1837 4101 ensis,
2206 4033 2382 4089 Sumit
2411 4032 2581 4105 ﬂagra
2607 4049 2796 4100 manu,
2828 4033 2947 4087 miti
2980 4032 3223 4087 convitia
3249 4039 3458 4100 mente,

485 4126 547 4181 Ui
580 4126 778 4199 stragis
797 4126 931 4181 satis
953 4134 1227 4194 exactum,
1251 4126 1386 4198 petit
1410 4126 1545 4182 ultio
1573 4142 1792 4198 papam.
2204 4126 2341 4182 llinc
2368 4126 2612 4181 subeunt
2640 4125 2881 4194 majora:
2922 4125 3030 4197 piis
3050 4125 3303 4180 avellitur
3336 4125 3477 4192 aris;

481 4223 546 4275 At
570 4220 763 4277 ﬁrmus
777 4220 888 4290 jam
909 4221 1044 4276 sede
1076 4220 1219 4276 Petri
1247 4220 1504 4277 robustus
1533 4219 1769 4294 agone’m
2203 4216 2352 4272 Colla
2387 4216 2521 4288 ligat
2546 4214 2695 4270 funis
2714 4214 2916 4286 passim
2935 4214 3251 4285 spectacula
3281 4214 3496 4281 dantis;

485 4309 715 4382 Excipit,
757 4311 1097 4386 Augustique
1125 4311 1416 4384 legitstare
1449 4310 1646 4366 obvius
1667 4309 1774 4379 ori,
2129 4372 2178 4386 ἢ
2205 4311 2431 4367 Solvere
2462 4317 2790 4365 consuetum
2822 4315 3008 4380 stupet
3028 4309 3162 4364 urbs
3183 4308 3467 4380 pavefacta
3493 4307 3728 4382 ligatum
3752 4303 3781 4379 ς’

482 4372 712 4459 Dein-de-
738 4372 873 4458 sui;
904 4372 1122 4474 pulsum
1175 4372 1321 4459 baud
1374 4372 1779 4460 redhibendum
1830 4402 2108 4458 mtenibus
2129 4372 2186 4441 D
2207 4401 2430 4456 Solvere
2463 4400 2731 4455 latronem
2761 4372 3027 4466 renuens,
3060 4405 3120 4453 ut
3150 4372 3309 4465 latro,
3332 4372 3564 4472 ligatur:

1755 4495 2036 4570 [anguem,
2208 4491 2473 4566 Mergitur
2501 4490 2559 4545 in
2588 4490 2866 4559 tenebras,
2898 4505 3176 4562 parceque
3216 4488 3389 4544 diaria
3410 4488 3584 4544 fertur

482 4582 637 4638 Unde
676 4582 836 4639 dolos
865 4582 1203 4656 laqueosque
1231 4582 1402 4653 subit,
1436 4600 1601 4656 quem
1632 4581 1827 4637 fraude
1865 4588 2110 4653 potestas
2209 4583 2372 4640 Panis
2409 4600 2637 4656 parvum
2667 4590 2722 4639 et
2746 4599 2933 4655 aquae;
2962 4588 3254 4654 reputatse
3291 4581 3460 4655 digna
3482 4581 3728 4650 subisse,

476 4669 683 4739 Afficit,
711 4678 910 4727 ornatu
942 4671 1143 4744 privat,
1173 4671 1296 4727 sine
1314 4671 1439 4743 jure
1474 4672 1686 4746 fatigat,

2209 4680 2284 4737 Ac
2309 4679 2467 4736 reddi
2492 4678 2709 4735 meritis
2736 4678 3014 4734 consentit
3041 4676 3231 4733 debita
3257 4675 3433 4740 factis,

477 4762 885 4836 Extorremque
909 4763 1085 4837 fugat,
1118 4762 1611 4836 confessoremque
1639 4770 1916 4859 coronati

1906 4845 1916 4859 _
2207 4774 2411 4831 Exsilio
2449 4774 2630 4831 clerus
2654 4773 2871 4839 teritur,
2911 4773 3226 4845 mulctaque
3252 4787 3474 4829 reorum

480 4854 654 4925 Hujus
675 4860 732 4910 et
757 4855 827 4910 ad
854 4854 1097 4911 tumbam
1125 4854 1337 4911 morbis
1362 4854 1623 4927 vitiisque
1654 4854 1916 4927 repulsis'
2205 4861 2476 4919 Afficitur.
2497 4861 2621 4919 Mox
2648 4877 2808 4935 aequa
2833 4870 3043 4918 trucem
3070 4862 3220 4917 subit
3250 4860 3390 4918 ultio
3416 4868 3641 4937 gentem
3669 4879 3684 4916 :

475 4951 830 5023 Assumptum
852 4951 1008 5008 cmlis
1036 4950 1228 5024 pandit
1266 4951 1392 5006 data
1418 4950 1596 5024 gloria
1616 4953 1794 5008 terris.
2207 4953 2496 5009 Barbaries
2523 4952 2751 5024 inimica
2773 4966 2938 5007 ruens
2957 4950 3102 5007 ferro
3129 4950 3351 5006 obsidet
3377 4950 3608 5006 urbem:

475 5043 720 5115 Depo-siti
745 5044 1016 5120 regimen,
1039 5050 1356 5115 sortemque
1384 5043 1620 5118 Vigilius
1645 5045 1833 5112 intrat,
2208 5042 2366 5099 Peste
2390 5042 2570 5115 quatit
2596 5041 2777 5109 famis,
2807 5041 3049 5096 immites
3081 5041 3147 5096 ad
3179 5039 3298 5095 dira
3319 5046 3543 5096 coercet

473 5132 692 5189 Arridet
721 5149 828 5205 pax
858 5132 1152 5205 Hesperiae,
1180 5141 1342 5203 capto
1370 5132 1529 5189 hoste
1561 5133 1864 5204 triumphat
2210 5134 2425 5192 Invadit
2444 5150 2669 5207 quoque
2697 5133 2962 5205 privatam
2988 5132 3264 5189 solamine
3290 5130 3535 5204 plebem,

477 5223 635 5292 Urbs,
666 5223 974 5296 Afrieasque
1005 5224 1168 5281 dolus
1197 5224 1365 5296 prisci
1396 5224 1491 5280 dat
1520 5222 1928 5296 regminajuris
2209 5224 2317 5279 Sed
2349 5223 2493 5279 Petri
2523 5239 2785 5279 mucrone
2809 5221 2970 5293 jubet
3008 5222 3318 5279 reverentia
3343 5221 3518 5292 parci.

472 5316 702 5373 Munera
726 5317 889 5372 tutori
922 5315 1228 5386 spoliorum
1259 5316 1434 5390 gloria
1460 5316 1655 5372 Petro:
2208 5315 2488 5389 Effugiunt
2519 5316 2726 5385 Patres,
2749 5315 3096 5387 desolatique
3126 5329 3379 5370 sororem

474 5409 608 5463 Lata
629 5407 755 5478 epis
786 5407 1051 5482 indignis,
1084 5408 1279 5464 solatia
1308 5425 1479 5480 prona
1509 5408 1779 5475 feruntur,
2208 5408 2329 5464 Rite
2359 5416 2552 5479 petunt
2579 5410 2789 5476 matris,
2820 5407 3161 5481 quaesitaque
3194 5405 3367 5461 fulcra
3396 5411 3711 5476 reportant.

470 5499 649 5568 Atque
679 5495 776 5549 Dei
809 5494 997 5550 famuli
1030 5496 1179 5552 dono
1211 5496 1428 5566 pietatis
1458 5497 1721 5564 aluntur;
2208 5496 2500 5554 Mittituret
2525 5498 2778 5569 Romam,
2806 5497 3088 5552 salvantur
3115 5495 3184 5551 ab
3205 5495 3361 5550 hoste
3392 5491 3659 5562 Quirites,

476 5587 779 5640 Stemmata
799 5588 1085 5657 apostolici
1113 5590 1430 5646 certaminis
1459 5597 1622 5661 atque
1655 5587 1921 5659 triumphi
2209 5588 2549 5661 Salvatique,
2578 5590 2751 5661 patris
2776 5588 2934 5644 reddi
2964 5588 3072 5643 sibi
3099 5587 3353 5663 regmina
3383 5591 3631 5657 poscunt

475 5669 643 5726 Lucis
664 5678 815 5726 arata
836 5673 999 5742 style,
1024 5674 1271 5729 rutilanti
1297 5686 1516 5749 compta
1547 5678 1744 5739 nitore,
2212 5676 2475 5736 Laetiﬁcat
2501 5679 2675 5752 gestis
2701 5680 3004 5752 Augustum
3032 5676 3209 5749 gloria
3237 5675 3460 5745 palmae,
