3972 6208
180 303 288 359 773

178 435 238 488 Et
269 434 445 489 flexus
465 443 684 490 revocat
710 452 928 507 papam,
964 438 1340 509 precibusque
1375 446 1657 509 potentum

179 527 382 582 Reddit
410 529 692 595 collatum,
720 530 966 601 cleriquc
989 531 1260 584 levamine
1291 532 1503 587 fultum.

180 616 278 671 Ille
311 617 665 688 Syracusiam
696 617 863 674 sociis
901 620 1193 676 comitatus
1224 623 1277 676 in
1311 624 1502 677 urbem

807 305 889 359 DE
931 305 1188 362 CHRISTI
1231 305 1596 361 TRIIIMPIIIS
1638 308 1810 362 APUD
1854 307 2118 366 I'I'AIJAM
2166 312 2340 366 LIBRI
2380 312 2516 369 XIV.
2557 343 2620 354 --—
2662 315 2788 369 LIB.
2832 316 2894 370 Χ.

3425 316 3529 373 774

1827 449 1878 515 Α
1912 441 2240 507 Deveniens,
2264 441 2528 514 languore
2554 445 2703 516 gravi
2731 445 2882 499 subit
2904 444 3096 499 ultima
3127 443 3242 500 fati.

1918 537 2150 611 Pignora
2182 542 2416 612 depositi
2451 549 2703 613 repetens
2734 542 2867 597 urbs
2896 542 3061 598 Roma
3084 552 3350 616 receptat.

1667 724 1874 784 CAPUT
1917 731 2053 788 XIII.

903 822 978 880 De
1004 823 1233 884 duobus
1261 825 1440 902 Pelag
1453 829 1522 901 is,
1553 828 1785 891 Joanne
1815 850 2044 910 quoque
2073 843 2124 893 et
2159 835 2467 896 Benedicto
2500 838 2810 914 episcopis.

179 951 458 1025 Pelagius,
490 953 706 1010 modico
735 955 954 1010 Patrum
984 960 1303 1015 moderante
1326 971 1519 1017 senatu

179 1043 456 1098 Praemissi
490 1046 706 1100 mulctae
731 1056 1020 1118 suspectus
1046 1052 1280 1106 crimine
1305 1070 1479 1123 papae,

181 1135 510 1192 Provehitur
533 1141 725 1205 sacris,
755 1157 928 1212 seque
959 1145 1227 1213 approbat
1252 1146 1386 1199 urbe
1400 1154 1588 1201 coacta

179 1223 511 1291 Innocuum,
546 1237 734 1283 monet
763 1246 825 1284 ac
856 1242 1043 1286 censet
1076 1249 1144 1287 ne
1163 1242 1308 1288 sorte
1332 1236 1517 1289 lucelli

180 1317 315 1381 Quis
337 1326 487 1389 petat
515 1319 774 1376 Ecclesiae
805 1324 1046 1388 culmen,
1073 1325 1159 1380 vel
1187 1334 1366 1397 captet
1389 1329 1674 1384 honorem.

183 1407 424 1464 Ornatus
455 1427 717 1482 reparans
735 1413 865 1480 aris,
891 1413 1450 1488 fundaminatemplis

185 1499 448 1568 Instituit,
495 1501 748 1574 Petrique
781 1519 973 1558 urnam
1005 1505 1106 1559 sub
1139 1514 1277 1561 tecta
1307 1510 1565 1578 capessit.

183 1591 514 1648 Sanctorum
539 1597 789 1668 sequitur
818 1605 1134 1654 restaurans
1161 1600 1316 1655 busta
1345 1603 1609 1668 Joannes,

183 1680 316 1744 Quae
357 1699 495 1752 puro
527 1685 658 1740 colit
685 1685 907 1754 affectu,
940 1697 1231 1744 veneratur
1263 1691 1493 1758 honore,

187 1771 465 1841 lmpensis
486 1775 846 1842 ornat,dicat,
880 1785 934 1832 et
975 1795 1083 1833 non
1114 1780 1330 1852 integra
1351 1782 1591 1852 supplet.

189 1858 453 1915 IIostibus
483 1866 787 1933 oppressis,
809 1867 998 1936 patriae
1028 1873 1322 1942 tranquilla
1347 1872 1596 1927 feruntur

186 1951 442 2026 Ingratae,
466 1973 588 2028 quae
621 1959 826 2028 pellere
857 1976 1018 2031 Opem
1052 1971 1278 2020 ventosa
1302 1965 1532 2031 laborat,

1908 966 1960 1019 Is
1989 975 2177 1022 contra
2220 970 2460 1024 retinere
2498 971 2718 1036 ducem,
2753 971 2984 1025 tutarier
3005 971 3218 1038 urbem,

1907 1056 2058 1110 Pacis
2088 1066 2141 1111 et
2168 1075 2342 1129 usque
2369 1060 2476 1129 piae
2506 1077 2601 1129 pro
2635 1078 2865 1114 munere
2885 1061 2952 1114 ad
2981 1062 3169 1115 ultima
3189 1069 3380 1117 certat.

1903 1145 2022 1199 Mox
2067 1145 2224 1199 famis
2251 1154 2304 1199 et
2333 1148 2501 1221 gladii
2525 1148 2804 1202 Benedicti
2837 1156 3082 1218 tempora
3103 1159 3386 1220 quassant,

1904 1236 2310 1307 Ausoniamque
2342 1246 2525 1292 terunt
2549 1239 2784 1311 geminae
2818 1238 3139 1294 discrimina
3169 1255 3347 1311 paenae
3380 1258 3394 1295 :

1905 1332 1989 1396 At,
2025 1331 2326 1386 miserante
2351 1332 2482 1395 Deo,
2526 1333 2680 1387 Nilus
2708 1333 2904 1388 solatia
2937 1334 3103 1406 legat.

1909 1424 2166 1496 Pelagius
2194 1426 2340 1482 hunc
2369 1428 2618 1499 sequitur
2644 1428 2838 1501 pelago
2869 1429 3038 1484 moris
3059 1429 3243 1484 obitur
3270 1429 3410 1499 (188)
3445 1449 3460 1496 ;

1911 1514 2210 1587 lnsurgunt
2242 1517 2505 1587 equidem
2549 1519 2736 1572 nimiae
2756 1535 2877 1572 cum
2910 1518 3164 1573 cladibus
3196 1519 3399 1587 undae;

1913 1603 2045 1658 Ilinc
2067 1606 2227 1660 saevis
2256 1608 2436 1680 agitur
2475 1608 2676 1681 gladiis
2709 1608 2860 1674 urbs,
2905 1609 3034 1662 inde
3070 1610 3351 1680 procellis,

1911 1690 2172 1756 Diluvies,
2193 1695 2469 1766 primique
2505 1703 2692 1766 putata
2724 1697 2968 1766 pericula
2998 1698 3169 1764 saecli,

1911 1779 2138 1835 Comere
2165 1799 2274 1854 quo
2307 1784 2473 1838 valuit
2506 1801 2608 1839 nec
2639 1785 2847 1839 destitit
2878 1786 3020 1839 alma
3048 1788 3246 1842 decore
3282 1807 3296 1851 ;

1832 1847 1883 1914 Β
1909 1871 2002 1927 llic
2026 1883 2180 1945 pater
2209 1884 2372 1947 atque
2393 1877 2531 1930 Petri
2565 1885 2792 1949 argento
2827 1878 3203 1934 circumdatet
3234 1897 3365 1934 auro

1915 1967 2236 2039 Ilelliquias,
2270 1968 2502 2038 aliisque
2534 1977 2686 2038 parat
2718 1969 2803 2038 pia
2836 1969 2996 2023 xenia
3027 1971 3265 2040 templis.

1674 2115 1880 2169 CAPUT
1928 2115 2056 2169 XIV.

1281 2215 1356 2275 De
1380 2217 1585 2276 sancto
1615 2216 1893 2291 Gregorio
1929 2225 1981 2275 et
2012 2217 2294 2291 a/ﬁnibus
2323 2219 2471 2292 ejus.

187 2343 397 2413 Inclyta
439 2346 682 2419 Gregorii
706 2348 948 2405 subeunt
975 2351 1102 2406 hinc
1130 2355 1390 2423 culmina,
1425 2358 1600 2410 caulis

186 2438 557 2511 Excubiisque
588 2443 771 2515 gregis
800 2453 984 2500 custos
1014 2447 1106 2518 qui
1150 2449 1378 2523 pervigil
1400 2451 1632 2518 instans,

185 2535 337 2589 Actis
361 2542 526 2607 atque
565 2538 706 2592 orsis
737 2540 934 2612 agitad
968 2543 1212 2597 cu:lestia
1246 2553 1452 2614 pastos.

186 2627 228 2676 Α
259 2641 432 2695 puero
459 2626 662 2694 justus,
695 2630 962 2695 renitens,
990 2640 1040 2685 et
1072 2635 1340 2707 sanguine
1366 2637 1579 2689 clarus:

186 2715 470 2786 Approbat
500 2718 604 2772 hoc
625 2727 813 2773 atavus
847 2721 1011 2786 Felix,
1057 2723 1364 2794 amitaeque
1390 2725 1562 2779 beatae

184 2808 436 2875 Tarsilla,
472 2811 739 2865 Emiliana
769 2828 948 2877 soror,
969 2831 1115 2884 quae,
1148 2825 1333 2871 mente
1362 2818 1578 2885 dicatae,

188 2897 520 2969 Augmentis
547 2915 771 2954 crevere
805 2903 909 2972 piis
941 2904 992 2956 in
1035 2918 1221 2960 amore
1243 2906 1522 2973 Tonantis,

191 2989 433 3060 Corpore
464 2990 591 3044 dum
622 2993 782 3046 terris
810 2994 1338 3068 degentes,pectora
1369 3000 1527 3053 caelis

191 3079 497 3135 lntulerant
529 3099 542 3146 ;
571 3082 730 3138 titulo
753 3101 980 3154 quarum
1003 3085 1227 3142 Tarsilla
1248 3089 1452 3158 priore,

191 3170 321 3235 Quae
353 3173 608 3228 comebat
642 3174 765 3242 iter,
799 3176 976 3231 Felice
1003 3186 1253 3246 vocante,
1289 3196 1530 3250 superna

192 3263 336 3318 Luce
358 3265 583 3320 domum
609 3268 824 3321 rutilam
855 3269 1005 3340 prior
1027 3272 1228 3342 accipit
1254 3291 1268 3339 ;
1301 3275 1507 3328 arbiter
1522 3273 1672 3329 orbis

192 3355 379 3410 Visere
409 3358 734 3429 migrantem
767 3377 929 3431 quam
959 3378 1068 3417 non
1099 3366 1407 3420 contemnit
1435 3367 1618 3434 Iesus,

193 3450 365 3514 Quem
399 3451 575 3506 solum
605 3454 720 3508 haec
751 3456 978 3526 capiens
1003 3465 1243 3512 astantes
1272 3460 1466 3514 cedere
1500 3460 1740 3527 mandat,

196 3539 350 3594 Hunc
379 3557 549 3610 super
569 3550 714 3596 astra
739 3561 1001 3616 sequens,
1032 3548 1335 3602 vincimina
1393 3557 1570 3604 terrea
1598 3549 1810 3604 transit.

194 3631 491 3687 Nectarcus
521 3641 751 3689 testatur
780 3638 916 3692 odor
947 3640 1165 3694 venisse
1206 3641 1418 3711 piarum

197 3727 447 3784 Latorem
471 3729 696 3801 dapium
723 3733 963 3802 paradisi
1000 3751 1228 3788 munere
1263 3736 1513 3805 plenum,

196 3818 294 3883 Qui
329 3817 486 3890 digni
511 3818 844 3891 fragrantem
877 3822 1061 3892 Operis
1081 3824 1374 3894 spargebat
1400 3824 1623 3878 odorem
1655 3842 1668 3886 ;

195 3912 324 3964 Acta
351 3926 478 3965 caro
507 3911 625 3981 ipsa
644 3920 798 3967 notat
835 3914 1058 3980 cubitis,
1089 3915 1439 3987 genibusque
1469 3914 1707 3969 retectis.

199 3999 446 4053 Luminis
479 4000 626 4053 haud
658 4000 879 4074 longum
918 4003 1155 4056 invitans
1185 4003 1250 4056 ad
1277 4003 1413 4056 festa
1440 4019 1707 4068 sororem,

199 4089 468 4143 Terrenas
497 4099 741 4146 removet
765 4109 945 4160 curas,
969 4093 1245 4147 consortia
1273 4093 1530 4163 spondet,

201 4183 378 4238 Laetos
403 4183 573 4255 inque
600 4185 820 4251 choros,
855 4187 1093 4257 coelique
1116 4187 1167 4240 in
1200 4187 1404 4260 gaudia
1432 4187 1608 4242 ducit.

201 4273 444 4328 Stemma
469 4293 642 4346 nepos
671 4277 893 4350 generis
924 4277 1204 4332 decoravit
1232 4277 1479 4331 moribus
1512 4277 1692 4343 almis,

203 4367 400 4421 Extulit
423 4367 682 4439 ingeniis,
715 4369 915 4422 studiis
945 4368 1166 4423 excudit
1189 4369 1410 4439 Opimis.

202 4458 528 4533 Gregorium
553 4460 821 4528 juvenem
839 4469 1086 4514 materna
1107 4462 1389 4535 legumina
1417 4459 1659 4515 alebant.

201 4553 310 4608 Nec
341 4552 552 4607 mollita
574 4552 732 4619 focis,
756 4554 920 4608 modo
951 4569 1141 4624 sparsa
1167 4553 1504 4624 liquentibus
1527 4553 1710 4606 undis.

201 4644 489 4717 Quemque
520 4644 912 4700 Charaxantem
944 4645 1110 4700 coales
1138 4645 1428 4699 simulatus
1457 4651 1713 4716 egentem

199 4732 495 4807 Naufragio
526 4749 800 4804 pressum,
828 4732 1166 4808 aggreditur,
1197 4731 1454 4805 suffragia
1494 4747 1752 4802 poscens,

202 4824 296 4881 Cui
326 4834 620 4896 postquam
651 4825 846 4880 loculis
869 4832 952 4880 ter
970 4841 1106 4880 sena
1135 4825 1468 4878 numismata
1498 4823 1710 4894 pendit,

201 4918 431 4973 Instanti
459 4925 514 4972 et
545 4917 801 4988 precibus
830 4917 936 4972 sibi
971 4916 1140 4971 multa
1162 4917 1369 4988 perisse
1399 4916 1676 4988 querenti,

200 5011 499 5066 Scutellam
526 5010 740 5077 matris,
774 5009 1133 5084 gerulamque
1160 5009 1458 5083 leguminis
1477 5009 1631 5064 addit
1661 5027 1675 5075 ;

200 5103 350 5170 Post,
392 5105 522 5158 dum
557 5101 897 5174 pauperibus
929 5102 1015 5155 his
1035 5118 1127 5156 sex
1159 5101 1391 5156 obsonia
1423 5101 1550 5156 ferri

202 5193 458 5263 Praecipit
487 5192 786 5263 applicitis,
814 5192 991 5247 cernit
1022 5208 1283 5262 superare
1309 5193 1588 5257 sedentes,

201 5287 439 5342 Mandati
471 5304 761 5342 numerum
794 5288 990 5358 nequit
1011 5297 1295 5358 aspectare
1323 5287 1594 5350 minister,

199 5378 300 5442 Qui
323 5387 583 5448 superest
608 5376 780 5445 jussis
797 5376 1081 5431 convivam
1117 5392 1344 5431 cernere
1372 5375 1522 5430 solus

199 5468 492 5542 Gregorius
518 5469 684 5536 valet,
717 5469 864 5522 hunc
894 5468 1062 5522 variis
1084 5467 1233 5521 varia
1262 5482 1355 5521 ora
1387 5465 1490 5520 sub
1521 5465 1669 5520 horis

199 5563 522 5632 Mutantem,
545 5563 774 5635 reliquis
790 5580 956 5636 quem
986 5562 1135 5618 ducit
1154 5562 1210 5617 in
1227 5561 1415 5616 abdita
1444 5560 1626 5617 missis
1659 5577 1674 5625 ;

277 5707 420 5777 (188)
453 5705 655 5763 Versus
679 5715 990 5781 corruptus.

1914 2358 2204 2412 Personam
2239 2375 2552 2430 nomenque
2583 2370 2772 2434 rOgat;
2808 2372 2969 2438 negat
3001 2364 3093 2418 ille
3134 2374 3322 2422 notare

1913 2448 2159 2502 Nominis
2187 2450 2473 2516 indicium,
2505 2453 2744 2522 prodens
2775 2455 2827 2506 id
2863 2472 3117 2525 premere
3148 2458 3344 2512 mirum

1913 2541 1981 2595 Se
2006 2541 2263 2596 eductum
2297 2541 2413 2596 fore
2444 2545 2724 2616 naufragio
2753 2547 2840 2600 cui
2873 2565 3104 2604 munera
3129 2551 3277 2604 vasis

1916 2631 2234 2699 Coutulerit,
2267 2634 2370 2688 sibi
2403 2634 2607 2706 legarat
2629 2638 2776 2707 quod
2809 2639 2976 2694 Silvia
3006 2649 3201 2709 mater,

1916 2721 2085 2792 quue
2119 2722 2318 2776 habeat
2344 2733 2554 2778 certum
2587 2726 2746 2780 sedes
2763 2743 2828 2780 so
2855 2729 3102 2802 regmina
3131 2730 3273 2786 Petri

1915 2814 2298 2885 Sumplurum,
2328 2816 2407 2871 sic
2438 2817 2749 2888 depositura
2780 2821 3158 2877 moderamine
3174 2840 3390 2881 summo

1914 2906 2229 2962 leicolam
2264 2924 2486 2980 quoque
2516 2927 2575 2964 se
2627 2911 2840 2981 pandit,
2875 2913 3235 2986 perhibetque
3277 2933 3533 2988 pavorem

1915 3000 2137 3053 Attoniti
2197 3017 2507 3056 memorans
2529 3004 2650 3072 ejus
2687 3020 2748 3057 se
2780 3005 2846 3058 ad
2873 3005 3060 3059 munia
3081 3007 3308 3062 missum

1918 3088 2230 3158 Custodem,
2256 3103 2420 3164 atque
2439 3111 2662 3164 precum
2677 3096 2928 3166 gerulum
2949 3113 3117 3168 super
3129 3109 3272 3154 astra
3295 3117 3538 3157 suarum.

1917 3181 2146 3237 Lubrica
2173 3184 2253 3237 sic
2283 3185 2472 3238 mundi
2507 3187 2902 3241 transcendens
2928 3189 3130 3260 gaudia
3170 3193 3400 3247 summis

1915 3273 2124 3327 Attollit
2155 3283 2394 3327 mentem
2432 3275 2621 3340 radiis,
2653 3275 2771 3330 sola
2804 3284 3050 3332 temnere
3083 3290 3397 3351 promptus,

1918 3363 2104 3416 Solum
2137 3363 2332 3417 ardere
2373 3364 2565 3428 Deum,
2593 3364 2804 3418 meritis
2833 3365 3120 3436 acquirere
3142 3370 3368 3435 caelum,

1920 3453 2092 3524 L'tque
2115 3455 2382 3524 patetsibi
2402 3455 2691 3509 missarum
2716 3457 3006 3526 percensio
3041 3474 3247 3523 rerum,

1917 3548 2167 3602 Notiticat
2194 3549 2327 3618 quid
2359 3559 2544 3604 mente
2575 3557 2750 3621 gerat,
2786 3567 3134 3623 quaecunque
3167 3554 3416 3610 latebant

1919 3638 2088 3692 Corde
2120 3638 2290 3708 aperti
2325 3654 2487 3708 ;qu:e
2519 3654 2654 3692 vana
2680 3646 2830 3693 tenet
2861 3639 3066 3710 pietate
3099 3642 3350 3708 remittit,

1919 3727 2164 3784 Cultibus
2192 3737 2357 3801 atque
2389 3731 2559 3784 sacris
2589 3730 2810 3796 subicit,
2843 3729 3074 3801 largitur
3104 3734 3322 3806 egenis,

1920 3819 2152 3890 Ipseque
2185 3819 2361 3874 factus
2388 3836 2560 3892 egens
2589 3818 2859 3873 Christum
2891 3827 3134 3874 sectatur
3154 3837 3389 3894 egenum
3418 3841 3432 3887 ;

1917 3908 2236 3980 Militi-aeque
2269 3909 2458 3964 locans
2487 3919 2615 3980 apto
2644 3909 2764 3964 caeli
2796 3910 2991 3964 ordine
3023 3916 3250 3976 turmas,

1921 3998 2194 4068 Disponit,
2215 3999 2381 4064 fovet,
2415 4008 2651 4066 exercet,
2685 3999 3018 4064 moderatur,
3050 3999 3280 4054 adornat
3309 4017 3322 4065 ;

1921 4092 2066 4146 Inter
2092 4101 2145 4146 et
2171 4100 2386 4148 exertos
2417 4102 2636 4147 exertus
2652 4093 2829 4147 vibrat
2859 4108 3112 4166 agonem,

1918 4179 2181 4253 Tegmine
2207 4198 2329 4236 nam
2355 4183 2557 4236 trabeae
2591 4182 2766 4252 posito
2797 4183 3140 4255 gemmisque
3164 4181 3431 4248 coruscis,

1920 4275 2163 4344 Paupere
2189 4275 2507 4344 squalentes
2537 4275 2724 4328 habitu
2786 4291 2894 4329 non
2929 4275 3116 4328 horret
3142 4273 3376 4329 amictus
3406 4291 3419 4339 ;

1921 4365 2264 4435 Pauperibus
2292 4362 2490 4417 Christi
2519 4364 2656 4436 quin
2685 4380 2896 4436 pauper
2923 4371 2977 4418 et
2998 4364 3114 4434 ipse
3141 4363 3413 4419 ministrat
3450 4381 3462 4416 :

1920 4459 2187 4514 Virtutum
2211 4458 2479 4529 locuples,
2522 4458 2796 4528 sapientia
2826 4457 2911 4512 cui
2941 4457 3094 4529 prior
3118 4472 3273 4525 auro,
3329 4485 3340 4494 -

1923 4548 2172 4602 Culmina
2188 4548 2447 4603 virtutum
2489 4547 2733 4617 lapidum
2766 4548 2980 4618 potiora
3000 4547 3203 4612 nitore,

1923 4640 2102 4695 Gratia
2139 4639 2376 4696 caelestis
2415 4656 2638 4706 census,
2671 4640 3266 4712 habitusque,decore;

1925 4731 2115 4786 Omnia
2139 4732 2226 4786 cui
2260 4739 2480 4786 terrena
2499 4731 2709 4801 jacent,
2729 4730 2977 4786 caelestia
2997 4738 3183 4786 mente

1923 4825 2048 4880 Sola
2078 4826 2256 4881 nitent
2288 4843 2301 4890 ;
2336 4825 2478 4880 inter
2515 4841 2638 4896 quae
2672 4824 2880 4878 lumine
2903 4833 3342 4882 carneatranans

1921 4917 2197 4979 Versatur,
2232 4924 2432 4972 metam
2464 4914 2742 4983 affectans,
2782 4921 2836 4969 et
2860 4916 3088 4986 praemia
3117 4932 3393 4986 quaerens,

1922 5009 2004 5064 Nil
2037 5016 2314 5065 terrenum
2344 5016 2556 5080 aptans,
2590 5007 2666 5062 nil
2692 5009 2803 5077 jam
2837 5008 3056 5063 carnale
3081 5007 3393 5078 requirens,

1924 5098 2004 5152 Nil
2024 5100 2107 5153 vel
2143 5100 2356 5154 habens
2391 5099 2476 5154 vel
2506 5099 2709 5155 habere
2729 5098 2916 5153 sinens
2941 5115 3037 5152 sua
3067 5104 3224 5167 septa
3250 5097 3530 5162 colentes;

1924 5190 2076 5244 Unde
2098 5207 2201 5245 nec
2234 5191 2491 5244 immunis
2521 5189 2726 5260 proprii
2759 5190 2804 5243 si
2835 5190 2972 5244 forte
3004 5195 3255 5259 repertus

1922 5281 2054 5345 Quis
2072 5290 2321 5336 servator
2347 5282 2482 5344 abit,
2515 5282 2676 5336 docet
2700 5281 2754 5335 id
2790 5281 3158 5354 paradigmate
3187 5279 3378 5334 Justus

1923 5371 2137 5426 Inluste
2160 5379 2346 5425 custos
2377 5371 2566 5441 operis
2598 5372 2936 5426 malecautus
2961 5369 3106 5425 avari

1921 5464 2095 5516 Aurea
2116 5462 2203 5516 cui
2239 5463 2450 5532 peperit
2483 5479 2584 5517 nec
2616 5478 2814 5535 magna
2846 5462 3082 5533 pecunia
3114 5461 3367 5517 mulctam

1919 5551 2326 5622 Torseruntque
2348 5551 2492 5606 inter
2515 5551 2883 5606 medicamina
2915 5560 3060 5606 trusa
3087 5567 3321 5610 venena.
