3972 6208
418 282 525 337 775

421 415 590 477 Quem
620 417 774 482 pater
791 416 1010 463 austero
1036 402 1312 457 medicum
1342 398 1709 454 medicamine
1740 412 1960 455 curans.

422 502 659 570 Corpora
687 494 930 552 curantis
952 498 1187 545 mentem
1222 505 1320 559 per
1341 485 1575 541 tormina
1604 492 1760 539 sanat
1787 502 1801 548 ;

423 593 671 663 Pumque
705 590 757 643 in
790 594 965 642 morte
998 584 1145 648 ferit,
1178 582 1366 653 plures
1394 598 1424 635 a
1446 586 1624 635 morte
1656 576 1893 642 reducit,

420 688 556 742 Dum
589 685 658 739 de
678 689 856 739 morte
882 681 1026 734 levat
1056 692 1258 732 munus
1287 675 1448 731 vitale
1466 674 1727 747 resignat,

420 779 529 833 Nec
544 775 809 833 Dominus
841 780 1046 828 tantam
1075 769 1278 841 patitur
1317 767 1541 851 latuisse
1572 764 1866 824 medelam.

419 869 804 938 Germanoque
836 862 1251 935 aperitfunctus
1281 857 1551 914 solamina
1580 856 1721 921 vivo,

420 958 526 1013 Sed
556 973 660 1011 nec
689 953 1012 1010 dissimilem
1047 952 1133 1006 cui
1164 957 1318 1005 terna
1352 948 1683 1002 numismala
1707 944 1872 998 frater

419 1046 738 1103 Contulerat
758 1042 923 1098 sentit
949 1041 1231 1104 mulctam,
1261 1038 1561 1108 auxiliique
1591 1037 1861 1098 levamen,

418 1141 575 1197 Patre
598 1137 917 1195 monasterii
949 1136 1042 1208 qui
1076 1134 1323 1207 proditus
1344 1148 1439 1187 ore
1470 1131 1670 1205 ligatur

419 1232 903 1308 Gregorii‘raptus,
934 1244 1036 1282 nec
1060 1227 1240 1281 adhuc
1263 1222 1565 1279 vincimine
1596 1221 1755 1283 liber,

423 1323 695 1387 Cernitur,
729 1317 914 1374 abbati
943 1332 1202 1389 promens
1238 1330 1296 1369 se
1319 1328 1541 1368 carcere
1580 1310 1848 1374 clausum,

425 1417 560 1470 Dum
594 1413 767 1484 patris
794 1427 891 1466 ore
917 1411 1041 1464 data
1074 1416 1157 1463 est
1188 1407 1367 1463 oratio
1398 1405 1518 1460 fusa
1544 1403 1824 1473 sepulcro.

420 1507 511 1560 Ais
541 1503 735 1575 reliqui
759 1506 1034 1573 aptantur,
1061 1505 1262 1553 cuncto
1293 1510 1515 1567 quoque
1548 1493 1696 1547 fasce
1750 1492 1997 1545 levantur
2024 1515 2041 1573 ;

420 1598 800 1672 Legitimoque
830 1593 993 1648 simul
1022 1592 1226 1645 bellum
1253 1596 1409 1660 pater
1439 1586 1661 1661 agmine
1687 1590 1897 1650 tractat,

425 1694 485 1747 Et
514 1693 718 1748 multos
748 1691 815 1745 ad
846 1706 1015 1761 regna
1039 1687 1171 1759 poli,
1199 1700 1541 1757 superasque
1573 1697 1805 1737 coronas

423 1783 649 1856 Delegat
678 1800 691 1848 ;
716 1795 949 1852 quorum
979 1776 1202 1849 quidam
1223 1782 1454 1829 ventura
1486 1772 1839 1844 prophetam,

421 1877 557 1929 Ante
584 1872 910 1940 obitumque
934 1867 1113 1922 sciunt
1145 1880 1252 1936 quo
1272 1871 1490 1918 sumant
1511 1860 1707 1917 ordine
1740 1859 1963 1931 palmas.

421 1961 629 2033 Aspicit
659 1961 779 2014 hare
808 1965 1069 2028 certoque
1100 1954 1266 2008 refert
1296 1950 1590 2006 Gerontius
1619 1965 1714 2004 ore
1740 1966 1753 2015 ;

422 2051 712 2122 Accipiunt
742 2047 963 2119 quidam
990 2044 1307 2116 peccamina
1334 2042 1501 2096 missa
1537 2038 1737 2105 vocati,

420 2143 721 2213 Securique
756 2141 989 2211 migrant
1021 2156 1035 2203 ;
1066 2137 1260 2209 probat
1291 2136 1395 2189 hoc
1425 2131 1693 2187 Antonius
1712 2137 1857 2196 actu,

426 2239 534 2293 Hac
572 2235 812 2291 Merulus
840 2233 1119 2304 lacrymis,
1177 2230 1545 2303 precibusque
1603 2234 1854 2282 assuetus
1886 2231 2037 2277 uter-

1816 2313 1966 2385 [quer

426 2421 617 2477 Florea
643 2434 809 2493 quem
839 2415 998 2473 caelis
1024 2413 1431 2486 capitidelapsa
1451 2426 1678 2473 corona,

420 2509 734 2566 Jucundum
766 2514 1056 2577 tutumque
1084 2503 1196 2576 agit
1238 2502 1307 2556 ad
1335 2498 1581 2556 caalestia
1606 2513 1795 2570 regna.

421 2603 643 2657 Visibus
670 2608 725 2657 et
755 2600 912 2656 testis
941 2596 1238 2671 fragrantia
1274 2598 1410 2648 mira
1442 2592 1682 2662 sepulcri

418 2691 636 2747 Solatur
660 2688 883 2760 juvenis
912 2702 1133 2757 pressus
1164 2684 1428 2757 languore
1447 2681 1709 2744 Joannes,

424 2785 683 2859 Erigitur,
709 2783 1010 2853 iussusque
1033 2779 1100 2833 ad
1131 2778 1239 2832 fata
1261 2776 1570 2847 prepinqua
1600 2771 1807 2844 parari.

426 2873 699 2939 Caenatur,
732 2884 947 2925 memor
975 2875 1061 2922 est
1086 2865 1247 2936 jussi,
1286 2863 1622 2937 geminoque
1650 2861 1753 2916 sub
1790 2876 1936 2917 anno

428 2967 703 3037 Praeparat
726 2978 1033 3037 egressum,
1061 2959 1380 3030 accitusque
1412 2957 1454 3011 it
1483 2966 1664 3011 certus
1692 2955 1760 3010 ab
1793 2971 1949 3010 urna.

424 3053 690 3129 Egregius
719 3052 880 3107 Pater
908 3050 1124 3105 hortatu
1152 3046 1409 3119 votisque
1439 3046 1670 3101 laborat.

423 3144 599 3198 Lucra
625 3141 710 3197 sui
733 3138 1014 3197 cumulare
1031 3136 1233 3212 gregis,
1248 3137 1403 3206 juvat
1432 3135 1580 3207 aptio
1610 3150 1823 3189 summa

424 3233 574 3289 Velle
603 3247 827 3304 parans,
859 3245 925 3285 ac
988 3243 1151 3300 posse
1179 3226 1385 3291 ferens,
1431 3239 1748 3300 cogensque
1780 3221 2033 3277 rebelles.

417 3326 599 3383 Sensit
627 3324 945 3381 Theodorus
970 3322 1088 3377 hwc
1114 3321 1279 3387 dona,
1312 3334 1648 3390 manumque
1698 3317 2032 3381 trahentem,

418 3419 650 3477 Immitis
676 3434 817 3490 puer
847 3416 1060 3481 irrisor,
1092 3420 1394 3485 captorqne
1435 3412 1677 3483 piorum,

419 3511 631 3582 Accipit
661 3517 717 3565 et
745 3507 982 3564 subitam
1011 3506 1270 3561 sorbente
1287 3504 1525 3559 dracone
1551 3502 1807 3558 salutem.

419 3603 695 3660 Faucibus
734 3606 1023 3671 exemptus
1046 3613 1286 3653 renuens
1319 3596 1731 3667 prohibensque
1776 3592 2046 3664 chelydri,

423 3694 592 3759 Quem
619 3692 709 3764 pia
724 3697 848 3747 vota
870 3689 1080 3763 fugant,
1103 3692 1479 3756 mentemque,
1507 3690 1562 3738 et
1585 3693 1812 3754 pectora
1833 3689 2052 3757 mutant

427 3786 597 3857 Inque
618 3783 706 3838 dei
739 3781 889 3838 cultu
919 3786 1166 3834 statuunt
1196 3784 1250 3832 et
1287 3776 1355 3829 ad
1390 3775 1595 3829 aethera
1625 3774 1866 3829 mittunt.

421 3874 711 3930 Fructibus
740 3872 827 3927 his
864 3871 1079 3942 pollens
1109 3868 1306 3922 ductor
1326 3866 1506 3920 bonus
1535 3872 1701 3936 atque
1727 3863 1933 3919 citatim

422 3963 687 4037 Regmine
710 3976 1015 4034 pennarum
1037 3958 1186 4013 visus
1211 3958 1317 4011 hoc
1337 3954 1606 4010 scandere
1634 3953 1834 4009 coelum
1861 3970 1874 4007 :

422 4061 573 4115 l’une
602 4055 893 4113 ministerii
915 4055 1166 4117 trahitur,
1183 4051 1349 4108 levita
1374 4052 1607 4120 levatur,

419 4152 614 4208 Verbis
638 4158 693 4207 et
727 4148 914 4206 officio
945 4147 1173 4220 dignum
1205 4144 1353 4217 capit
1382 4144 1507 4200 aula
1544 4145 1852 4201 ministrum

423 4246 682 4303 Ecclesiae
713 4245 996 4318 patrisque
1026 4240 1138 4297 dati
1169 4256 1432 4312 responsa
1460 4239 1751 4303 ferentem,

417 4345 707 4399 Sectantur
731 4340 926 4396 fratres
952 4354 1093 4411 quos
1122 4336 1488 4393 contubernia
1517 4343 1670 4411 grata

417 4434 712 4506 Dependit,
741 4431 909 4486 maris
930 4444 1143 4486 errores
1169 4443 1279 4500 quo
1304 4429 1484 4483 littore
1514 4426 1649 4481 vitet

415 4524 658 4581 Turbine
686 4522 965 4578 mundano
989 4527 1135 4575 tutus
1160 4518 1404 4574 ccelestia
1431 4516 1644 4591 ﬂagret.

418 4619 657 4685 Quorum
685 4614 1047 4671 Maximianus
1061 4612 1155 4668 ubi
1197 4610 1341 4666 redit
1371 4610 1514 4665 alma
1545 4608 1792 4664 revisens

415 4710 584 4780 Septa
615 4705 719 4761 slbi
753 4705 927 4777 legata
961 4702 1072 4758 fide
1098 4718 1163 4757 ac
1190 4701 1389 4755 virtute
1407 4698 1654 4771 probatae

413 4797 706 4864 Mentis,et
735 4795 943 4869 egregii
975 4792 1161 4848 tutelae
1193 4790 1412 4846 addicta
1443 4789 1713 4863 magistri,

413 4887 581 4945 Adria
609 4894 851 4942 terrores
880 4898 1170 4955 saevasque
1192 4881 1428 4955 insurgit
1467 4882 1521 4937 in
1554 4880 1683 4948 iras,

415 4977 875 5049 Flaminibusque
906 4975 1048 5031 feras
1074 4971 1389 5028 furibundis
1405 4970 1609 5027 excitat
1638 4969 1839 5036 undas,

413 5073 766 5143 lEquoreque
785 5070 928 5125 elato
956 5067 1122 5123 funus
1144 5065 1372 5120 crudele
1392 5064 1635 5120 minatur
1665 5080 1679 5118 :

412 5164 631 5220 Rectori
662 5162 864 5218 amisso
896 5167 1129 5234 pereunt
1156 5158 1538 5216 moderamina
1558 5156 1734 5223 clavo,

410 5252 632 5327 Agmini
665 5251 949 5307 flabrifero
975 5251 1086 5306 ruit
1116 5257 1238 5305 acta
1267 5248 1324 5304 in
1364 5249 1624 5305 fluctibus
1655 5246 1838 5313 arbos,

410 5340 661 5410 Velaque
691 5339 860 5394 mixta
885 5339 1039 5395 vadis
1069 5339 1247 5393 undas
1272 5338 1539 5409 opulenta
1564 5342 1893 5409 sequuntur,

409 5427 621 5496 Puppis
649 5434 705 5482 et
723 5443 889 5482 omne
919 5429 1061 5482 latus
1083 5428 1226 5483 victa
1245 5443 1513 5500 compage
1542 5428 1784 5483 solutum

413 5513 668 5567 Admittit
696 5516 932 5569 celerem
964 5515 1121 5569 rimis
1145 5516 1488 5586 rapientibus
1512 5518 1748 5581 hostem,

412 5605 640 5689 Gurgite
663 5609 774 5673 jam
801 5627 1015 5665 summa
1045 5610 1353 5669 tabularum
1388 5615 1713 5689 immergive
1738 5611 1960 5683 plenum

416 5686 544 5740 Fert
563 5702 713 5742 mare
737 5709 851 5757 vas,
886 5695 1166 5767 ferturque
1196 5702 1332 5754 mari
1351 5702 1515 5759 dorso
1529 5686 1768 5772 aequoris
1788 5714 2028 5770 τεφιυπις

1181 267 1543 325 FLODOARDI
1586 256 1891 320 CANONICI
1934 260 2264 317 REMENSIS
2305 259 2643 318 OPUSCULA
2683 263 2991 320 METRICA.

3655 271 3771 327 776

2060 398 2111 465 Α
2140 393 2388 448 Proxima
2418 410 2565 449 mors
2596 409 2707 449 non
2754 395 2920 450 corda
2962 395 3160 468 quatit,
3219 396 3355 468 quin
3403 397 3648 470 proripit
3677 399 3770 453 in-

3479 489 3655 561 [stans
3674 509 3691 557 ;

2136 581 2217 635 Nil
2260 581 2364 636 nisi
2405 598 2725 654 supremum
2752 589 3006 647 cernunt,
3034 593 3269 638 summa:
3302 584 3493 640 oscula
3524 586 3680 657 pacis

2136 670 2321 726 Mutua
2349 671 2502 739 dant,
2536 671 2626 743 pia
2664 672 2813 727 dona
2838 671 2940 726 via:
2972 671 3169 727 solatia
3190 682 3437 739 sumunt,

2140 762 2607 837 Committuntque
2629 763 2841 819 animas
2869 764 2961 836 qui
2987 779 3219 836 corpora
3240 774 3415 821 morte
3446 774 3693 823 coarctat

2062 878 2067 885 «
2135 854 2390 909 Flectitur
2410 855 2760 927 omnipotens
2791 856 3025 926 trepidis
3054 856 3348 912 clementia
3370 857 3557 927 rebus,

2136 950 2236 1005 Pro
2264 951 2403 1006 miro
2442 967 2660 1007 servare
2689 950 2854 1006 modo
2880 950 3201 1005 discrimine
3233 966 3485 1014 censeas.

2142 1043 2381 1108 Quorum
2412 1041 2607 1096 adiens
2626 1042 2847 1112 stupido
2873 1042 3179 1097 tremefecit
3199 1043 3366 1098 corda
3390 1059 3616 1114 pavore,

2143 1132 2232 1186 Sic
2261 1132 2422 1202 plena
2453 1138 2578 1186 octo
2610 1132 3120 1203 natatlympharum
3150 1132 3553 1205 hominumque
3572 1132 3777 1188 ciebus

2144 1224 2394 1297 Cymba,
2461 1225 2571 1279 Deo
2636 1239 2908 1297 peragens
3000 1224 3258 1297 prepium
3325 1225 3491 1281 modo
3554 1223 3777 1297 remige

3408 1317 3650 1389 [cursum
3681 1335 3697 1383 ;

2146 1409 2451 1465 Incolumes
2478 1425 2645 1477 nono,
2678 1408 2807 1463 dum
2841 1408 3177 1465 Cotronense
3207 1416 3453 1481 receptat

2145 1504 2389 1575 Gregorii
2424 1504 2575 1557 littus
2594 1503 2796 1569 socios,
2828 1518 2969 1575 quos
2994 1502 3377 1571 Maximianus,

2147 1594 2210 1649 Ut
2240 1593 2458 1648 lintrem
2501 1609 2756 1668 egressus
2784 1595 3053 1666 sequitur,
3088 1594 3226 1666 petit
3278 1595 3370 1649 illa
3400 1593 3772 1666 prolundum,

2143 1686 2258 1742 Jam
2292 1702 2401 1741 non
2429 1686 2569 1741 ferre
2600 1686 2787 1741 valens
2814 1686 3099 1742 hominum
3114 1687 3234 1742 sine
3258 1686 3505 1758 pondere
3540 1686 3771 1753 fluctus,

2095 1755 2115 1789 ²
2143 1775 2390 1847 Gregorii
2425 1775 2634 1830 meritis
2664 1775 2921 1830 homines
2937 1792 3061 1847 qua:
3093 1776 3240 1830 vexit
3260 1755 3314 1831 et
3342 1775 3540 1831 undas.

2140 1866 2453 1921 Maximiani
2486 1868 2603 1921 hinc
2635 1866 2727 1921 ille
2758 1875 2942 1921 tamen
2975 1866 3192 1938 delegat
3221 1865 3442 1927 honori,

2143 1957 2369 2028 Pr0pria
2397 1956 2525 2009 dum
2557 1955 2736 2009 vitans
2766 1954 2995 2010 fratrum
3029 1955 3305 2026 praiconia
3337 1954 3549 2026 pangit,

2142 2046 2308 2111 Queis
2337 2046 2571 2116 aliisque
2592 2046 2682 2116 pio
2714 2045 2911 2099 Christi
2935 2045 3038 2099 sub
3072 2060 3257 2099 amore
3294 2052 3516 2117 rogatus

2143 2135 2377 2204 Enodat,
2396 2137 2707 2211 retegitque
2732 2136 2833 2191 viri
2861 2135 3121 2206 mysteria
3146 2135 3333 2189 clausa

2138 2230 2463 2286 Sermonum
2498 2230 2822 2301 invicti,per
2852 2228 3042 2301 praelia
3072 2227 3221 2283 mille
3242 2226 3477 2299 probati,

2141 2320 2371 2375 Discutit
2401 2320 2815 2391 enucleansque
2845 2319 3136 2391 aenigmata
3165 2318 3291 2372 diva
3318 2316 3550 2387 revelat,

2142 2412 2495 2467 Sacramenta
2521 2411 2720 2483 aperit,
2752 2417 2966 2467 secreta
2996 2409 3242 2481 patentia
3273 2408 3475 2476 reddit,

2143 2505 2503 2577 Syrmateque
2529 2504 2733 2560 eximio
2761 2519 2860 2574 per
2885 2502 3043 2574 plura
3069 2501 3351 2558 volumina
3380 2499 3590 2558 condit.

2141 2599 2294 2655 Tunc
2322 2613 2544 2670 quoque
2575 2603 2889 2671 surgentem
2923 2606 3154 2652 ventura
3186 2595 3243 2651 in
3301 2593 3510 2650 lumina
3550 2598 3766 2665 pestem

2143 2690 2354 2756 Atterit,
2386 2696 2438 2743 et
2461 2688 2573 2744 veri
2593 2687 2794 2757 jaculis
2824 2686 2989 2742 fando
3014 2685 3218 2753 obruit,
3242 2690 3409 2756 atque

2145 2783 2473 2854 Oppressam
2510 2780 2733 2853 penitus
2772 2780 2950 2851 prima
2981 2778 3085 2834 sub
3113 2778 3327 2852 origine
3359 2775 3599 2850 mergit;

2143 2874 2344 2946 Sicque
2376 2873 2741 2944 triumphator
2778 2877 3037 2943 repetens
3066 2870 3302 2926 feliciter
3330 2868 3551 2935 urbem,

2144 2966 2312 3021 Clade
2343 2965 2710 3032 laborantem,
2730 2970 2943 3019 recreat
2962 2961 3248 3018 solaminis
3264 2959 3481 3025 orbam,

2064 3076 2115 3146 ο
2145 3059 2333 3115 Pastor
2357 3066 2411 3114 at
2441 3058 2684 3133 eligitur,
2718 3063 2939 3129 pastore
2969 3071 3069 3127 per
3096 3052 3257 3109 anxia
3284 3058 3461 3123 rapto.

2138 3153 2272 3207 Dum
2304 3150 2508 3226 refugit
2536 3150 2795 3222 simplex,
2828 3149 3116 3221 indignum
3148 3145 3390 3202 culmine
3418 3150 3570 3199 tanto

2136 3243 2202 3297 Se
2228 3257 2480 3306 censeas,
2512 3237 3076 3311 apicemquehumilis
3098 3251 3209 3291 non
3242 3234 3490 3306 pondera
3508 3232 3694 3288 vitans

2138 3329 2658 3405 Sceptrigerumque
2684 3334 2882 3399 petens
2911 3333 3084 3381 tentat
3111 3340 3171 3380 se
3204 3322 3350 3378 fasce
3371 3321 3597 3388 resolvi,

2135 3425 2371 3481 Numine
2401 3424 2706 3496 percipitur
2734 3436 2962 3493 supero,
2991 3425 3297 3476 vacuantur
3331 3417 3553 3484 inanes,

2152 3518 2308 3573 Irrita
2335 3525 2461 3573 vota
2477 3531 2694 3588 preces,
2726 3513 2917 3587 populi
2947 3519 3067 3568 acta
3094 3511 3346 3567 feruntur
3377 3509 3435 3564 in
3466 3509 3654 3564 aulam
3686 3526 3702 3573 ;

2156 3605 2455 3661 Laetificant
2484 3622 2668 3680 regem
2700 3603 2839 3678 grati
2870 3601 2974 3657 sub
3000 3602 3211 3657 honore
3243 3598 3485 3672 patroni,

2153 3700 2451 3776 Legatique
2478 3699 2682 3754 hilares
2720 3696 2991 3772 gratantia
3016 3696 3173 3764 jussa
3205 3699 3512 3765 reportant.

2152 3794 2419 3865 Principis
2436 3793 2659 3859 annisu,
2690 3792 2860 3856 clero,
2884 3789 3204 3861 pepuloque
3227 3792 3474 3858 petente,

2151 3885 2348 3939 Lecrus
2372 3883 2439 3937 ad
2471 3882 2746 3937 excelsum
2777 3879 2991 3934 Christo
3022 3879 3343 3933 moderante
3364 3890 3659 3943 cacumen,

2141 3972 2439 4029 Commoda
2460 3988 2583 4044 qua:
2614 3970 2786 4043 plebi,
2814 3985 2938 4041 quae
2976 3968 3088 4023 sint
3135 3966 3242 4021 sibi
3268 3980 3515 4040 congrua
3548 3970 3775 4034 tractat,

2139 4063 2393 4134 Dansque
2419 4060 2689 4117 laboranti
2718 4059 2853 4115 verti
2887 4056 3158 4114 solamina
3171 4055 3334 4131 vulgo

2137 4154 2401 4209 Culminis
2414 4153 2665 4219 exilium,
2693 4159 2860 4224 atque
2880 4150 3065 4226 fugam
3084 4149 3382 4206 meditatur
3405 4148 3643 4205 honoris
3677 4166 3693 4215 ;

2143 4247 2204 4299 At
2234 4252 2417 4300 servat
2445 4244 2660 4299 clausas
2688 4242 2919 4315 vigilum
2951 4240 3201 4297 custodia
3225 4246 3437 4312 portas,

2142 4338 2252 4393 Nec
2280 4338 2414 4393 latet
2443 4334 2722 4391 urbicolas
2752 4333 2979 4389 humilis
2999 4333 3135 4406 quid
3165 4333 3368 4405 deiuga
3394 4330 3579 4387 volvat
3603 4348 3618 4385 :

2142 4434 2393 4486 Attamen
2419 4427 2671 4484 excubiis
2696 4426 2911 4483 cunctis
2941 4423 3261 4498 vigilantior
3291 4423 3384 4477 ille

2058 4480 2117 4549 D
2140 4523 2244 4579 Per
2262 4521 2479 4578 medios
2494 4519 2634 4595 fugit
2664 4520 2907 4593 ignaros,
2930 4480 3181 4588 luditque
3202 4514 3474 4579 videntes,

2143 4621 2394 4676 Crateras
2421 4626 2615 4689 septus
2643 4615 3021 4686 latebramque
3052 4612 3260 4668 recedit
3286 4611 3545 4681 adeptus.

2142 4709 2203 4763 Et
2224 4714 2411 4763 manet
2432 4707 2738 4772 abstrusus,
2773 4704 2954 4758 donec
2978 4700 3193 4771 jejunia
3223 4699 3402 4772 plebis

2137 4800 2381 4872 Votaque
2413 4798 2763 4855 Romulidum
2790 4795 2944 4851 caelis
2966 4810 3107 4849 nova
3135 4794 3294 4868 signa
3323 4795 3634 4858 merentur,

2138 4891 2271 4947 Nam
2300 4889 2515 4945 ductrix
2538 4887 2816 4960 quondam
2848 4884 3041 4957 pepuli
3072 4898 3349 4955 percpaca
3377 4879 3641 4937 columna

2139 4978 2312 5035 Astris
2340 4976 2631 5043 irradians,
2654 4973 2940 5047 perfundit
2968 4972 3094 5027 luce
3126 4972 3444 5028 columnam

2140 5071 2419 5139 Ecclesiae,
2442 5068 2748 5142 populique
2778 5067 2973 5122 ducem
3002 5063 3280 5136 depromit
3306 5061 3512 5134 apertis

2140 5161 2426 5217 lllustrans
2455 5158 2625 5215 radiis
2655 5176 2671 5224 ;
2704 5157 2853 5213 cives
2874 5156 3125 5212 visuntur
3149 5152 3328 5219 adire,

2136 5256 2312 5324 Atque
2344 5250 2525 5305 redire
2558 5247 2669 5320 poli
2710 5253 2916 5303 tractus
2948 5260 3045 5315 per
3075 5242 3285 5298 lumina
3318 5238 3477 5295 clari.

2139 5338 2391 5397 Cernitur
2418 5337 2471 5392 id
2503 5336 2606 5392 soli
2641 5335 2844 5410 dignus
2873 5333 2968 5405 qui
2997 5332 3138 5388 forte
3153 5335 3407 5403 repertus

2143 5430 2326 5487 Incola
2356 5428 2664 5499 Sylvarum,
2701 5425 2874 5480 turba:
2896 5423 3216 5494 mundoque
3243 5429 3510 5487 remotus,

2138 5524 2354 5596 Quique
2370 5522 2465 5576 Dei
2491 5527 2697 5576 tectum
2727 5525 2881 5574 notat
2910 5518 3016 5572 hoc
3070 5531 3169 5587 pro
3199 5513 3441 5588 tegmine
3469 5511 3768 5585 templum.

2137 5617 2230 5672 llis
2251 5612 2472 5669 tandem
2510 5611 2776 5684 profugus
2804 5610 3000 5684 signis,
3024 5625 3088 5665 ac
3109 5608 3319 5663 lumine
3349 5613 3515 5662 notus

2133 5704 2389 5760 Aﬁthereo
2419 5700 2652 5771 capitur,
2682 5705 2996 5770 tractusque
3011 5697 3079 5754 ad
3108 5696 3301 5752 limina
3331 5694 3478 5751 Petri
