3972 6208
215 256 316 310 777

217 386 461 450 Ducitur,
495 382 834 452 indutiisque
869 380 959 450 pio
983 379 1276 432 decoratur
1304 378 1526 441 amictu,

217 472 480 527 Evehitur
509 470 701 532 sacris,
737 469 990 538 divaeque
1024 466 1328 519 admittitur
1355 483 1479 527 arae,

214 563 411 615 Sancto
446 558 742 632 insignitur
771 555 957 626 superi
987 554 1314 608 charismate
1348 555 1501 618 doni,

217 655 445 723 Quoque
470 650 815 705 redundabat
848 647 1102 718 perfusus
1137 647 1356 700 ﬂamine
1389 661 1624 706 summo,

221 742 426 796 Praesul
459 739 778 811 apostolicae
807 737 1093 808 praefertur
1121 737 1331 788 honore
1364 734 1656 787 cathedrae.

222 838 483 892 Fascibus
521 843 573 889 et
597 834 798 906 dignus
823 831 987 904 digne
1012 831 1117 884 sibi
1143 831 1353 883 credita
1385 837 1599 890 tractat,

223 935 473 1004 Dumque
498 945 796 1001 reprensus
816 936 871 982 ut
902 927 1126 1000 indigne
1157 934 1261 979 tam
1295 926 1460 996 digna
1494 923 1736 976 refutans

225 1023 486 1092 tiulpatur
515 1021 678 1073 deses
709 1017 864 1088 quasi
900 1016 1212 1069 Ravennate
1233 1014 1465 1072 Joanne,

223 1114 360 1181 Apta
391 1109 667 1179 rependit,
701 1123 840 1177 Opus
862 1103 1112 1158 condens
1139 1103 1452 1173 pastoribus
1479 1110 1664 1170 aptum

228 1205 505 1264 Ecclesiae,
542 1202 845 1273 panditque
877 1200 1103 1262 decens,
1139 1206 1194 1251 ut
1227 1197 1409 1250 vivere
1443 1206 1641 1260 rector,

228 1300 403 1368 Atque
430 1298 627 1350 docere
653 1294 867 1358 habeat,
892 1308 1010 1344 sese
1045 1307 1284 1352 servare,
1320 1306 1582 1360 suosque,

228 1393 398 1455 Quam
432 1395 610 1450 caute,
643 1402 807 1457 quam
839 1385 1096 1448 discrete,
1127 1399 1287 1454 quam
1319 1384 1481 1455 degat
1521 1382 1778 1442 honeste,

232 1481 364 1533 Inde
390 1495 491 1532 nec
523 1478 738 1531 absistit
761 1476 1002 1537 monitis,
1037 1474 1368 1544 scriptisque
1401 1473 1620 1536 docere,

234 1569 525 1640 Appositos
553 1585 614 1621 ac
646 1567 918 1637 sepositos
955 1572 1107 1620 vocat
1137 1581 1229 1619 ore
1263 1580 1564 1633 manuque,

232 1660 516 1731 Exemplo,
551 1659 826 1730 verboque
857 1658 1105 1728 polorum
1134 1657 1200 1710 ad
1235 1656 1474 1710 culmina
1503 1655 1750 1716 ductans,

235 1749 436 1803 tjmlica
466 1747 885 1818 disponenSper
903 1746 1120 1798 subdita
1153 1745 1560 1809 luminacorda,

240 1841 559 1911 Enodatque
593 1839 768 1892 latens
801 1839 972 1891 thecis
995 1837 1306 1890 celantibus
1334 1853 1548 1900 aurum,

238 1933 479 1986 Virtutes
518 1940 669 1986 notat
694 1929 935 1997 indiciis,
969 1929 1189 1999 vitaque
1221 1930 1463 1999 priorum

241 2026 456 2091 Pandit,
481 2033 535 2079 et
561 2040 824 2077 exercens
845 2033 1017 2076 armat
1049 2023 1381 2093 decoratque
1415 2029 1678 2088 catervas,

238 2121 481 2174 Flamine
512 2126 728 2188 sumpta
756 2117 988 2188 piodivo
1013 2119 1256 2186 repletus
1283 2117 1350 2171 ab
1376 2134 1468 2171 ore

237 2209 441 2263 Pabula
468 2209 560 2262 dat
590 2207 864 2279 gregibus.
898 2206 1148 2259 Testatur
1165 2206 1342 2259 scriba
1373 2206 1646 2266 minister,

236 2298 515 2351 Dictorum
545 2303 831 2364 exceptor,
863 2301 1117 2366 relegens
1151 2294 1320 2348 livore
1355 2303 1577 2347 coactus

236 2387 700 2445 Obtrectatorum,
735 2399 857 2454 quae
891 2383 1006 2435 visa
1039 2399 1238 2436 arcana
1281 2383 1525 2453 probarit.

234 2475 450 2545 Scripta
483 2474 691 2532 Petrus,
724 2487 926 2542 supero
951 2470 1161 2537 afflatu,
1190 2489 1257 2526 ne
1282 2473 1398 2526 fusa
1421 2479 1752 2536 crementur,

235 2561 404 2615 Morte
433 2569 708 2624 secutura,
733 2560 933 2626 juvans
965 2575 1022 2613 se
1057 2562 1298 2630 pandere
1341 2562 1475 2627 visa,

238 2653 454 2724 Quique
489 2652 650 2705 tidem
687 2650 895 2706 faciens
917 2660 1127 2706 secreta
1162 2661 1216 2706 ut
1249 2653 1475 2726 detegit,
1503 2653 1692 2716 efﬂat;

244 2745 368 2799 Post
401 2743 570 2814 patris
600 2745 714 2796 haec
745 2743 981 2808 obitum,
1017 2746 1218 2798 vetitus
1244 2745 1485 2808 vivente,
1525 2745 1775 2798 revelans

251 2837 313 2892 Ut
349 2837 474 2892 nive
506 2835 794 2890 candidior
815 2837 979 2906 capiti
1007 2837 1244 2890 residere
1275 2837 1532 2891 columba

248 2928 628 2996 Transpuncto
657 2933 956 2980 monstrata
985 2925 1107 2994 stin
1143 2925 1508 2979 terebramine
1538 2925 1658 2979 velo

252 3018 474 3090 Mystica
503 3017 767 3072 caelorum
797 3017 926 3070 dum
955 3017 1161 3088 colligit
1182 3033 1389 3091 organa
1421 3034 1622 3087 praeco,

252 3110 355 3164 Ore
387 3109 612 3163 trahens
641 3107 824 3177 superi
859 3106 1042 3160 divina
1071 3107 1361 3179 aenigmata
1394 3107 1586 3172 nostri,

250 3202 565 3256 Oromatum
599 3208 803 3253 reserat
835 3199 994 3268 queis
1018 3197 1317 3252 Escchielis
1346 3204 1557 3269 Oper-ta,

252 3291 371 3346 Non
389 3290 544 3344 illum
577 3307 812 3353 marcor,
836 3305 943 3345 non
968 3289 1217 3344 febribus
1241 3291 1435 3344 insitus
1469 3289 1654 3355 ardor,

253 3380 473 3434 Viscera
501 3380 587 3433 vel
618 3379 840 3434 concisa
869 3380 1047 3446 dolor,
1080 3397 1177 3434 seu
1209 3380 1495 3454 gressibus
1527 3380 1766 3444 haerens,

252 3469 582 3528 Sollicitudo
617 3473 793 3539 urbis,
816 3474 1103 3528 charorum
1138 3491 1269 3528 cura
1301 3474 1564 3528 clientum

257 3561 410 3616 Haud
440 3571 658 3618 revocat
686 3564 906 3634 coeptis,
932 3572 986 3618 et
1011 3565 1178 3619 corda
1211 3573 1264 3618 et
1296 3581 1527 3634 corpora
1560 3573 1733 3629 curat,

258 3654 383 3709 Fata
412 3656 596 3727 inopis
630 3658 851 3711 horrore
881 3657 1040 3711 famis
1072 3657 1304 3727 periisse
1339 3658 1508 3727 putati

250 3746 446 3809 Flexit,
483 3755 541 3802 ut
572 3748 903 3803 exstinctum
938 3749 1161 3820 propria
1187 3766 1352 3820 quem
1387 3749 1538 3803 cat-de
1596 3755 1882 3803 necasset:

258 3836 509 3906 Undique
539 3837 788 3892 collectis
819 3845 871 3891 et
897 3853 1007 3908 quo
1036 3854 1356 3893 succurrere
1388 3839 1582 3909 possit,

253 3925 663 3999 Quinquaginta
690 3925 846 3980 libris
876 3926 1154 3997 quondam
1188 3925 1459 3980 frumenta
1479 3925 1707 3996 paravit.

256 4017 414 4072 Omni
449 4017 701 4088 poscenti
734 4017 1015 4072 tribuebat
1046 4036 1060 4077 ;
1095 4035 1280 4072 amore
1317 4017 1539 4072 tenebat

260 4108 342 4161 Nil
374 4106 637 4161 detentus
661 4122 850 4177 Opum,
887 4107 1078 4178 probat
1115 4108 1168 4160 id
1189 4107 1458 4161 heremita
1491 4106 1727 4160 nutritor

263 4198 568 4268 Muricipis,
597 4199 798 4253 comite
831 4200 934 4253 hoc
963 4205 1280 4262 contentus,
1317 4205 1370 4251 et
1390 4196 1778 4252 omniamuudi

264 4289 474 4341 Caetera
494 4286 834 4356 despiciens,
867 4295 1068 4342 sortem
1104 4303 1383 4358 praenosse
1417 4296 1694 4357 precatus,

270 4373 562 4443 Mercedis,
586 4392 710 4430 cum
734 4375 1019 4447 Gregorio,
1052 4376 1139 4430 cui
1171 4377 1348 4448 gloria
1368 4391 1595 4432 consors

269 4466 521 4538 Eligitur,
549 4483 650 4522 nec
679 4484 879 4540 magna
904 4475 1102 4538 putans
1130 4468 1222 4539 qui
1240 4484 1503 4538 prospera
1526 4467 1670 4521 saecli

266 4558 606 4630 Tempserat,
639 4578 760 4617 esse
793 4579 980 4633 parem
1004 4563 1195 4617 mundi
1228 4563 1523 4633 splendore
1555 4561 1758 4616 cluenti

270 4652 480 4723 Accipit
514 4654 659 4708 hunc
694 4672 843 4729 gazae
883 4655 1079 4709 melius
1111 4663 1340 4710 tractare
1373 4655 1574 4709 talenta

271 4740 381 4796 Nec
407 4742 512 4796 sibi
547 4744 681 4814 quin
703 4744 827 4798 aliis
858 4745 1021 4799 tutari
1062 4746 1352 4799 commoda
1384 4745 1505 4798 vitae

270 4830 440 4894 Quam
468 4831 775 4886 solatricem
805 4832 912 4886 sibi
935 4849 992 4887 se
1025 4834 1326 4888 defendere
1357 4840 1553 4888 cattam

272 4921 371 4986 Qui
411 4928 596 4996 grates
627 4922 872 4977 referens
906 4925 1175 4995 promissa
1206 4924 1490 4995 implerier
1521 4931 1659 4990 orat,

278 5014 484 5070 Etcum
508 5014 770 5086 Gregorio
802 5015 938 5071 locis
967 5017 1072 5071 sibi
1102 5017 1321 5072 domata
1354 5017 1504 5073 ferri.

279 5114 388 5169 Nec
413 5114 578 5170 modo
606 5122 929 5185 praesentes,
956 5115 1144 5185 procul
1173 5115 1260 5169 hic
1290 5115 1424 5186 quin
1458 5115 1626 5170 nutrit
1653 5124 1897 5186 egentes,

280 5205 594 5262 Monticolis
625 5214 816 5264 notum
845 5208 991 5262 Sinai
1014 5208 1164 5279 quod
1197 5223 1331 5277 rupe
1367 5207 1614 5273 remotis,

282 5298 497 5354 Oceano
528 5315 750 5371 quoque
782 5300 976 5355 divisis
1007 5307 1120 5355 toto
1154 5299 1288 5355 orbe
1321 5300 1611 5354 Britannis.

281 5387 579 5460 Anglorum
611 5389 743 5443 dum
775 5396 959 5444 mente
990 5388 1137 5458 capit
1162 5404 1301 5462 gens
1332 5388 1534 5459 pabula
1573 5387 1696 5442 caeli

282 5479 411 5543 Quae
443 5489 739 5552 conspecta
771 5481 891 5536 foro
923 5488 1138 5536 texatur
1167 5496 1411 5552 congrua
1437 5495 1633 5554 regno,

281 5570 584 5627 Avetlenda
604 5573 836 5642 umbris,
871 5572 1250 5643 sacrandaque
1278 5572 1485 5627 lumine
1517 5571 1675 5635 lucis,

295 5659 593 5718 Educenda
622 5663 723 5730 ira,
757 5666 960 5735 pietate
993 5662 1238 5718 vocanda
1274 5677 1534 5732 superna,

599 5794 898 5855 ΡΑῚἭΟῘη
953 5791 1284 5854 CXXXV.

711 252 790 304 DE
829 249 1085 302 tillRlSTl
1128 247 1491 302 Tllll'MPlllS
1535 247 1702 299 Al’l'D
1747 245 2010 299 ITAHAM
2052 243 2281 300 GESTIS
2325 242 2496 297 LIBRI
2541 241 2670 295 XIV.
2714 271 2779 279 —
2822 239 2943 292 LIB.
2988 238 3049 291 Χ.

1870 384 1910 448 Α
1938 379 2108 447 Atque
2142 375 2235 429 Dei
2260 375 2449 428 laudes
2480 380 2641 426 cantu
2675 373 3000 440 depromere
3034 368 3221 440 digna,

1936 469 2181 522 Tendere
2213 482 2321 537 quo
2350 481 2596 538 gressum
2621 465 2810 518 doctor
2841 461 3105 532 verbique
3137 459 3392 514 minister

1943 553 2438 624 ApprOperattieri,
2471 553 2674 622 pepulo
2707 552 3015 606 retrahente
3051 556 3316 614 moratus,

1942 645 2090 696 Stare
2123 643 2241 697 loco
2274 643 2466 696 nolens
2503 642 2662 695 discit
2686 641 2916 694 saliente
2951 640 3160 692 locusta

1945 736 2032 786 Ast
2064 734 2153 787 ubi
2191 749 2350 803 posse
2370 732 2573 785 referre
2605 732 2753 801 pium
2776 730 2878 784 fert
2906 729 3078 782 infula
3104 729 3264 792 votis,

1943 824 2214 879 Almificos
2245 826 2387 896 legat
2416 826 2596 878 colere
2632 825 2748 878 haec
2782 823 2986 876 inculta
3018 816 3266 886 colonos,

1948 921 2263 990 Expugnare
2287 919 2433 985 feris,
2469 919 2691 973 ditanda
2724 917 3145 988 novaliaspinis,

1945 1008 2133 1062 Cordis
2154 1025 2308 1062 arare
2340 1008 2516 1062 solum
2544 1008 2798 1077 percultae
2831 1022 3052 1060 vomere
3080 1006 3306 1078 linguae,

1949 1100 2089 1152 llura
2113 1100 2327 1168 replere
2359 1101 2457 1152 sati
2487 1100 2817 1153 cua'iulando
2847 1098 3060 1152 semine
3097 1096 3274 1165 verbi,

1953 1191 2072 1258 Ipse
2105 1191 2251 1260 quod
2281 1190 2501 1252 emittit,
2545 1191 2837 1259 pluresque
2872 1188 3074 1240 referre
3116 1186 3385 1254 maniplos

1955 1284 2017 1336 L't
2046 1285 2242 1346 valeat,
2266 1281 2449 1335 studet
2481 1282 2715 1341 hortatu,
2753 1280 3121 1350 precibusque
3155 1278 3384 1338 laborat,

1956 1374 2384 1444 Muneribusque
2407 1374 2582 1440 juvat,
2617 1372 2876 1426 miracula
2905 1372 3063 1440 plura
3096 1377 3358 1440 parentur

1955 1467 2167 1538 Legatis
2193 1473 2432 1535 praestat,
2465 1472 2684 1537 gentem
2709 1481 2830 1518 cum
2859 1463 3107 1533 principe
3141 1463 3332 1516 salvat.

1957 1562 2122 1614 l'nius
2143 1568 2304 1631 atque
2337 1577 2524 1630 parum
2553 1560 2705 1631 regni
2735 1575 2955 1613 curasse
2984 1559 3216 1612 salutem
3250 1573 3262 1619 ;

1956 1654 2184 1722 Insuper
2213 1650 2688 1724 augenturpOpuli
2719 1665 2989 1720 regesque
3021 1646 3314 1718 pr0pinqui
3351 1663 3364 1708 ;

1879 1745 1925 1810 Β
1959 1742 2191 1796 Barbara
2222 1741 2385 1794 corda
2409 1740 2552 1794 feras
2580 1740 2797 1793 discunt
2819 1739 3098 1807 deponere
3124 1742 3336 1789 mentes
3367 1751 3378 1786 :

1960 1836 2301 1905 Darbaraqne
2330 1849 2423 1887 ora
2455 1832 2550 1886 Dei
2582 1831 3137 1900 certantdepromere
3169 1827 3395 1881 laudes:

1961 1923 2230 1977 Sternitur
2260 1922 2455 1975 Oceani
2494 1922 2581 1991 pia
2601 1920 2702 1972 sub
2735 1919 2965 1991 vestigia
2993 1917 3164 1971 fastus
3197 1934 3210 1982 ;

1964 2015 2216 2069 lndomiti
2247 2013 2409 2074 ferro,
2445 2013 2560 2066 miti
2589 2028 2844 2067 sermone
2875 2013 3169 2065 domantur
3200 2028 3214 2074 ;

1966 2106 2434 2175 ltcllisintrej'udi,
2471 2113 2723 2159 metuunt
2759 2121 2856 2175 per
2893 2104 3059 2158 verba
3089 2102 3246 2175 ligari
3278 2123 3289 2161 ;

1962 2200 2155 2252 Terrea
2187 2198 2519 2268 despiciunt,
2554 2196 2799 2250 caelestia
2831 2194 3112 2248 mentibus
3143 2193 3334 2246 ardent
3377 2210 3388 2243 :

1965 2292 2131 2358 Hujus
2160 2306 2282 2362 quae
2316 2289 2524 2343 meritis
2554 2289 3114 2357 clarescuntpraestita
3145 2285 3315 2338 Patris

1963 2381 2060 2444 Qui
2087 2379 2285 2433 merito
2316 2377 2465 2452 genti
2493 2378 2736 2431 sancitur
2758 2376 3049 2446 Apostolus
3071 2374 3168 2427 illi.

1967 2475 2193 2545 Insuper
2223 2480 2275 2527 et
2318 2487 2517 2543 pueros
2545 2471 2791 2538 ejusdem
2809 2471 2990 2543 gentis
3014 2469 3239 2522 abactos

1967 2568 2213 2622 Externis
2244 2566 2422 2637 pretio
2460 2563 2738 2618 redimens
2776 2562 3096 2638 regionibus
3127 2567 3276 2631 aptat

1968 2658 2203 2712 Aitherei
2234 2656 2374 2711 lotos
2406 2655 2553 2720 fidei,
2587 2671 2900 2726 superoque
2932 2653 3139 2706 decori.

1971 2750 2236 2804 Sardiniae.
2264 2764 2485 2820 quoque
2518 2746 2770 2801 ruricolis
2795 2761 2979 2799 errore
3009 2751 3220 2798 vetusto

1975 2848 2110 2900 Dum
2139 2846 2285 2900 volet
2319 2843 2541 2908 involvi,
2571 2842 2727 2915 pigra
2762 2841 3009 2911 praesulis
3034 2840 3284 2910 increpat
3312 2854 3430 2905 ora,

1976 2938 2130 3002 Quod
2163 2938 2304 2992 votis
2333 2935 2566 2991 cessisse
2600 2933 2840 3004 probans
2873 2933 2960 3003 pia
2992 2948 3221 2986 munera
3248 2931 3410 2986 lucis.

1899 3070 1948 3135 Ο
1979 3035 2214 3090 Proinde
2250 3032 2493 3087 Hebraeis
2522 3031 2744 3103 rapiens
2768 3030 2836 3084 ad
2866 3030 3058 3084 coelica
3086 3029 3254 3084 donis

1979 3129 2290 3197 Ornatuque
2307 3126 2505 3179 animae
2539 3124 2810 3178 dccorans
2850 3130 2903 3176 et
2931 3123 3182 3176 vestibus
3213 3138 3418 3177 ornans

1977 3218 2204 3284 Insuper
2232 3223 2286 3266 et
2316 3211 2501 3283 pueris
2531 3212 2742 3264 heresis
2771 3225 2910 3282 quos
2940 3211 3059 3263 dira
3090 3209 3313 3264 fovebat

1975 3303 2145 3357 Patris
2174 3301 2460 3356 sollicitan
2491 3300 2691 3372 satagit
2723 3298 3066 3369 praetendere
3097 3314 3303 3351 curam.

1975 3393 2149 3445 Sentit
2169 3398 2223 3444 et
2253 3389 2528 3459 Hesperiae
2562 3389 2789 3443 rectoris
2809 3387 3053 3461 tegmina
3082 3388 3266 3452 tellus,

1980 3481 2311 3550 Ereptasquc
2343 3477 2506 3531 urbes
2529 3477 2723 3546 recipit
2750 3476 2995 3531 Romana
3023 3485 3287 3545 potestas.

1985 3569 2256 3624 Laudibus
2284 3567 2414 3621 hinc
2435 3566 2626 3620 laudes
2656 3565 2941 3620 cumulans
2963 3565 3219 3618 centenis
3235 3572 3289 3617 et
3320 3564 3492 3618 instar

1985 3661 2234 3716 Carmina
2261 3659 2665 3729 comprendens
2691 3657 2879 3711 divina
2910 3656 3193 3712 volumina
3223 3656 3371 3730 cogit

1988 3754 2300 3816 Sacrorum,
2359 3756 2524 3821 atque
2583 3763 2776 3820 preces
2819 3746 3108 3802 cumulans
3158 3762 3268 3818 quo
3319 3763 3472 3800 sacra
3502 3764 3604 3818 ge-

3321 3838 3531 3908 [rantur

1991 3934 2237 3990 Insinuat
2265 3941 2412 3998 voto,
2434 3933 2680 3989 ridentes
2711 3932 2939 4004 mystica
2956 3930 3136 3987 vultus

1989 4028 2251 4090 Perculit,
2289 4036 2452 4099 atque
2484 4027 2662 4082 oculis
2685 4027 2942 4097 mysteria
2972 4024 3240 4099 sanguine
3270 4024 3461 4094 pandit

1993 4117 2198 4181 Rubea,
2232 4116 2552 4186 carnalique
2576 4115 2740 4169 refert
2755 4131 2908 4169 sacra
2937 4131 3135 4168 carnea
3156 4111 3328 4178 cordi,

1989 4206 2390 4275 Triticeamque
2413 4203 2573 4257 docet
2603 4202 2798 4257 mutari
2826 4202 2880 4255 in
2900 4218 3062 4256 carne
3086 4200 3340 4267 farinam,

1992 4299 2064 4350 Ac
2091 4297 2240 4369 ligno
2258 4303 2463 4349 cretum
2506 4293 2747 4348 converti
2781 4293 2836 4346 in
2864 4294 3134 4366 sanguine
3154 4294 3339 4346 vinum
3372 4311 3386 4356 ;

1996 4386 2116 4439 Haec
2142 4383 2322 4438 carnis
2355 4397 2614 4453 promens
2643 4382 2820 4437 oculis
2842 4382 2936 4436 ubi
2970 4391 3191 4452 pectora
3214 4384 3411 4448 firmat,

1933 4443 1963 4507 )
1995 4483 2054 4536 In
2087 4481 2319 4552 priscam
2339 4486 2553 4549 reparat
2579 4476 3028 4532 divinalitamina
3059 4477 3322 4541 formam;

1996 4573 2105 4626 Nec
2134 4571 2315 4624 minus
2336 4567 2557 4642 egregie
2591 4567 2857 4637 paltarum
2880 4565 3093 4635 prodita
3125 4565 3361 4635 pannis:

1996 4663 2273 4736 Sanguine
2292 4677 2432 4733 quos
2467 4675 2620 4715 sacro
2646 4666 2856 4712 secreto
2890 4674 2951 4711 ac
2973 4657 3172 4712 robore
3211 4657 3452 4728 supplet,

1998 4752 2235 4807 Muneris
2257 4760 2310 4805 et
2340 4749 2541 4804 summi
2575 4749 2719 4803 dono
2741 4747 2959 4820 delegat
2983 4746 3190 4817 Opimo,

1998 4845 2486 4898 Osseasanctorum
2521 4837 2798 4909 poscentis
2829 4835 3056 4910 pignora
3079 4835 3280 4897 missis,

1999 4937 2142 5000 Quos
2163 4941 2369 4988 temere
2400 4933 2676 5001 inspectos
2707 4930 2872 4984 nimis
2902 4927 3240 5000 indigneque
3275 4933 3505 4982 retectos

2003 5026 2074 5079 Ac
2101 5021 2472 5078 nihiliductos
2501 5019 2708 5089 patenti
2743 5027 2927 5072 mente
2961 5025 3234 5084 retrectat,

2004 5122 2175 5190 Atque
2199 5132 2392 5188 preces
2421 5114 2713 5188 geminans
2744 5130 2943 5168 arcana
2973 5113 3244 5184 stupenda
3270 5111 3490 5174 revelat,

2009 5216 2250 5286 Dumque
2283 5218 2432 5267 secat
2457 5210 2621 5275 ferro,
2654 5209 2780 5262 miri
2808 5209 2899 5263 dat
2931 5209 3074 5264 ﬂuxa
3105 5209 3333 5264 cruoris.

2011 5304 2240 5378 Legatos
2277 5300 2540 5372 stupidat,
2571 5300 2875 5370 sternitque
2905 5299 2974 5353 ad
3002 5306 3125 5353 vota
3158 5298 3369 5364 ﬁdeles,

2018 5396 2078 5450 Et
2110 5395 2261 5465 prius
2290 5403 2502 5450 erectos
2532 5391 2721 5447 tribuit
2751 5392 3082 5446 benedicere
3112 5407 3317 5462 pronos

2014 5485 2087 5537 Ac
2112 5483 2338 5538 laudare
2364 5483 2534 5537 Deum
2566 5490 2674 5536 tam
2707 5480 2834 5535 diva
2865 5480 3102 5556 insignia
3134 5480 3378 5535 dantem.

2017 5574 2237 5628 [nstruit
2264 5575 2368 5628 hoc
2397 5573 2567 5629 sacris
2598 5573 2745 5627 inter
2775 5572 3040 5628 libamina
3061 5572 3238 5644 pallas

2014 5661 2130 5715 Aris
2151 5661 2439 5730 applicitas
2459 5661 2650 5714 Christi
2680 5662 2774 5731 qui
2807 5663 3033 5718 nomine
3065 5662 3214 5716 fusus

3257 5795 3337 5858 25
