3972 6208
484 287 588 355 πυ
1183 303 1550 360 FLODOARDI
1593 301 1895 360 CANONICI
1938 303 2268 361 REMENSIS
2309 308 2645 364 oruscum
2686 309 2993 365 METRICA.
3723 312 3835 372 780

481 444 568 497 Sic
609 452 749 498 tecta
779 451 1027 497 sanctum
1055 443 1253 497 virtute
1273 443 1481 498 bibisse
1509 460 1759 499 cruorem
1794 463 1808 509 ;
2125 455 2168 515 Α
2201 445 2489 517 Menteque
2513 453 2751 500 mutatus
2775 446 2986 500 veniam
3019 462 3145 501 mox
3183 447 3438 503 subditus
3468 458 3608 515 orat,

487 535 699 604 llosque
731 534 976 604 aliosque
1011 535 1232 603 replens
1263 533 1391 587 ﬁdei
1424 535 1720 604 splendore
1752 536 2020 599 videntes,
2200 537 2628 608 Subjectumque
2663 545 2818 592 vovet
2870 537 3156 603 famulum,
3202 540 3480 610 sentitque
3515 541 3826 613 benignum

483 623 634 676 Certa
677 624 931 692 rependit
959 624 1086 678 item
1119 623 1346 695 signans
1370 624 1483 692 jam
1516 640 1744 678 munera
1765 627 1949 680 certis.
2201 624 2454 678 Mellitiua
2480 626 2726 680 bonitate
2757 627 2993 691 Patrem,
3030 627 3384 698 spatiumque
3417 638 3663 683 meretur

479 718 604 780 Quae
628 718 755 769 dum
784 726 1064 789 gestantes
1088 718 1318 772 Domino
1341 719 1616 791 magnalia
1649 718 1848 784 fantur,
2197 716 2412 771 Tutoris
2443 717 2702 786 precibus
2728 716 2996 789 languore
3027 717 3129 771 sub
3163 717 3355 771 ultima
3387 735 3604 786 versus,

478 808 681 862 Gaudia
710 809 860 874 dant,
894 809 1184 864 desideriis
1214 811 1308 882 qui
1340 812 1484 866 dona
1513 810 1723 865 verenti
2197 809 2274 862 Ad
2307 810 2469 864 vitam
2504 809 2757 881 viresque
2779 809 2943 873 redit,
2976 810 3214 880 vitaeque
3240 810 3459 864 tuendte

481 899 628 952 Dona
659 899 826 970 capit,
857 900 1044 965 comit,
1075 911 1388 967 veneratur,
1419 901 1649 956 adornat
1678 916 1890 966 amore,
2199 901 2498 955 Consilium
2531 900 2702 955 suasit
2730 900 3036 972 meliorque
3064 901 3118 954 in
3151 909 3348 956 caetera
3377 901 3530 956 vivit.

480 989 782 1061 Magnaque
813 991 879 1045 ad
905 991 1019 1044 haec
1051 991 1246 1046 Christi
1273 993 1536 1047 miracula
1560 992 1761 1046 dantur
1791 993 2020 1046 honore.
2199 992 2308 1046 Nec
2331 991 2496 1046 modo
2515 1001 2814 1062 praesentes
2846 998 2993 1045 tanta
3028 991 3235 1060 pietate
3274 990 3535 1046 fruuntur
3561 1011 3576 1058 ;

482 1082 570 1135 llis
603 1083 818 1153 pollens
847 1083 1046 1153 opibus
1079 1085 1317 1138 humiles
1350 1086 1507 1141 Pater
1534 1085 1712 1139 almus
1741 1083 1923 1139 alebat
2190 1086 2472 1140 Tartareas
2513 1085 2678 1159 longo
2710 1093 2882 1140 tortus
2913 1086 3049 1157 quin
3082 1091 3329 1156 tempore
3354 1085 3408 1139 in
3433 1086 3660 1141 umbras

482 1174 782 1244 Exemplis,
817 1174 1062 1239 monitis,
1092 1175 1406 1238 virtutibus,
1442 1183 1604 1246 atque
1635 1175 1877 1245 superba
2195 1174 2469 1228 lnsolitam
2500 1174 2763 1242 Trajanus
2790 1189 2975 1244 opem,
3006 1173 3258 1228 mirabile
3279 1174 3429 1228 dictu
3474 1174 3486 1228 l

477 1264 579 1318 Ore
619 1274 804 1318 terens
835 1264 1064 1318 Domino
1104 1264 1454 1318 substernere
1494 1263 1659 1318 corda
1699 1263 1940 1333 parabat.
2193 1266 2392 1320 Gentili
2423 1267 2571 1337 capit
2611 1266 2792 1320 inﬂexi
2822 1266 3092 1337 probitate
3126 1267 3366 1336 patroni,

481 1359 694 1429 Experti
727 1376 950 1413 sensere
983 1360 1124 1431 magi
1159 1358 1360 1429 quibus
1389 1375 1549 1413 urere
1577 1359 1750 1412 visum
2192 1360 2360 1423 Quem
2393 1359 2535 1412 votis
2560 1358 2798 1424 redimit,
2833 1359 3200 1430 lacrymarum
3235 1357 3460 1412 flumine
3488 1359 3671 1432 tingit,

479 1450 746 1524 Magnifici
775 1451 1006 1504 sessoris
1031 1467 1235 1521 equum
1269 1450 1648 1524 Phlegetonte,
1681 1451 1925 1504 subustis
2193 1449 2599 1519 Susceptasque
2624 1465 2814 1518 preces
2843 1447 3008 1502 discit
3038 1463 3146 1502 non
3179 1447 3307 1501 talia
3338 1447 3541 1502 deinde

475 1540 686 1610 Flagitii
707 1540 961 1602 stimulis,
995 1540 1180 1594 lumen
1209 1557 1348 1611 quos
1370 1540 1592 1594 luminis
1613 1547 1735 1594 actu
2195 1539 2492 1594 Praesumat
2524 1540 2654 1593 visis
2681 1539 2900 1610 superis
2939 1546 2992 1593 et
3015 1538 3215 1593 fatibus
3245 1539 3416 1593 audit.

477 1636 682 1689 Deserit
711 1635 1041 1699 obstructos,
1075 1635 1407 1705 preprioque
1437 1634 1617 1688 furore
1651 1640 1910 1704 petuntur
2194 1629 2396 1699 Inclyta
2413 1630 2729 1700 apostolicae
2751 1629 3094 1683 concinnans
3114 1645 3343 1683 munera
3385 1631 3560 1685 thecae

475 1724 634 1777 Salvo
675 1723 848 1776 Patris
886 1738 1051 1794 equo,
1087 1723 1330 1792 prudens
1362 1739 1502 1794 quos
1525 1739 1724 1777 censor
1753 1723 1947 1778 abacta
2121 1775 2162 1794 η
2191 1719 2418 1780 Attollit,
2447 1719 2618 1772 sacris
2657 1718 2896 1790 delegat,
2929 1719 3172 1774 cultibus
3202 1728 3381 1786 ornat,

475 1815 637 1869 Menti
672 1815 918 1885 pernicie
952 1815 1155 1879 reddit,
1183 1815 1282 1869 sed
1315 1814 1467 1869 furva
1506 1832 1733 1869 manere
2121 1779 2166 1840 Β
2192 1812 2494 1866 Exturbans
2523 1813 2746 1866 hereses
2778 1813 2969 1866 harum
2997 1812 3116 1868 loca
3143 1813 3374 1868 crimine
3409 1821 3628 1886 purgat,

479 1907 730 1977 Pra'cipit
767 1905 1329 1972 azternum,tenebras
1361 1924 1430 1961 ne
1456 1907 1576 1961 luce
1609 1907 1766 1978 potiti
2193 1900 2362 1971 quue
2396 1900 2829 1971 triumphantem
2861 1901 3064 1976 gaudet
3093 1902 3303 1958 vidisse
3328 1903 3589 1957 Suburra.

474 1997 728 2049 Assuetas
758 2002 1030 2065 repetant,
1065 2011 1200 2065 puro
1229 2011 1452 2066 quoque
1487 1995 1636 2050 fonte
1666 1997 1830 2066 piatis
2192 1991 2356 2061 Cujus
2392 2009 2491 2046 nec
2526 1993 2722 2046 tacitus
2756 1994 3019 2064 templum
3061 1995 3422 2066 occultusque
3455 1995 3722 2068 relinquit

472 2086 727 2141 Decernit
756 2087 1036 2158 geminum
1078 2087 1297 2157 pietatis
1323 2103 1550 2141 munere
1578 2087 1797 2141 victum.
2192 2085 2427 2156 Spiritus
2451 2086 2745 2159 egrediens
2773 2087 3112 2158 irrumpente
3130 2088 3350 2161 agmina
3379 2105 3568 2160 porco,

474 2179 586 2234 Mos
616 2178 874 2250 equidem
910 2177 1088 2233 fuerat
1116 2195 1270 2249 papa:
1302 2179 1501 2233 mentis
1533 2179 1728 2234 insitus
1758 2179 1913 2233 almae
2195 2178 2530 2247 lncrepitant
2559 2178 2822 2248 strepitus
2844 2195 3042 2252 magno
3071 2196 3336 2235 concussa
3364 2180 3579 2256 fragore
3615 2196 3630 2248 ;

476 2268 745 2341 Frangere
777 2267 1051 2333 crudeles,
1074 2267 1234 2322 tutari
1268 2284 1440 2339 prona
1469 2277 1769 2338 sequentes
2193 2267 2388 2322 Maenia
2422 2285 2751 2339 percurrens
2783 2269 2986 2324 invitus
3009 2270 3215 2326 deserit
3239 2271 3430 2327 hostis.

472 2357 622 2410 Dicta
656 2355 870 2427 probat,
905 2357 1099 2427 probat
1127 2357 1302 2411 elatus
1341 2357 1553 2411 feritate
1587 2365 1852 2428 tyrannus
2192 2359 2421 2414 Victoris
2446 2362 2548 2415 sub
2580 2362 2788 2416 honore
2823 2362 2950 2433 polo
2980 2363 3252 2418 velamine
3293 2363 3454 2418 nubis

477 2452 761 2507 Ruricolas
788 2468 852 2507 ac
892 2468 1015 2506 rura
1046 2459 1230 2506 terens
1259 2467 1381 2524 qua:
1414 2451 1553 2507 forte
1587 2458 1805 2522 reperta
2190 2447 2439 2502 Admisso
2469 2449 2670 2523 tegitur
2708 2450 3201 2506 vernansdivinius
3217 2451 3376 2518 altar,

476 2543 694 2597 Primati
724 2541 974 2610 subjecta
1001 2542 1166 2609 Petri,
1191 2542 1545 2614 monitusque
1567 2541 1712 2596 beati
2191 2540 2433 2595 Nectaris
2468 2541 2763 2596 Ecclesiam
2799 2543 2990 2613 implet
3008 2543 3162 2607 odor,
3186 2543 3421 2618 vestigia
3453 2553 3634 2600 terror

479 2637 823 2710 Legatosque
854 2639 1026 2693 Patris
1055 2654 1325 2710 spernens
1355 2637 1677 2709 papularier
1706 2636 1896 2692 urbem
1932 2654 1946 2701 ;
2194 2631 2374 2697 Amet,
2407 2639 2462 2686 et
2487 2632 2689 2687 emisso
2721 2633 3078 2703 resplendent
3108 2634 3326 2690 ccelitus
3356 2635 3485 2710 igne

473 2725 734 2780 Currebat
760 2727 848 2780 cui
885 2737 1071 2798 pastor
1093 2743 1226 2783 oves
1258 2726 1525 2782 tutamine
1558 2743 1802 2794 servans,
2199 2721 2501 2793 Lampados
2538 2723 2856 2798 insignique
2884 2725 3156 2780 iterantur
3181 2725 3391 2780 lumina
3425 2724 3668 2793 ﬂamma,

473 2814 719 2870 Occurrit
751 2822 958 2870 terrore
985 2832 1244 2887 premens
1273 2833 1285 2869 :
1317 2814 1573 2870 aﬁ‘amine
1591 2815 1789 2871 sternit
1819 2833 1832 2869 :
2200 2814 2606 2886 Restinctteque
2633 2814 2780 2870 faces
2816 2816 3049 2887 repetita
3070 2817 3192 2872 luce
3211 2825 3522 2874 coruscant.

473 2903 680 2975 Accipit
709 2904 801 2961 ille
832 2905 924 2978 pio
953 2905 1139 2960 divum
1157 2919 1410 2961 sermone
1434 2905 1705 2978 vigorem,

550 2992 558 2999 ’
1915 3003 2126 3060 CAPUT
2169 3005 2274 3060 XV.

1624 3114 1704 3174 De
1741 3115 2066 3173 miraculis
2109 3117 2239 3190 ejus
2280 3117 2659 3174 monasterii.

473 3251 639 3322 llujus
666 3253 734 3307 ad
766 3252 1007 3328 efﬁgiem
1039 3251 1303 3306 miracula
1334 3251 1456 3306 diva
1490 3257 1794 3322 patrantur,
2105 3282 2154 3342 ω
2183 3249 2449 3306 Omnibus
2471 3249 2721 3318 objectus
2750 3265 2969 3322 quoque
2999 3250 3240 3324 quiverit
3261 3266 3385 3307 orsa
3413 3251 3644 3308 referre.

471 3349 532 3404 Et
555 3350 783 3405 candela
816 3349 928 3421 poli
962 3365 1360 3421 nonnunquam
1390 3349 1712 3404 accenditur
1742 3349 1893 3424 igne,
2106 3322 2154 3344 υ
2191 3343 2437 3397 A11de
2467 3357 2589 3397 cum
2622 3341 2897 3416 Gregrorii
2927 3342 3199 3398 80l8mine
3231 3343 3472 3409 functus,

472 3439 600 3508 Ejus
628 3439 868 3494 ραιηοῦἰί
902 3438 1162 3510 praelatus
1187 3439 1394 3494 honore
1423 3438 1666 3494 Joannes
2193 3437 2582 3509 Mensurasque
2601 3437 2921 3493 monasterii
2956 3446 3229 3510 potusque
3269 3437 3492 3510 cibique

471 3530 721 3584 Luxuriae
752 3528 1005 3582 addictus
1035 3528 1230 3583 vinclis
1261 3529 1390 3583 dum
1421 3545 1564 3582 saeva
1596 3527 1929 3600 frequentat,
2195 3527 2476 3582 Consuetae
2507 3527 2727 3597 pietatis
2755 3542 2918 3598 Opem
2949 3527 3252 3600 solitasque
3282 3528 3537 3582 lucernas

467 3623 624 3678 Tristi
645 3623 950 3694 percutitur
977 3622 1166 3696 segnis
1195 3624 1459 3697 languore
1488 3623 1743 3694 podagra;
1768 3637 1783 3689 ;
2192 3615 2483 3670 Altitlironi
2511 3622 2639 3670 ante
2662 3616 2865 3686 pedum
2907 3632 2966 3670 se
2998 3625 3195 3671 cuncta
3247 3615 3438 3670 tulisse
3481 3615 3814 3671 scabellum.

471 3713 569 3778 Qui
602 3712 949 3767 medicinalis
980 3713 1237 3767 tormenti
1267 3713 1461 3767 ardore
1483 3712 1764 3776 subustus,
2193 3707 2578 3778 Oppositorum
2611 3724 2781 3762 unum
2815 3714 3025 3762 tantum
3063 3723 3300 3781 purgare
3341 3707 3628 3779 nequisse,

470 3803 604 3857 Dum
639 3802 964 3872 desperatus
1006 3810 1291 3858 crescente
1320 3801 1618 3875 gravedine
1650 3799 1840 3872 pestis,
2188 3802 2585 3857 Cesseritunde
2616 3803 2828 3874 pudore
2859 3811 3036 3869 actus,
3067 3801 3407 3858 cruciamine
3440 3801 3627 3865 tritus,

467 3895 735 3950 Sordihus
763 3895 1032 3960 abscedit,
1063 3901 1326 3965 castoque
1356 3893 1586 3947 inservit
1623 3892 1842 3959 honori,
2188 3891 2422 3947 Prodere
2444 3908 2558 3946 rem
2585 3891 2773 3959 jussus
2792 3898 2969 3946 vatem
2992 3891 3209 3965 legasse
3242 3899 3532 3961 patronum

469 3987 736 4043 Redditur
768 3995 963 4058 aptatae
995 3987 1226 4042 Domino
1259 3993 1516 4057 parcente
1547 3985 1708 4041 saluti
1745 4004 1758 4040 :
2184 3981 2344 4036 Fatur
2373 3980 2718 4053 Gregorium,
2748 3979 2883 4034 nulli
2914 3996 2974 4035 se
3006 3980 3254 4050 pandere
3285 3978 3552 4051 probrum

466 4079 563 4134 llle
593 4079 746 4135 canis
772 4080 921 4134 velut
961 4080 1228 4150 impurus,
1256 4079 1628 4149 vomitumque
1657 4077 1974 4142 resorbens,
2185 4072 2514 4126 Functorum
2537 4069 3506 4145 imodomos,meritumqueresignat
3520 4078 3813 4144 agentum,

465 4168 843 4240 Contemptum
887 4169 1085 4240 repetit
1115 4167 1291 4224 morbi
1324 4177 1448 4238 post
1477 4178 1728 4239 tempora
1752 4184 1981 4235 saevum,
2184 4165 2589 4219 Obtrectatores
2615 4165 2836 4218 audisse
2867 4180 2966 4234 per
2989 4165 3178 4220 omnia
3193 4162 3413 4229 fratres,

465 4258 828 4330 Lubrieaque,
848 4267 902 4312 et
924 4258 1109 4323 luxua,
1134 4265 1188 4312 et
1219 4257 1443 4312 sordida
1467 4258 1700 4313 crimina
1725 4263 1941 4323 tractat,
2182 4259 2400 4314 Judicio
2430 4260 2753 4315 obstrictum
2778 4259 2875 4313 sed
2917 4258 3121 4313 famina
3152 4257 3386 4313 reddere
3415 4257 3566 4313 nulla

464 4347 575 4402 Nec
606 4363 758 4402 mora
789 4346 1034 4418 Gregorii
1074 4345 1278 4402 seniori
1313 4346 1450 4403 visio
1473 4347 1690 4402 cuidam
2186 4351 2254 4404 Se
2285 4351 2526 4422 potuisse
2554 4351 2752 4417 fatens,
2786 4358 3011 4422 parcant
3035 4349 3375 4406 obeuntibus
3401 4349 3542 4404 ultra

462 4438 767 4505 Acc‘edens,
794 4438 911 4509 ipsa
945 4438 1190 4492 monitus
1213 4438 1307 4493 dat
1327 4446 1490 4494 nocte
1513 4439 1750 4510 relapso,
2185 4442 2349 4497 Ferre
2365 4443 2560 4498 cavilla
2585 4443 2787 4515 quibus
2818 4452 2927 4497 tam
2960 4442 3128 4496 multa
3159 4441 3490 4497 ferunturad
3507 4443 3666 4499 hoste

465 4529 755 4591 Pteniteat,
794 4528 938 4599 turpi
971 4539 1266 4584 convectos
1291 4529 1522 4584 crimine
1543 4543 1744 4582 census
2188 4533 2247 4587 Et
2271 4539 2376 4586 tam
2404 4531 2635 4586 districti
2661 4537 2960 4602 properant
2999 4529 3066 4584 ad
3095 4529 3300 4602 judicis
3331 4545 3429 4584 ora

464 4619 773 4690 Dispergal,
803 4633 928 4672 mox
961 4618 1080 4673 luce
1111 4619 1233 4672 dies
1255 4633 1419 4689 quem
1445 4615 1607 4670 tertia
1627 4615 1799 4670 ῑοηθῑο
2107 4612 2161 4680 ι)
2190 4623 2516 4695 Presbytero
2536 4623 2757 4678 demum
2785 4621 2888 4676 sibi
2922 4622 3017 4694 qui
3047 4637 3308 4692 suprema
3339 4629 3556 4678 notarat

459 4709 592 4764 Tum
626 4709 932 4782 stupidum,
961 4711 1208 4782 tantique
1241 4709 1410 4780 patris
1437 4707 1694 4762 mandata
1717 4716 2007 4778 paventem
2182 4717 2427 4771 Pandere
2461 4715 2706 4788 poscenti
2739 4713 2939 4769 summi
2969 4714 3074 4768 sibi
3102 4713 3313 4770 crimen
3345 4715 3562 4789 agonis,

460 4800 719 4856 Ρωηίῑιιίι
754 4799 902 4866 facti»
925 4815 1088 4873 gazas
1126 4798 1221 4870 (ιιιί
1256 4812 1521 4870 spargere
1550 4803 1790 4863 certans:
2182 4812 2232 4866 ls
2257 4817 2422 4881 caput
2451 4819 2704 4865 avertens
2719 4808 2926 4882 gemitu
2951 4809 3253 4880 proclamat
3272 4809 3474 4864 anhelo
3505 4827 3518 4863 :

459 4891 753 4964 Correptus
780 4893 1043 4966 languore
1075 4891 1166 4945 die
1198 4905 1298 4962 per
1322 4889 1438 4944 Visa
1461 4895 1650 4944 ηοῑᾶιο
2189 4921 2214 4952 α
2242 4899 2702 4969 Andma,pereas
2720 4897 2825 4951 isto
2851 4896 3189 4950 miserabilis
3205 4911 3371 4961 anno,

457 4986 639 5042 Uritur
669 4984 911 5061 ingentis
926 4983 1167 5038 violento
1186 4981 1438 5036 torminis
1467 4981 1612 5057 igne.
2181 4987 2280 5053 Qui
2313 5003 2400 5041 me
2422 4985 2655 5042 consilia
2687 4985 2742 5039 in
2774 4994 2883 5039 tam
2902 5000 3045 5038 szeva
3079 4983 3287 5056 pericla
3311 4982 3536 5038 dedisti,
3571 5007 3596 5028 ιι

455 5079 670 5149 Oreque
698 5075 1001 5149 projiciens
1032 5075 1277 5146 linguam
1307 5089 1566 5146 suprema
1595 5073 1846 5128 trahebat
2177 5080 2310 5134 Tum
2344 5078 2620 5133 medicum
2650 5077 2774 5132 vita:
2804 5075 3172 5147 spondentem
3205 5076 3356 5130 lucra
3385 5075 3691 5146 repellens,

455 5167 702 5222 Flamina
738 5181 752 5233 ;
785 5164 1042 5220 custodes
1072 5163 1298 5219 obeunti
1329 5164 1586 5218 assistere
1617 5162 1834 5228 dantur,
2181 5168 2421 5222 Psallere
2443 5165 2696 5236 deposcit
2726 5163 2922 5220 fratres
2941 5171 3002 5219 ut
3027 5180 3258 5219 cernere
3293 5164 3467 5235 possit

453 5264 627 5331 Atque
654 5260 972 5316 sacerdotes
1013 5258 1244 5315 Domino
1284 5258 1416 5313 dare
1446 5266 1572 5314 vota
1598 5257 1903 5320 recedunt;
2180 5257 2322 5321 Quas
2347 5255 2500 5328 prius
2519 5255 2798 5330 angelicas
2825 5261 3191 5325 conspexerat
3217 5253 3333 5325 ipse
3363 5262 3614 5309 catervas
3643 5272 3658 5319 ;

451 5349 710 5421 Regressi
743 5357 865 5418 post
887 5363 1040 5402 sacra
1072 5357 1300 5418 stupent
1325 5347 1539 5403 leniora
1566 5345 1781 5402 ferente
1817 5362 1831 5399 :
2182 5347 2285 5401 Has
2315 5344 2679 5416 contemplari
2702 5360 2849 5412 sese,
2871 5344 3200 5415 pallensque
3233 5351 3588 5415 tremensque

448 5437 656 5490 Nomen
689 5444 744 5491 et
766 5436 1087 5500 inclamant,
1110 5435 1302 5490 oculos
1331 5453 1456 5492 mox
1484 5436 1699 5492 evibrat
1737 5435 1830 5490 illa
2179 5434 2461 5490 Fratribus
2489 5440 2549 5488 ut
2572 5441 2789 5505 poterat
2815 5433 3062 5508 signans,
3097 5433 3343 5488 humana
3371 5431 3661 5505 relinquit,

445 5521 798 5580 Subridendo
834 5538 1092 5592 quaerens
1118 5539 1180 5578 se
1210 5525 1443 5581 vocibus
1471 5525 1833 5599 exagitatum,
2176 5525 2372 5600 Magno
2397 5523 2682 5579 dimittens
2708 5523 3015 5579 monachos
3049 5531 3260 5579 terrore
3289 5523 3572 5579 subactos.

445 5609 675 5666 Judiciis
700 5610 897 5665 Christi
919 5613 1012 5680 qui
1046 5613 1224 5681 prima
1253 5631 1286 5668 a
1315 5616 1438 5673 luce
1463 5617 1575 5672 diei
2175 5618 2338 5673 Ruris
2368 5624 2423 5672 et
2454 5617 2712 5672 Andraeas
2741 5617 3045 5673 conductor
3075 5613 3396 5684 Barbiliani,

444 5693 684 5751 Astiterit
711 5702 938 5751 certans
965 5711 1088 5749 cum
1108 5703 1354 5766 perpetis
1382 5705 1542 5760 hoste
1572 5702 1785 5758 salutis.
2173 5705 2253 5759 Ad
2282 5719 2474 5761 vocem
2500 5719 2628 5760 mox
2647 5705 2955 5778 presbyteri
2983 5705 3280 5762 maledicta
3308 5705 3558 5775 ferentis,
