3972 6208
262 314 359 367 781

261 436 474 490 Decidit
516 436 570 489 in
600 435 826 498 lectum,
854 440 908 486 et
939 432 1105 499 longo
1139 431 1400 502 languore
1434 430 1668 494 solutus,

253 527 532 589 .Carnibus
551 525 801 586 exuitur;
832 523 1029 591 conjux
1062 522 1252 576 fictore
1286 529 1505 595 gravata

260 621 408 676 Tabe
448 620 549 675 viri
580 619 877 690 absumpti,
908 618 1004 670 sed
1035 632 1144 671 non
1170 615 1358 670 efflare
1391 613 1621 669 valentis
1653 631 1667 674 ;

267 711 518 764 Hortatur
548 708 762 763 facinus
793 723 902 778 quo
931 707 1042 760 sint
1085 713 1189 759 tam
1222 705 1339 758 (lira
1369 703 1575 758 revelet

263 799 407 853 Voce
431 798 642 872 ingesta
683 795 791 850 sibi
833 793 1041 866 praelati
1072 792 1180 848 fata
1209 792 1492 847 trahentis.

749 309 831 363 DE
873 307 1130 361 CHRISTI
1172 305 1533 359 TRIUMPIIIS
1575 303 1743 357 APUD
1788 301 2052 356 ITA|.IAM
2093 301 2317 356 GESTIS
2359 303 2530 357 LIBRI
2575 303 2706 356 XIV.
2750 334 2818 344 —
2859 304 2982 358 LIB.
3028 305 3087 359 X.

1907 432 1960 496 Α
1989 428 2076 479 Ast
2096 425 2190 479 ubi
2231 424 2513 480 confessus
2539 426 2790 497 quwdam
2823 427 3164 481 monimenta
3195 429 3385 482 tulisse

1988 514 2302 568 Chartarum
2333 531 2452 570 cum
2488 516 2774 587 preposito
2807 517 3098 588 pretioque
3127 518 3352 574 dedisse

1987 603 2251 676 Indignis,
2283 605 2476 677 retegit
2506 620 2630 660 mox
2662 621 2903 672 carcere,
2927 622 3159 676 corpore
3191 607 3342 673 texit,

1984 696 2251 768 Supplicii
2281 698 2491 752 cunctis
2512 699 2718 768 proprii
2751 698 3045 754 luctamine
3078 700 3317 770 prodens

1985 791 2230 866 Gregorii
2263 791 2440 865 legum
2482 793 2612 848 lanii
2641 793 2770 864 quid
2802 792 2940 849 ferre
2979 803 3278 850 merentur.

1741 927 1947 982 CAPUT
1985 929 2122 984 XVI.

1139 1060 1213 1118 De
1257 1060 1542 1118 ministro
1587 1066 1697 1134 qui
1735 1061 1862 1132 ejus
1911 1059 2223 1118 imminuit
2266 1060 2718 1134 eleemosynam.

268 1203 362 1258 Hic
392 1203 559 1256 etiam
592 1203 684 1274 qui
718 1207 1012 1256 consuetas
1042 1200 1311 1254 minuisse
1335 1200 1598 1270 probatur

270 1294 505 1364 Dapsilis
535 1294 815 1363 impensas
839 1294 1064 1363 inopum
1097 1291 1367 1345 solamina
1389 1291 1580 1362 patris,

267 1383 558 1438 Praemisso
593 1397 845 1453 praecone
874 1380 1022 1451 capit
1054 1380 1308 1434 mandata
1350 1379 1494 1433 beati

269 1475 435 1540 Dura,
470 1475 590 1528 dies
619 1473 725 1528 sibi
761 1489 858 1544 pro
888 1472 1111 1543 dempta
1135 1472 1338 1543 pietate
1367 1478 1610 1526 resectos
1635 1489 1647 1524 :

271 1569 520 1640 Dumque
553 1568 716 1622 fidem
758 1568 941 1623 minus
977 1567 1251 1638 impendit
1293 1582 1390 1637 pro
1421 1575 1668 1638 tempore
1707 1567 1887 1631 dictis,

1992 1201 2205 1255 Pariete
2229 1201 2549 1272 flagrantem
2577 1202 2729 1256 solus
2755 1202 2938 1257 subito
2962 1203 3160 1273 aspicit
3183 1205 3388 1278 ignem,

1989 1294 2157 1358 Quem
2183 1295 2436 1349 manibus
2464 1301 2680 1350 tentans
2707 1303 2974 1363 avertere,
3007 1299 3250 1368 carpitur
3282 1299 3432 1367 ipse:

1991 1383 2196 1437 Ardore
2229 1384 2457 1438 interius
2485 1383 2765 1455 febrisque
2795 1385 2972 1440 calore
3000 1394 3238 1451 voratur,

1991 1475 2162 1544 Atque
2184 1490 2333 1545 gravi
2357 1472 2522 1528 finem
2558 1475 2682 1530 vitae
2713 1475 2926 1532 fervore
2957 1476 3211 1547 capessit.

1734 1703 1945 1759 CAPUT
1991 1705 2146 1760 XVII.

1393 1839 1466 1896 De
1508 1840 1823 1897 monachis
1869 1842 2058 1916 ipsius
2104 1844 2477 1901 monasterii.

265 1974 493 2045 Templo
523 1975 819 2048 Gregorius
844 1991 954 2047 quo
978 1975 1208 2030 fundere
1235 1983 1358 2032 vota
1386 1977 1602 2032 solebat

268 2065 506 2136 Spiritus
537 2065 773 2120 infestus
804 2075 963 2132 teter,
997 2069 1195 2123 virtute
1236 2067 1362 2122 fidei

269 2159 496 2214 Robusti
528 2161 750 2229 ejicitur
776 2162 1050 2226 monachi,
1085 2162 1213 2217 licet
1244 2164 1441 2219 ictibus
1472 2170 1624 2219 actus

271 2250 543 2304 Insomnis
564 2251 684 2303 vani
718 2267 816 2321 per
845 2251 962 2306 visa
992 2251 1260 2307 minantia
1288 2253 1399 2307 teli.

267 2341 478 2395 Ducere
507 2348 626 2410 post
654 2341 785 2396 Iethi
815 2342 910 2412 qni
940 2342 1096 2397 fauce
1129 2344 1373 2414 pericula
1404 2345 1572 2411 visus,

266 2432 479 2503 Accipit
507 2433 562 2485 in
597 2433 712 2487 visu
743 2433 912 2504 patris
936 2435 1194 2489 mandata
1225 2435 1372 2489 beati

269 2526 463 2580 Vivere
503 2528 548 2580 si
580 2535 735 2583 curet
760 2529 1042 2584 morituris
1073 2529 1183 2584 fata
1212 2529 1452 2592 revelet;

272 2621 521 2676 Pandere
555 2621 823 2691 promittit
853 2619 1180 2696 fungentum
1214 2631 1268 2676 et
1296 2621 1519 2677 nomina
1551 2620 1747 2682 sumit;

273 2710 375 2765 Ore.
405 2711 574 2781 patris
602 2709 795 2780 recipit
824 2709 1047 2781 digitos,
1075 2709 1276 2782 quibus
1305 2713 1490 2766 ulcere
1517 2718 1679 2782 rupto

273 2797 499 2853 Excreat
528 2798 766 2852 innatam
800 2799 919 2852 dira
945 2799 1222 2869 putridine
1254 2809 1464 2870 pestem

272 2891 510 2964 Moxque
539 2901 725 2948 secuta
753 2894 900 2947 salus
925 2895 1116 2948 mortis
1147 2895 1293 2948 hunc
1314 2894 1560 2950 faucibus
1590 2909 1786 2949 arcens

272 2985 545 3059 Aggregat
576 2985 907 3055 hymnidicze
938 2987 1088 3041 nullo
1119 2994 1374 3056 sperante
1403 2994 1654 3041 catervae.

275 3075 408 3130 Rem
440 3075 678 3147 stupidis
708 3075 906 3146 prodit,
939 3076 1085 3131 dicta
1123 3075 1317 3130 astruit
1357 3077 1491 3131 ordo
1535 3076 1889 3150 migrantum,

276 3167 500 3230 Praesul,
529 3167 785 3222 ezenobio
817 3168 1095 3238 praelatus,
1132 3176 1189 3221 ut
1230 3168 1452 3221 ultimus
1479 3163 1633 3222 audit

276 3256 346 3310 Se
367 3272 590 3328 quoque
622 3272 973 3326 percensum,
1000 3258 1261 3328 languore
1287 3263 1554 3327 sequente
1577 3264 1816 3321 coactus,

276 3342 507 3400 Credere
536 3344 782 3414 disponit
809 3345 1042 3414 propria
1084 3361 1195 3399 rem
1229 3345 1449 3399 territus
1478 3344 1627 3399 aedis.

1913 1986 1960 2052 lg
1988 1982 2232 2052 Tumque
2255 1981 2645 2037 monasterium
2679 1982 2997 2054 ingrediens
3017 1988 3258 2037 mutatur
3288 1983 3497 2038 honore

1990 2077 2049 2129 Et
2080 2076 2330 2130 monachi
2373 2092 2597 2131 sumens
2642 2076 2886 2132 habitum
2920 2077 3110 2132 mundi
3152 2077 3387 2152 abnegat
3423 2085 3602 2133 actum

1989 2171 2218 2224 Antlrzea
2249 2171 2468 2226 tandem
2499 2188 2624 2226 sese
2655 2174 2865 2228 visente
2896 2173 3061 2229 beato

1991 2263 2160 2329 Atque
2190 2259 2376 2313 obitus
2407 2261 2594 2314 horam
2629 2262 2806 2330 patrio
2829 2278 3087 2316 sermone
3119 2270 3364 2326 notante,

1991 2347 2166 2402 Laetus
2192 2348 2328 2411 obit,
2363 2351 2548 2423 peragi
2592 2351 2697 2405 sibi
2731 2367 2852 2406 mox
2883 2351 3134 2406 funebris
3167 2367 3422 2422 poscens,

1997 2439 2324 2495 Luminibus
2354 2441 2476 2495 latis
2506 2441 2691 2516 dignis
2716 2450 2770 2498 et
2807 2443 3074 2498 odoribus
3103 2443 3297 2509 auctis,

1996 2530 2058 2584 Ut
2085 2531 2256 2584 sancti
2280 2547 2516 2601 poscens
2537 2533 2757 2588 Fabiani
2788 2533 2924 2589 festa
2954 2535 3209 2606 rependi.

1993 2617 2313 2690 Gregorium
2343 2621 2536 2676 insano
2571 2623 2873 2677 monachus
2901 2639 2998 2694 pro
3026 2623 3189 2679 fratre
3219 2629 3497 2694 precatus,

1994 2709 2331 2780 Conspectus
2369 2711 2613 2785 fugiente
2641 2715 2948 2779 hominum,
2982 2716 3101 2770 loca
3128 2722 3281 2771 vasta
3306 2716 3537 2772 terendo

1995 2801 2201 2871 Aspicit
2223 2801 2277 2855 in
2309 2803 2429 2857 visu
2461 2803 2679 2858 dantem
2712 2804 2977 2860 solamina
3008 2814 3214 2876 patrem

1995 2890 2148 2954 Quod
2179 2906 2414 2946 cernens
2445 2893 2710 2964 lacrymas
2740 2901 2923 2949 votum
2964 2895 3270 2966 susceperit
3299 2896 3440 2963 ejus,

1996 2980 2055 3033 Et
2084 2996 2278 3035 sanum
2297 2981 2402 3035 sibi
2428 2998 2752 3057 germanum
2781 3001 2902 3039 cum
2934 2984 3055 3040 luce
3077 2985 3323 3050 reducet,

1994 3068 2286 3142 Presbyter
2312 3079 2364 3126 ul
2401 3071 2625 3128 clausus
2646 3074 2808 3128 venia
2831 3074 3101 3130 resolutus
3123 3073 3321 3128 abibit.

1995 3159 2236 3216 Crastina
2267 3163 2355 3215 qu
2389 3163 2659 3231 promissa
2700 3164 2897 3234 probat
2924 3164 3216 3219 mandante
3247 3163 3508 3218 sacerdos

1995 3254 2226 3309 Lavatur
2247 3270 2386 3325 papa
2413 3253 2690 3326 fraterque
2721 3272 2975 3311 reversus
3006 3255 3230 3322 amanti,

1917 3325 1964 3386 (ἶ
1995 3342 2262 3398 Redditur
2290 3341 2588 3396 incolumis
2606 3325 2894 3416 servitque
2916 3344 3190 3400 manendo
3219 3341 3416 3397 fidelis.

1722 3485 1932 3540 CAPUT
1969 3485 2149 3540 XVIII.

1397 3620 1471 3678 De
1510 3619 1935 3696 puriﬁcatione
1976 3619 2165 3693 fundi
2206 3617 2490 3692 ejusdem.

274 3758 512 3830 Spiritus
543 3757 762 3812 hostilis
783 3757 1104 3828 praedictum
1132 3757 1500 3812 Barbilianum

278 3852 534 3908 Vastabat
560 3843 814 3914 fundum’,
839 3851 1127 3906 simulatus
1163 3860 1452 3906 stemmate
1475 3859 1713 3914 taurum,

276 3946 481 4003 Noxius
511 3944 771 4018 agricolis
803 3946 1030 4007 instans,
1056 3962 1118 4000 ac
1143 3945 1320 4001 fronte
1351 3944 1606 4020 fatigans,

279 4038 680 4109 Custodesque,
708 4038 986 4111 bovesque
1016 4039 1132 4094 suis
1158 4040 1500 4110 praesepibus
1529 4054 1750 4103 arcens;

281 4127 551 4199 Dispersis
579 4127 700 4181 aliis
728 4143 870 4182 unus
899 4137 1104 4183 terrore
1129 4127 1401 4182 bubulcus

281 4221 443 4275 Actus
473 4219 587 4274 adit
618 4221 920 4275 monachos
950 4219 1216 4290 trepidus,
1255 4237 1366 4274 rem
1402 4218 1647 4292 pandere
1683 4219 1850 4292 gestit
1881 4236 1895 4285 ;

283 4312 430 4367 Inter
458 4319 514 4368 et
540 4311 837 4376 eﬂ'andum,
864 4320 1025 4384 rupto
1048 4329 1328 4378 sermone,
1361 4312 1569 4366 recedit

281 4403 605 4473 Aufugiens,
647 4402 1001 4475 dominisque
1029 4405 1179 4458 celer
1209 4402 1533 4458 mirantibus
1553 4401 1683 4455 exit.

283 4495 436 4552 Mane
466 4497 597 4552 dein
627 4496 848 4552 rediens
879 4495 1108 4568 pecudis
1131 4511 1192 4551 se
1222 4496 1449 4551 horrore
1477 4493 1720 4568 fugatum

1997 3758 2309 3814 Infestantis
2337 3757 2414 3812 ait
2439 3763 2551 3813 tota
2578 3757 2899 3813 discrimina
2930 3766 3091 3815 nocte

1997 3848 2222 3903 Fervida
2245 3863 2303 3902 se
2335 3863 2577 3918 passum,
2610 3846 2783 3921 mergi
2813 3854 2872 3902 ut
2899 3846 2967 3902 de
2994 3855 3162 3918 ponte
3194 3855 3480 3922 renutans,

1999 3940 2240 4016 Fugerit,
2267 3950 2431 4014 atque
2453 3942 2590 3996 aviis
2615 3941 2758 3996 inter
2784 3940 3064 3996 molimina
3092 3944 3308 4012 prensis

2000 4037 2284 4090 Portarum
2323 4035 2580 4089 claustris
2606 4034 2775 4090 tuitus
2803 4034 2872 4088 sit
2903 4035 3140 4104 praesule
3172 4037 3432 4107 quodam.

2001 4129 2121 4198 Ipse
2149 4141 2372 4198 quoque
2401 4142 2676 4197 apparens
2696 4125 2910 4180 cuidam
2936 4139 3035 4195 per
3065 4125 3180 4180 visa
3210 4142 3433 4181 suorum

1999 4216 2313 4288 Gregorius,
2338 4215 2447 4269 ruri
2478 4215 2826 4270 benedictam
2853 4214 3100 4286 spargier
3125 4215 3326 4269 undam

2003 4308 2272 4379 Praecipit,
2305 4316 2359 4362 et
2388 4307 2528 4362 facto
2560 4306 2714 4362 labes
2734 4307 2910 4364 invisa
2933 4323 3178 4372 recessu,

2000 4400 2160 4455 Fines
2179 4398 2295 4454 visa
2325 4398 2452 4453 dein
2494 4414 2713 4473 gyrare,
2748 4399 2949 4453 intrare
2980 4414 3084 4452 nec
3113 4415 3320 4453 ausam.

1749 4625 1955 4682 CAPUT
2000 4625 2135 4680 XIX.

1439 4759 1513 4816 De
1557 4760 1788 4817 visione
1839 4755 2124 4830 Tetgaudi
2162 4753 2438 4830 episcopi.

283 4897 597 4974 Tetgaudus
618 4895 842 4967 quidam
876 4895 1091 4966 praesul,
1120 4894 1363 4964 privatus
1388 4894 1618 4958 honore,

290 4989 513 5044 Romam
547 4987 762 5053 adiens,
785 4985 889 5042 hoc
919 4987 1217 5058 hospitium
1251 4987 1532 5057 praebente
1557 4987 1762 5042 subivit

289 5079 572 5145 C(enobio,
599 5094 777 5149 papa;
811 5078 898 5133 cui
925 5079 1106 5134 somni
1136 5094 1308 5148 pauca
1333 5079 1592 5133 trahenti.

288 5171 446 5226 Visus
477 5170 675 5225 adesse
698 5179 872 5241 pater,
901 5169 1323 5240 minitantiaque
1350 5169 1514 5223 edere
1537 5169 1724 5236 jussa:

287 5260 450 5314 Exeat
482 5266 647 5330 atque
674 5259 780 5313 cito
813 5274 1118 5330 properans
1155 5275 1253 5313 sua
1285 5271 1442 5329 septa
1471 5258 1756 5330 relinquat.

286 5348 566 5404 Excutitur
594 5349 797 5413 stratis,
835 5355 970 5416 orat,
1006 5349 1389 5420 phantasmata
1420 5357 1589 5411 retur,

285 5441 462 5513 Atque
494 5441 691 5496 iterum
722 5440 943 5507 dormit;
987 5457 1175 5496 rursus
1213 5449 1370 5512 pater
1406 5439 1658 5494 imminet
1695 5445 1899 5500 astans,

290 5533 596 5588 Poutificali
636 5534 856 5590 habitu:
906 5556 925 5583 ι
970 5533 1181 5590 Nostris
1218 5533 1516 5588 abscedere
1547 5530 1800 5587 claustris

292 5624 408 5681 Non
444 5626 824 5698 (inquit)jussi
855 5627 1081 5684 domino
1104 5641 1226 5698 quze
1256 5625 1386 5680 dote
1418 5624 1594 5679 dicavi

294 5713 565 5786 Principis
594 5717 843 5772 Andraeae
875 5733 996 5788 quae
1027 5714 1329 5768 diversoria
1370 5713 1538 5769 nolim
1562 5712 1590 5765 1’
1634 5736 1656 5757 »ν

1924 4900 1976 4966 υ
2006 4891 2101 4944 Ille
2133 4888 2317 4943 ferens
2346 4903 2377 4941 a
2407 4883 2668 4956 pontifice
2701 4885 2817 4941 haec
2844 4884 2947 4938 sibi
2979 4883 3110 4953 jura
3139 4887 3399 4942 manendi

2008 4986 2188 5053 Cessa,
2218 4984 2363 5054 capit
2388 4982 2644 5038 mulctam
2679 4981 2886 5037 Christo
2917 4981 3193 5052 plectente
3215 4983 3315 5038 sub
3348 4983 3468 5053 ipso

2008 5075 2334 5146 Sumpturos
2365 5080 2470 5128 tam
2499 5073 2593 5145 qui
2614 5073 2794 5144 petiit,
2825 5087 2985 5144 quam
3020 5072 3115 5143 qui
3147 5072 3302 5127 dedit
3331 5090 3506 5141 anno;

2009 5168 2261 5224 Intremit
2289 5167 2576 5241 evigilans,
2598 5166 2738 5222 facta
2765 5181 2948 5238 prece,
2981 5165 3215 5222 reddere
3244 5183 3439 5223 somno

2008 5261 2077 5316 Se
2111 5268 2304 5328 tentat,
2336 5261 2691 5333 sonitumque
2721 5268 2944 5332 repente
2972 5259 3118 5330 capit
3143 5259 3479 5315 subeuntum

2013 5356 2244 5421 Limina,
2268 5356 2427 5412 valde
2447 5369 2655 5428 pavens
2675 5355 2941 5430 ﬁngitque
2971 5369 3168 5426 sapore
3193 5363 3474 5430 gravatum

2009 5444 2333 5518 Ingrediens
2363 5445 2439 5499 ita
2468 5445 2782 5518 Gregorius,
2814 5446 3169 5516 dextramque
3201 5445 3441 5500 tenendo

2008 5535 2272 5602 Andrzea,
2301 5537 2639 5606 apprOpians
2668 5537 2825 5593 latori
2864 5535 3090 5593 luminis
3120 5535 3335 5608 (inquit)

2015 5645 2034 5674 ι
2079 5623 2300 5694 Corripe
2323 5630 2675 5694 prostratum.
2719 5646 2744 5674 υ
2795 5622 3252 5697 Correptusatillc
3273 5622 3508 5680 resedit:

2017 5737 2037 5765 υ
2082 5713 2272 5786 Aspice
2305 5729 2406 5768 nos
2423 5712 2662 5779 (sanctus
2695 5715 2963 5785 trepido),
2986 5715 3116 5786 quia
3143 5713 3232 5770 bis
3257 5731 3381 5773 mea
3408 5715 3550 5772 dicta
