3972 6208
435 274 542 329 ’783
1207 272 1572 329 FLODOARDI
1616 276 1916 334 CANONICI
1960 281 2289 339 ltEMENSlS
2329 284 2663 337 OPllSCL’l.A
2707 284 3007 341 METRICA.
3676 290 3777 344 784

435 405 728 470 Temnens,
763 404 909 457 hunc
940 403 1151 458 Domini
1182 421 1464 475 procerem
1497 406 1773 465 deducere
1812 412 1985 486 cOgis,
2086 423 2129 486 Α
2157 416 2459 490 Degentum
2486 416 2577 470 hic
2604 423 2808 481 tecum,
2842 417 2950 485 iam
2984 431 3109 471 rura
3151 423 3376 489 paterna
3406 418 3633 474 reviset.
3676 441 3702 469 ι

435 500 497 553 Ni
538 518 659 555 mox
692 499 958 553 abscetlas
990 499 1174 565 hodie,
1208 501 1492 570 privabere
1523 504 1633 558 vita
2162 504 2395 575 Proripit
2428 505 2555 557 hinc
2583 520 2641 558 se
2671 520 2792 558 mox
2826 504 3030 565 stratis.
3058 520 3122 559 ac
3148 505 3265 559 visa
3297 507 3522 572 revelat,

437 588 676 642 Instante
719 588 1064 641 hebdomada
1096 589 1261 643 sociis
1302 590 1464 644 simul
1498 593 1755 647 omnibus
1786 596 1980 651 auctis.
2163 596 2451 667 Egreditur
2472 597 2680 667 septis;
2705 596 3051 667 complentur
3083 597 3287 651 lamina
3316 596 3508 661 factis;

434 679 497 729 At
526 677 571 729 si
598 676 751 743 jussa
770 692 1012 747 sequens
1035 693 1216 746 pares,
1240 678 1477 733 evadere
1502 696 1696 751 pmnas
1836 682 2051 755 [horum
2158 684 2383 755 Hospitii
2416 701 2538 739 nam
2566 685 2690 753 jure
2721 700 2935 751 carens,
2966 685 3273 757 adiensque
3300 686 3558 753 Sabinos,

434 766 587 821 Nunc
617 766 825 838 poteris
867 767 1111 833 subitas;
1164 785 1345 841 neque
1386 777 1442 825 tu
1475 787 1654 844 neque
1694 773 1820 846 quis
1868 780 2049 831 tamen
2155 776 2286 832 Cum
2308 778 2568 833 comitatu
2602 778 2725 849 ipso
2752 777 2863 833 vita
2893 778 3136 850 privatur
3160 777 3216 832 in
3246 793 3411 833 anno.

1903 930 2114 987 CAPUT
2165 933 2270 987 ΧΧ.

1236 1053 1303 1115 Dr
1361 1074 1424 1115 eo
1467 1060 1576 1135 qui
1604 1062 1944 1120 meretrices
1982 1065 2342 1123 monasterio
2376 1066 2567 1142 ipsius
2600 1065 2961 1126 introduxit.

433 1186 520 1239 Sic
550 1184 713 1239 etiam
747 1185 943 1239 meruit
965 1184 1172 1239 sentire
1204 1185 1540 1242 domesticus
1572 1187 1663 1242 ille
2157 1192 2449 1247 lntroferre
2481 1209 2644 1248 ausus
2670 1193 2827 1248 ﬂuxae
2859 1208 2955 1248 seu
2984 1192 3192 1250 ludicra
3222 1210 3423 1261 scenae,

435 1274 715 1344 SUpponis
747 1289 984 1344 paruam,
1018 1273 1111 1344 qui
1139 1273 1371 1330 claustra
1406 1276 1690 1331 recludere
1713 1276 1911 1333 scortis
2155 1283 2328 1338 Crede
2360 1283 2493 1337 mihi
2528 1284 2732 1340 idcirco
2762 1292 3034 1356 praesente
3066 1284 3274 1357 peribis
3303 1285 3358 1339 in
3386 1302 3553 1342 anno.
3604 1308 3625 1335 ι

440 1366 554 1419 Non
585 1365 787 1423 timuit.
812 1364 899 1420 cui
932 1382 1201 1437 suspenso
1229 1367 1528 1438 spiramine
1559 1368 1679 1423 diro
2154 1374 2253 1438 Qui
2283 1390 2342 1428 se
2375 1381 2700 1445 promittens
2721 1375 3021 1431 sceleratos
3049 1391 3254 1447 ponere
3287 1391 3490 1441 mores,

434 1457 726 1529 Gregorius
755 1458 903 1513 visus
928 1475 940 1511 :
986 1479 1009 1508 ι
1053 1458 1187 1513 Mala
1217 1474 1326 1515 non
1351 1460 1447 1514 tibi
1476 1468 1671 1515 caetera
1702 1461 1877 1526 (dixit.
2154 1464 2362 1535 Deponi
2397 1465 2665 1537 reddique
2698 1466 2817 1521 solo
2842 1466 3133 1522 mandatur
3158 1467 3231 1521 ab
3257 1468 3385 1522 alto.

431 1549 742 1615 Sufficiunt,
777 1550 1000 1605 inimice
1031 1550 1146 1617 Dei,
1178 1568 1299 1622 quae
1335 1553 1571 1622 plurima
1602 1554 1805 1609 nostris
2082 1623 2119 1629 _
2154 1556 2216 1611 At
2241 1557 2371 1627 quia
2400 1555 2707 1613 dissimulat
2736 1573 2932 1629 pravos
2969 1574 3305 1629 componere
3336 1574 3553 1625 sensus,

431 1641 687 1696 Gessislis
717 1642 934 1712 septis?
959 1642 1268 1698 Merctrices
1288 1644 1512 1715 insuper
1541 1646 1678 1701 istuc
2082 1623 2130 1692 Β
2155 1623 2471 1704 Perditione
2500 1665 2599 1703 sua
2622 1623 2758 1704 vatis
2788 1649 2983 1720 probat
3004 1623 3153 1705 edita
3184 1666 3331 1705 vera.

1907 1818 2118 1873 CAPUT
2158 1818 2290 1874 XXI.

1648 1962 1724 2021 De
1770 1963 2000 2024 visione
2039 1969 2238 2025 sancti
2280 1964 2549 2025 Andrear.

429 2100 537 2156 Nec
567 2102 751 2157 minus
789 2102 1037 2171 ejusdem
1066 2103 1243 2158 sensit
1268 2104 1548 2176 Supponis
1576 2107 1831 2163 alumnus
2149 2106 2425 2179 Comperit
2463 2108 2731 2163 Anoream
2761 2116 3013 2163 sanctum
3040 2108 3146 2163 sibi
3172 2109 3327 2178 jussa
3356 2110 3598 2175 dedisse,

429 2194 524 2247 llle
556 2209 745 2248 necem
777 2210 887 2266 quo
928 2194 1144 2266 direpta
1176 2203 1259 2252 est
1288 2196 1486 2251 domus
1510 2205 1636 2269 apta
1658 2199 1919 2265 cubandi,
2150 2198 2485 2273 Signatoque
2507 2199 2628 2255 loco
2661 2206 2987 2271 prostratum
3005 2200 3184 2256 ult0re
3203 2201 3506 2273 superbum

428 2286 527 2350 Qui
554 2286 657 2339 sibi
691 2292 850 2341 nocte
882 2303 1072 2341 senem
1100 2288 1276 2343 visum
1309 2296 1363 2343 et
1392 2306 1451 2343 se
1482 2289 1869 2345 discutientem
2150 2288 2541 2343 Semianimem
2564 2288 2876 2353 inveniens,
2910 2290 3244 2346 clamoribus
3270 2291 3447 2346 acciet
3474 2307 3697 2359 omnes,

432 2378 792 2448 lncrepitans,
826 2377 1149 2451 fatuumque
1171 2395 1374 2435 vocans
1398 2382 1779 2436 moderamine
1809 2381 1974 2456 virgae
2148 2379 2220 2432 Ac
2257 2377 2361 2432 sub
2388 2378 2694 2449 apostolico
2724 2380 2818 2435 dat
2848 2379 3073 2435 nomine
3103 2378 3309 2435 famina
3340 2380 3483 2446 fuso,

431 2466 647 2521 Leniter
672 2474 926 2533 attactus,
959 2468 1141 2523 telluri
1174 2469 1438 2524 sternitur
1466 2471 1617 2536 imae;
2150 2468 2370 2542 Hocque
2395 2470 2501 2524 sibi
2525 2470 2719 2539 juncto
2761 2472 2953 2544 pandit
2991 2473 3251 2529 mandata
3283 2482 3536 2545 patrono,

428 2557 658 2628 Moxque
690 2546 878 2612 senem
911 2560 1133 2630 quidam
1164 2575 1262 2631 per
1290 2560 1506 2615 somnia
1533 2561 1768 2615 clericus
1795 2561 1972 2632 ipsum
2150 2559 2243 2613 llle
2269 2575 2472 2615 vocans
2500 2563 2802 2617 monachos
2838 2561 3015 2633 culpae
3044 2562 3114 2618 de
3143 2562 3377 2619 crimine
3405 2565 3626 2637 quaerit,

428 2648 716 2717 Aspicicns
742 2649 916 2716 audit,
950 2660 1159 2726 surgat,
1191 2651 1494 2722 comitique
1525 2652 1751 2720 revelet,
2149 2648 2317 2720 Hujus
2346 2656 2400 2704 et
2431 2651 2648 2707 hortatu
2679 2652 2996 2708 convulsam
3031 2654 3459 2724 percipitaedem

432 2737 597 2792 Exeat
627 2749 686 2794 ut
714 2740 984 2804 claustris,
1028 2758 1152 2796 sese
1191 2758 1297 2797 nec
1318 2750 1576 2813 provocet
1615 2743 1708 2798 ira:
2145 2741 2462 2799 Abscedens
2484 2745 2779 2800 restaurari
2805 2744 2962 2814 jubet
2988 2747 3231 2818 amplius
3262 2747 3394 2803 illuc

430 2828 608 2881 Sanus
636 2838 695 2884 ut
731 2829 808 2883 ire
835 2837 1021 2901 queat,
1050 2830 1426 2903 famulumque
1454 2848 1730 2888 resumere
1769 2849 1970 2889 caesum
2146 2831 2392 2903 Hospitio
2423 2850 2535 2889 non
2569 2849 2909 2906 praesumens
2933 2834 3207 2891 divertere
3238 2845 3482 2909 sumpto,

427 2916 703 2979 Quterenti
730 2918 855 2988 quis
878 2918 959 2973 sic
988 2918 1091 2973 sub
1124 2919 1362 2993 imagine
1390 2935 1553 2991 posse
1593 2922 1828 2989 renosci,
2147 2922 2385 2979 Domatis
2410 2932 2466 2979 at
2484 2925 2674 2981 vulsor
2701 2925 2848 2982 letho
2867 2926 3181 2997 procumbit
3218 2942 3422 2984 amaro.

425 3005 631 3060 Asserit
657 3004 863 3073 afﬁcte,
887 3006 1120 3063 intuitus
1136 3024 1301 3082 quam
1342 3008 1551 3065 lumine
1577 3020 1798 3083 sumpto

2003 3176 2207 3233 CAPUT
2247 3178 2406 3237 XXII.

1476 3303 1554 3365 De
1594 3321 1659 3365 eo
1699 3310 1807 3383 qui
1849 3305 2074 3384 fontem
2116 3305 2308 3384 ipsius
2350 3309 2729 3384 inquinavit.

424 3472 712 3546 Presbyter
750 3473 839 3529 ille
867 3474 1030 3530 etiam
1061 3475 1299 3531 claustro
1331 3474 1588 3547 praelatus
1608 3473 1788 3528 eidem
2069 3479 2119 3545 ί]
2141 3472 2304 3549 Ᾰζεθτ
2342 3488 2487 3547 equo
2518 3472 2812 3545 impositus
2829 3472 3005 3545 septis
3036 3471 3364 3529 redhibetur
3392 3471 3661 3539 anhelus;

421 3567 520 3631 Qui
555 3567 757 3621 fontem
791 3577 1047 3639 relegens
1073 3576 1256 3623 scorto
1286 3566 1554 3621 fabricare
1587 3566 1836 3620 lacunam
2141 3565 2353 3621 indicat
2372 3565 2698 3629 admissum,
2728 3580 2893 3635 poena
2918 3564 3157 3620 laniatur
3183 3573 3409 3637 aperta;

422 3654 613 3710 Infelix
650 3671 760 3711 non
787 3656 1011 3711 erubuit
1032 3656 1363 3728 furvumquc
1397 3655 1629 3728 paravit,
2141 3655 2290 3709 lnter
2315 3661 2372 3710 et
2400 3654 2642 3709 assiduae
2673 3653 2845 3725 pestis
2868 3653 3212 3709 cruciamina
3230 3661 3385 3709 sexto

421 3746 679 3801 Ultricem
710 3745 881 3801 vitare
907 3762 1129 3801 manum
1171 3762 1281 3802 non
1311 3762 1473 3818 posse
1504 3745 1787 3818 probavit;
2138 3742 2254 3798 Jam
2278 3741 2492 3815 prolata
2515 3742 2607 3797 die
2630 3742 2852 3797 tandem
2886 3741 3221 3799 miserabilis
3251 3741 3442 3804 efflat:

417 3838 732 3894 Terribilem
763 3855 929 3911 quem
971 3839 1277 3911 prostibula
1308 3846 1523 3894 traxere
1553 3839 1788 3895 ministri
2139 3830 2435 3905 Multisque
2465 3837 2748 3904 expertum
2779 3830 3127 3888 documentis
3167 3830 3291 3887 tabe
3328 3831 3589 3888 subactos

420 3933 700 3988 Pontiﬁcis
725 3933 881 4001 jussu
915 3932 1145 3987 Romani
1177 3931 1305 3986 talia
1329 3931 1506 3988 fames
2140 3923 2339 3980 Polluti
2369 3924 2598 3981 sceleris
2624 3941 2735 3982 non
2760 3926 2986 4002 longum
3015 3926 3101 3981 his
3129 3926 3313 3982 vivere
3346 3927 3620 3983 claustris.

417 4025 485 4079 Se
509 4039 721 4097 gerere,
753 4023 985 4078 attonito
1016 4038 1217 4094 papam
1249 4037 1350 4077 nec
1376 4020 1569 4077 adesse
1604 4025 1860 4095 querenti
2143 4017 2331 4075 Fertur
2358 4018 2540 4075 adhuc
2576 4019 2699 4076 istic
2727 4019 2889 4088 libra,
2917 4029 2973 4077 et
3003 4035 3261 4077 mensura
3280 4020 3428 4078 beati

415 4119 671 4174 Pandunt
697 4118 1016 4192 Gregorium
1038 4132 1203 4189 quem
1235 4116 1378 4172 laesit
1406 4116 1553 4173 fonte
1587 4124 1791 4174 retecto
2140 4110 2355 4166 Servari
2390 4111 2582 4183 patris,
2622 4119 2857 4168 attentet
2880 4112 2924 4168 si
2966 4112 3201 4185 quilibet
3221 4129 3287 4169 ex
3312 4114 3419 4169 hoc

414 4211 641 4265 Actibus
666 4210 930 4285 indignis,
960 4209 1221 4282 auditque
1254 4210 1452 4280 jubere
1477 4208 1715 4265 rubricis
2142 4207 2434 4263 Externum
2465 4207 2648 4263 nitens
2680 4207 2734 4262 in
2765 4223 2908 4279 opus
2934 4224 3268 4279 componere
3301 4223 3491 4281 panes.

414 4303 483 4357 Se
518 4309 742 4357 centum
773 4303 933 4369 caedi,
966 4318 1196 4374 quarum
1223 4302 1497 4358 cruciatus
1522 4300 1738 4357 acerbis
2140 4300 2217 4353 Ad
2250 4315 2542 4354 numerum
2574 4315 2682 4354 non
2709 4299 2996 4371 perveniet
3025 4299 3232 4354 servire
3259 4307 3500 4367 suetum,

417 4393 767 4460 Verberibus,
800 4391 1147 4465 febriumque
1178 4391 1366 4447 calens
1393 4406 1600 4467 angore
1624 4391 1825 4446 citatus
2138 4391 2339 4447 Mensis
2361 4391 2456 4463 qui
2478 4407 2743 4463 superare
2766 4392 2907 4448 solet
2945 4391 3177 4448 mirante
3202 4392 3475 4449 ministro.

1883 4551 2095 4609 CAPUT
2132 4552 2316 4608 XXlll.

1639 4680 1718 4740 De
1759 4678 1988 4740 visione
2027 4678 2287 4738 Joannis
2331 4676 2540 4738 levita.

405 4848 552 4904 Talia
572 4848 702 4903 dum
734 4846 868 4901 serit
898 4843 1143 4901 historiae
1169 4842 1337 4899 levita
1372 4843 1616 4901 Joannes
2055 4847 2108 4914 ι)
2134 4840 2322 4897 Mortis
2349 4846 2406 4895 et
2434 4837 2659 4910 ancipiti
2694 4837 2874 4908 posito
2902 4836 3187 4893 nutamine
3217 4841 3441 4893 sanctus

409 4943 543 4997 Ecce
572 4937 877 4995 sacerdotis
903 4936 1199 5008 quemdam
1230 4935 1335 4991 sub
1374 4936 1616 5010 imagine
1646 4933 1856 4990 somnis
2134 4930 2293 4984 Visus
2323 4927 2638 5002 Gregorius,
2665 4925 2900 4997 stipatus
2920 4926 3179 4997 utrinque
3203 4924 3401 4989 beatis,

403 5032 558 5086 Stare
587 5027 1007 5084 cachinnantem
1047 5025 1247 5092 cernit,
1278 5040 1376 5081 cur
1399 5025 1603 5080 scribat
1622 5040 1814 5082 eorum
2136 5021 2511 5085 Dextrorsum,
2544 5032 2687 5088 papa
2712 5015 2961 5081 Nicolao,
2993 5014 3252 5086 almoque
3291 5013 3548 5069 ministro

401 5122 532 5175 Acta
557 5117 883 5180 solutorum,
913 5129 1152 5185 quorum
1183 5129 1296 5170 non
1325 5113 1527 5170 viderit
1549 5128 1645 5171 ora
1670 5116 1699 5168 7
2138 5112 2470 5177 Laevorsum,
2504 5109 2688 5176 Petro,
2729 5106 2972 5163 radiatus
3001 5106 3212 5162 lumine
3238 5105 3435 5172 multo,

402 5209 511 5263 Iste
539 5204 707 5261 refert
742 5218 865 5259 sese
892 5201 1155 5258 ﬁdentius
1183 5202 1354 5258 edere
1378 5217 1532 5268 vera,

2134 5205 2506 5277 Increpitans:
2555 5223 2576 5252 ι
2620 5202 2845 5259 Medicae
2875 5200 3006 5258 ﬁdei
3037 5218 3210 5275 quare
3236 5201 3548 5258 dubitasti?
3592 5225 3611 5254 ι

398 5299 554 5366 Quod
583 5314 685 5352 nec
705 5294 993 5351 blanditiis
1023 5308 1129 5350 nec
1147 5294 1219 5349 sit
1250 5293 1517 5350 livoribus
1536 5300 1690 5349 actus
2133 5296 2353 5351 Hostem
2386 5310 2529 5366 papa
2560 5299 2712 5348 notat
2739 5290 2914 5364 digito
2943 5289 3204 5346 Nicolaus
3230 5297 3506 5363 apertum,

324 5433 331 5439 .
401 5395 656 5467 ignotum
687 5387 827 5442 facie
858 5385 1004 5440 lectu
1038 5384 1360 5440 describere
1395 5391 1587 5440 notum
1618 5394 1649 5450 ;'

2131 5389 2302 5453 Quem
2328 5387 2451 5443 face
2480 5384 2777 5459 Gregorius
2807 5385 2913 5440 lata
2939 5383 3241 5440 comitante
3265 5384 3522 5440 ministro

395 5485 495 5539 llle
516 5480 756 5533 fremens
787 5485 842 5533 et
868 5477 1021 5548 quod
1049 5476 1228 5533 vale’at
1256 5477 1462 5534 hostile
1499 5475 1742 5530 minatus
2132 5476 2414 5532 lnfuscans
2438 5474 2696 5547 perhibet
2725 5490 2835 5531 non
2876 5475 3025 5530 hunc
3054 5473 3325 5547 nigrasse,
3365 5475 3464 5530 sed
3495 5484 3677 5532 atrum

391 5571 598 5630 Usibus
626 5568 786 5623 istius
826 5572 1040 5637 partem
1074 5568 1283 5623 servire
1311 5568 1594 5623 lucernam
2129 5561 2467 5628 Ostendisse,
2490 5563 2793 5633 levansque
2817 5561 2928 5616 sibi
2965 5560 3242 5617 solamine
3271 5559 3468 5629 ﬁdum,

385 5655 612 5720 Pressit,
641 5661 696 5708 et
724 5655 781 5710 in
810 5652 1059 5709 tenebris
1089 5654 1239 5709 hunc
1264 5663 1434 5727 atque
1465 5667 1674 5726 pavore
1704 5650 1908 5725 coegit.
2129 5650 2388 5705 Abscedit
2416 5663 2730 5722 magnoque
2757 5650 2936 5706 locum
2966 5649 3060 5705 dat
3082 5648 3297 5706 lumine
3325 5649 3576 5722 plenum.
