3972 6208
244 261 352 315 785
734 257 816 311 DE
856 255 1109 310 CHRISTI
1151 256 1512 311 TRIUMI’HIS
1555 257 1726 311 AI‘UI)
1768 258 2028 311 lTleIAM
2073 256 2298 311 GESTIS
2340 257 2515 311 LIBRI
2558 257 2686 311 XIV.
2729 289 2799 298 —
2840 259 2962 313 LIB.
3006 260 3065 313 X.
3484 264 3589 317 756

244 395 523 469 Evigilans
546 394 690 448 visor
706 408 909 464 pueros
932 392 1040 447 ciet
1066 400 1192 445 ante
1214 393 1483 460 jacentes.
1907 408 1949 465 Α
1982 395 2116 448 Ilum
2143 393 2230 447 lux
2261 394 2530 450 aethereas
2559 393 2784 449 dimissa
2816 396 3029 451 refluxit
3057 397 3111 451 in
3144 414 3327 452 auras.

246 488 357 543 Nec
383 488 530 542 valet
560 486 775 559 erigere
800 484 985 540 stratis
1017 485 1143 538 licet
1174 500 1298 538 orsa
1326 492 1576 539 serentes

1704 613 1919 668 CAPUT
1962 612 2136 667 XXIV.

1353 748 1429 808 De
1478 750 1707 806 visione
1752 746 2027 805 .liauritii
2067 744 2459 822 imperatoris.

239 896 495 952 Mauritio
516 896 895 967 induperatori
928 911 1184 967 perversa
1205 894 1410 948 serenti
1969 892 2075 945 Nec
2093 906 2241 946 mora
2270 890 2583 945 concutitur
2612 890 2744 944 visis
2761 896 3066 961 stupetaare
3098 890 3296 963 rigenti

241 985 478 1058 Legibus
516 986 859 1055 athletasque
892 1000 1022 1038 suos
1048 992 1256 1038 mutare
1281 984 1485 1037 vetanti
1967 980 2107 1033 Fian
2139 996 2249 1049 prae
2283 979 2491 1033 foribus
2514 986 2707 1033 statuae
2739 996 2799 1033 se
2828 980 3082 1034 assistere
3116 979 3338 1045 Christi,

240 1078 486 1131 Militiam
520 1076 756 1141 Christo,
788 1078 1057 1131 cohibens
1085 1078 1268 1130 animo
1292 1076 1505 1131 obstitit
1536 1077 1662 1131 alto.
1962 1069 2120 1122 VOCIS
2160 1069 2227 1121 ad
2259 1067 2498 1138 effigiem
2532 1068 2672 1135 (date
2704 1067 3037 1133 Μδυΐίείιιῐη)
3070 1084 3199 1121 δυΓο
3240 1068 3505 1141 fragorem

240 1171 542 1244 lndignans
570 1169 756 1223 divina
782 1169 886 1223 sibi
921 1170 1143 1224 decreta
1174 1170 1427 1234 minanti,

1963 1158 2279 1227 Percepisse
2310 1172 2537 1227 pavens,
2570 1164 2759 1226 raptus
2789 1156 3127 1226 pr0piusque
3166 1157 3426 1210 ministris

240 1258 352 1312 Rex
385 1258 440 1312 in
465 1257 784 1328 pontitieem
817 1264 1007 1311 tractat
1034 1274 1251 1311 versare
1293 1258 1530 1314 furorem
1559 1277 1571 1322 ;
1964 1249 2271 1309 Exhibitus,
2305 1247 2454 1318 capit
2484 1248 2710 1302 arbitrio
2750 1248 3175 1317 deliberetipse,

238 1350 370 1405 Cum
404 1350 595 1405 subito
625 1350 930 1405 monachus
958 1350 1183 1421 quidam
1211 1352 1562 1405 venerandus
1584 1352 1787 1406 amictu

1964 1340 2169 1394 Probra
2192 1339 2299 1393 sibi
2335 1347 2641 1409 praeponat,
2673 1338 2765 1392 ubi
2800 1339 2939 1392 male
2956 1346 3111 1410 gesta
3143 1338 3368 1409 rependi

238 1439 456 1494 Nudum
487 1439 1045 1513 deportansgladium
1087 1438 1271 1511 gladio
1305 1440 1608 1510 periturum
1965 1431 2124 1503 Eligit
2148 1431 2237 1485 hic
2263 1431 2315 1484 in
2350 1429 2608 1500 praesenti
2642 1439 2851 1483 terrore
2879 1428 3069 1483 futuri.

240 1527 431 1582 Prodit
461 1526 772 1581 Mauritium
806 1526 1041 1591 ;librato
1082 1528 1341 1581 sensibus
1384 1528 1475 1582 ille
1972 1524 2092 1578 Mox
2121 1524 2258 1578 tradi
2284 1524 2474 1591 jussus
2502 1540 2622 1577 cum
2665 1524 2819 1594 prole
2846 1532 2897 1577 et
2930 1524 3166 1596 conjuge
3198 1523 3392 1578 Phocae

242 1618 502 1691 Prodigio
545 1619 803 1689 precibus
826 1627 1063 1673 terrores
1091 1620 1251 1673 vertit
1283 1628 1335 1674 et
1357 1630 1474 1674 acta
1971 1616 2042 1669 De
2070 1632 2237 1689 grege
2270 1616 2498 1679 militiae,
2532 1615 2811 1687 sumitque
2842 1616 3065 1669 oracula
3092 1616 3298 1669 sanctis

242 1711 411 1765 Prava
442 1710 546 1765 sibi
580 1710 732 1764 reddi
773 1709 1027 1779 pra-senti
1067 1709 1241 1780 poscit
1273 1710 1326 1763 in
1359 1726 1474 1763 arvo
1970 1711 2098 1764 Diva
2138 1710 2287 1777 viris,
2321 1726 2585 1764 concessa
2610 1710 2713 1764 sibi
2747 1710 2835 1780 pia
2858 1711 3003 1765 dona
3033 1711 3229 1764 salutis

240 1800 523 1865 Tormine,
551 1815 662 1871 quo
692 1806 873 1853 careat
906 1815 1080 1869 pmnae
1109 1799 1227 1851 sine
1258 1797 1363 1851 fine
1390 1798 1581 1852 futurae
1968 1802 2260 1875 Naufragio
2292 1802 2447 1857 doxae
2478 1810 2659 1857 tamen
2681 1811 2734 1856 et
2765 1803 3088 1857 discrimine
3117 1803 3239 1857 vitae

242 1890 393 1944 Talia
426 1889 688 1964 Gregorio
721 1888 1077 1960 patribusque
1103 1889 1417 1959 precamina
1446 1890 1633 1943 multis
1891 1960 1929 1966 __
1964 1894 2241 1949 Glorificat
2273 1894 2585 1959 Dominum,
2618 1902 2770 1966 grata
2800 1894 2900 1948 sub
2923 1895 3043 1965 lege
3078 1903 3339 1965 tyrannus

247 1960 767 2054 Allegans,'augens
796 1980 1051 2051 lacrymis
1077 1996 1298 2053 quoque
1329 1988 1449 2035 vota
1469 1980 1726 2052 profusis.
1890 1960 1936 2026 Β
1966 1983 2025 2037 Et
2052 1982 2197 2037 subit
2218 1981 2419 2036 illatam
2452 1960 2882 2037 divinduumine
2914 1960 3190 2037 mulctam.

1705 2144 1914 2200 CAPUT
1951 2146 2097 2229 xxv.

1289 2276 1363 2335 De
1405 2276 1755 2337 humilitate
1798 2278 1986 2356 ipsius
2026 2280 2219 2340 sancti
2256 2280 2545 2356 Gregorii.

253 2412 350 2467 Hic
383 2420 538 2483 pater
560 2410 848 2486 indignum
876 2428 933 2466 se
966 2413 1175 2467 visibus
1204 2413 1398 2467 asserit
1427 2414 1572 2477 altis,
1975 2416 2033 2471 Et
2059 2416 2221 2471 simul
2252 2432 2495 2472 excussae
2526 2416 2781 2484 densant,
2812 2416 3118 2472 redduntve
3140 2434 3400 2472 serenum
3437 2438 3450 2481 ;

250 2505 313 2558 Et
352 2520 413 2557 se
445 2503 716 2572 dejiciens
740 2505 989 2575 superari
1017 2505 1135 2559 luce
1165 2506 1393 2559 minoris
1976 2507 2278 2577 Lampades
2298 2524 2544 2561 accensae
2568 2508 2762 2562 crebro
2794 2509 3055 2561 divinitus
3078 2509 3225 2571 illic;

254 2596 680 2661 Commemorat,
714 2598 1083 2667 prosternenti
1107 2614 1229 2651 sese
1246 2597 1373 2661 sibi,
1408 2615 1504 2668 per
1531 2614 1589 2653 se
1979 2598 2177 2653 Caelica
2209 2600 2353 2653 dona
2376 2600 2467 2653 Dei
2491 2599 2827 2654 cumulatum
2852 2606 2904 2653 et
2933 2599 3124 2670 pandit
3150 2599 3383 2653 olivum.

250 2688 451 2744 Joanni
478 2696 715 2742 astratus
740 2689 931 2759 jacuit,
962 2690 1089 2742 dum
1124 2697 1372 2759 surgeret
1405 2690 1516 2755 ille,
1978 2690 2081 2742 Has
2111 2688 2253 2741 inter
2281 2687 2501 2757 pietatis
2530 2704 2684 2757 Opes,
2729 2689 2976 2742 caelestia
2996 2697 3207 2742 mactus

256 2780 409 2835 Dicta
439 2796 538 2833 sua
566 2789 869 2834 extenuans
896 2780 960 2833 ad
991 2780 1161 2850 patris
1186 2780 1334 2853 larga
1365 2780 1575 2849 profata
1979 2777 2223 2831 Flamine
2256 2792 2422 2849 regna
2455 2776 2611 2847 petit,
2646 2778 2986 2849 quaesitaque
3017 2779 3241 2849 praemia
3279 2780 3464 2843 sumit,

254 2871 433 2943 Magni
458 2870 768 2943 Augustini,
791 2870 993 2925 vocitat
1015 2871 1338 2942 purgamina
1370 2871 1551 2935 farris,
1974 2870 2207 2924 Sidereo
2228 2877 2447 2924 mutans
2473 2870 2774 2924 humanum
2790 2870 3027 2925 culmine
3060 2870 3305 2935 culmen,

249 2964 322 3017 Ac
352 2970 500 3017 vetat
533 2962 650 3033 ipsa
682 2962 787 3034 legi
820 2978 1063 3033 praesens
1084 2962 1213 3016 dum
1248 2979 1478 3033 corpore
1503 2962 1655 3016 vivit.
1976 2963 2298 3017 llomulidas
2318 2978 2422 3033 Ope
2451 2979 2558 3033 qua
2588 2962 2720 3016 fovit
2746 2961 3009 3017 bonitatis
3040 2962 3297 3017 alumnos

254 3054 679 3124 Sumpserathie
709 3055 881 3108 sancti
915 3054 1141 3109 Joannis
1167 3054 1398 3123 praesule
1431 3054 1667 3125 quodam
1977 3054 2326 3109 Desertorum
2360 3054 2555 3123 in0pes
2585 3052 2825 3106 clamant
2853 3051 3124 3106 solamine
3154 3068 3318 3107 voces
3344 3069 3356 3105 :

254 3146 525 3201 Tradente
556 3144 794 3199 oblatam
827 3158 1041 3198 summo
1074 3159 1173 3214 pro
1204 3160 1433 3198 munere
1464 3154 1695 3208 vestem,
1976 3142 2322 3197 Successoris
2350 3140 2705 3211 opus,solida
2736 3140 3063 3195 obtrectatio
3098 3158 3279 3211 papae,

258 3234 533 3289 Paschasii
563 3250 686 3289 cum
722 3233 1035 3299 dalmatica,
1071 3250 1193 3305 quae
1224 3233 1372 3287 illata
1402 3233 1505 3287 sub
1534 3250 1624 3286 ara
1932 3304 1943 3305 ί
1980 3232 2187 3287 Livoris
2210 3230 2373 3303 rigidi
2397 3230 2609 3284 monitu
2640 3229 2918 3299 correptio
2941 3228 3136 3282 crebro

255 3326 534 3391 Servatur,
578 3325 815 3396 pluviam
846 3304 1345 3397 Optatam7;quoque
1403 3325 1617 3395 prodita
1652 3325 1830 3395 prodit
1861 3342 1873 3385 ;
1902 3304 1949 3367 (ἶ
1983 3322 2128 3386 Lata,
2162 3319 2346 3391 probri
2382 3319 2527 3384 ﬁnis,
2561 3317 2810 3387 querulae
2831 3317 3000 3371 tutela
3029 3322 3281 3370 catervae.

1705 3487 1911 3541 CAPUT
1961 3486 2138 3539 XXVI.

1405 3619 1938 3699 Dejsucressoribus
1980 3616 2133 3675 beati
2164 3615 2221 3673 G.
2242 3614 2452 3690 egorii.

259 3758 607 3829 Gregorianae
635 3775 744 3830 qua
773 3760 995 3831 vigebat
1026 3752 1214 3831 gloﬁae
1973 3758 2362 3828 Summamque
2394 3754 2586 3809 Christi
2613 3752 2912 3826 praedicare
2943 3752 3199 3827 gloriam,

264 3849 551 3905 Sabiniani
592 3852 750 3905 testis
775 3860 857 3906 est
897 3852 1170 3915 decessio,
1978 3846 2158 3900 llostis
2188 3844 2402 3916 profani
2433 3843 2700 3915 dissipare
2734 3841 3004 3896 insaniam

264 3942 445 4014 Ignita
467 3943 720 4014 quamvis
750 3944 915 3998 addat
944 3946 1081 3999 aulae
1113 3945 1342 4009 lumina,
1985 3942 2194 3995 Fanum
2226 3940 2373 3994 unde
2406 3946 2600 3994 cuncta
2630 3937 2781 4009 quod
2813 3945 3000 3991 tenere
3032 3933 3260 3988 numina

268 4033 515 4103 Foroque
546 4032 684 4086 farra
713 4033 804 4087 det
830 4033 991 4087 famis
1029 4034 1130 4088 sub
1152 4042 1412 4105 tempore.
1987 4035 2148 4088 Stulti
2174 4043 2435 4106 putarunt
2456 4033 2736 4096 obtinens,
2766 4031 3015 4085 eliminat

268 4121 501 4174 Secutus
534 4120 691 4173 istum
724 4122 1009 4191 praeminet
1040 4123 1369 4186 Bonifacius,
1991 4125 2247 4179 Portenta
2278 4123 2487 4187 divum,
2521 4127 2700 4175 sacrat
2729 4121 2926 4173 almam
2969 4116 3171 4189 regiam

270 4209 379 4263 Nec
418 4208 663 4263 efferenti
692 4210 815 4278 jura
846 4212 1049 4265 cedens
1080 4211 1285 4285 gratiae.
1991 4216 2237 4271 Hectoris
2256 4216 2440 4270 aethrae
2478 4214 2667 4267 matris
2698 4220 2860 4283 atque
2888 4210 3135 4282 virginis,

272 4300 460 4355 Arcem
493 4306 725 4355 retentat
755 4316 817 4354 ac
840 4299 1077 4354 favorem
1105 4301 1371 4371 principis
1989 4307 2210 4360 Addens
2242 4306 2507 4360 honorem
2538 4303 2757 4357 testium
2787 4299 2988 4354 Christi
3021 4297 3265 4353 omnium
3299 4313 3312 4352 :

277 4391 389 4445 Una
417 4398 679 4456 meretur,
711 4398 765 4445 et
792 4399 993 4446 statuta
1025 4399 1295 4465 praerogat
1988 4399 2123 4453 llinc
2154 4398 2295 4452 festa
2320 4396 2518 4463 sancit,
2548 4405 2602 4451 et
2632 4394 2870 4448 colenda
2902 4390 3170 4462 praecipit,

275 4483 337 4538 Ut
367 4484 693 4556 praesulatus
722 4501 874 4539 sacra
914 4484 1008 4540 fiat
1035 4485 1204 4555 aptio.
1986 4490 2237 4541 Seclatur
2267 4486 2433 4549 orbis,
2470 4493 2634 4556 atque
2654 4484 2816 4538 ritum
2849 4480 3100 4551 suscipit.

274 4578 572 4632 Successor
599 4578 763 4646 hujus
790 4577 1099 4645 sorte,jure
1132 4583 1185 4630 et
1218 4575 1458 4631 nominis
1986 4580 2219 4633 Secutus
2249 4577 2343 4631 ille
2372 4576 2512 4631 colle
2552 4571 2857 4646 Gregorius
2885 4570 2995 4641 pio.

277 4672 446 4726 Variis
467 4672 600 4726 licet
627 4680 881 4744 gravetur
905 4680 1058 4727 actus
1080 4672 1349 4738 cladibus,
1991 4669 2267 4741 l’rOpriam
2299 4675 2531 4723 catervae
2561 4664 2763 4739 gaudet
2785 4662 2957 4716 aedem
2994 4673 3296 4730 pauperum

278 4766 481 4822 Ornare
510 4767 609 4822 sed
628 4766 806 4840 legata
835 4767 993 4822 sudat
1023 4768 1233 4831 munia,
1996 4764 2204 4827 llicare,
2228 4759 2424 4816 Christi
2452 4759 2579 4814 dote
2598 4756 2782 4811 ditans
2802 4753 2992 4809 ubere.

1717 4924 1921 4978 CAPUT
1963 4924 2161 4977 XXVII.

1070 5056 1145 5114 De
1171 5054 1393 5115 sanctis
1427 5054 1761 5125 Deusdedit,
1800 5052 2109 5130 Boni/ilco
2141 5060 2193 5110 et
2222 5047 2484 5110 Honorio
2522 5047 2824 5124 episcopis.

280 5191 417 5246 Jura
444 5188 747 5244 Deusdedit.
766 5188 895 5243 inde
926 5189 1139 5244 Patrum
1173 5188 1320 5243 subit
1350 5188 1491 5241 alma
1523 5187 1786 5259 priorum,
1914 5189 1971 5257 ι)
2002 5186 2154 5239 Patre
2176 5184 2415 5240 obeunte
2436 5196 2601 5252 rogae,
2621 5178 2767 5233 clero
2788 5171 3067 5245 stipendia
3096 5170 3292 5225 dantur

285 5289 576 5344 Sacrorum
606 5285 850 5356 clerique
877 5286 1035 5351 altor,
1057 5294 1358 5350 rcvocator,
1383 5290 1610 5348 amator,
2002 5278 2135 5332 llinc
2167 5277 2291 5346 pius
2320 5291 2383 5329 ac
2409 5274 2557 5328 mitis
2579 5270 2774 5342 Moysis
2800 5267 2959 5363 laude
2978 5271 3228 5363 notatus,

288 5380 613 5452 Dispositor,
645 5355 950 5450 paxiltaliae
981 5394 1090 5449 quo
1118 5385 1364 5447 tempore
1393 5383 1599 5429 vernat.
2002 5366 2233 5439 Eligitur
2261 5364 2430 5418 sacris
2462 5361 2719 5433 princeps
2751 5355 3061 5452 Bonifacius
3089 5355 3219 5415 aris,

288 5472 436 5535 Quae,
471 5484 539 5523 ne
571 5485 821 5524 securam
855 5468 1086 5522 nimium
1113 5468 1266 5541 pigra
1282 5466 1392 5521 otia
1416 5471 1677 5536 mergant.

2000 5459 2165 5512 Tutor
2194 5464 2668 5517 testamentorum,
2694 5451 2775 5505 vel
2795 5448 2993 5519 templa
3014 5451 3291 5517 petentum
3321 5527 3351 5542 ν

286 5528 543 5614 Terretur
573 5558 788 5629 trepido
820 5566 981 5613 terra:
1012 5528 1265 5611 vibrante
1299 5528 1576 5608 tremore":
2004 5549 2237 5617 Pignora
2265 5551 2578 5599 sanctorum
2612 5542 2774 5603 levat,
2808 5545 2973 5629 atque
3002 5534 3277 5629 baptisma
3305 5528 3540 5583 dicatum

291 5646 541 5703 Afﬁcitur
566 5628 765 5722 vulgus
784 5647 941 5702 clade
958 5644 1299 5718 impediente
1329 5650 1550 5698 vocatos
2010 5636 2197 5711 Erigit,
2222 5632 2509 5705 obsequiis
2534 5632 2703 5704 digno
2730 5628 2975 5701 disponit
2999 5628 3231 5690 honore,
