  <div class='ocr_page' id='page_1' title='image "/cluster/home/n/w/nwhite01/storage/ocr_20150623/134-135/uva.x000829784/979.png"; bbox 0 0 3972 6208; ppageno 0'>
   <div class='ocr_carea' id='block_1_1' title="bbox 406 272 3735 361">
    <p class='ocr_par' dir='ltr' id='par_1_1' title="bbox 406 272 3735 361">
     <span class='ocr_line' id='line_1_1' title="bbox 406 272 3735 361; baseline -0.002 -29"><span class='ocrx_word' id='word_1_1' title='bbox 406 279 505 335; x_wconf 80' lang='lat'>787</span> <span class='ocrx_word' id='word_1_2' title='bbox 1158 275 1524 330; x_wconf 79' lang='lat' dir='ltr'>FLODOARDI</span> <span class='ocrx_word' id='word_1_3' title='bbox 1567 272 1869 327; x_wconf 77' lang='lat' dir='ltr'>CANONICI</span> <span class='ocrx_word' id='word_1_4' title='bbox 1912 273 2237 327; x_wconf 66' lang='lat' dir='ltr'>IIICMENSIS</span> <span class='ocrx_word' id='word_1_5' title='bbox 2277 275 2608 361; x_wconf 61' lang='lat' dir='ltr'>OPUSCIJIA</span> <span class='ocrx_word' id='word_1_6' title='bbox 2653 275 2937 329; x_wconf 67' lang='lat' dir='ltr'>METIIICA</span> <span class='ocrx_word' id='word_1_7' title='bbox 3633 284 3735 338; x_wconf 81' lang='lat'>788</span> 
     </span>
    </p>
   </div>
   <div class='ocr_carea' id='block_1_2' title="bbox 406 412 1901 485">
    <p class='ocr_par' dir='ltr' id='par_1_2' title="bbox 406 412 1901 485">
     <span class='ocr_line' id='line_1_2' title="bbox 406 412 1901 485; baseline -0.003 -16"><span class='ocrx_word' id='word_1_8' title='bbox 406 418 569 471; x_wconf 83' lang='lat' dir='ltr'>Busta</span> <span class='ocrx_word' id='word_1_9' title='bbox 596 423 771 476; x_wconf 82' lang='lat' dir='ltr'>ornat,</span> <span class='ocrx_word' id='word_1_10' title='bbox 805 414 1065 485; x_wconf 88' lang='lat' dir='ltr'>cleroque</span> <span class='ocrx_word' id='word_1_11' title='bbox 1095 413 1293 483; x_wconf 81' lang='lat' dir='ltr'>stipem</span> <span class='ocrx_word' id='word_1_12' title='bbox 1331 412 1596 483; x_wconf 88' lang='lat' dir='ltr'>dependit</span> <span class='ocrx_word' id='word_1_13' title='bbox 1620 412 1859 482; x_wconf 81' lang='lat' dir='ltr'>opimam</span> <span class='ocrx_word' id='word_1_14' title='bbox 1889 429 1901 464; x_wconf 92' lang='lat'><strong>:</strong></span> 
     </span>
    </p>
   </div>
   <div class='ocr_carea' id='block_1_3' title="bbox 404 501 1828 575">
    <p class='ocr_par' dir='ltr' id='par_1_3' title="bbox 404 501 1828 575">
     <span class='ocr_line' id='line_1_3' title="bbox 404 501 1828 575; baseline -0.003 -18"><span class='ocrx_word' id='word_1_15' title='bbox 404 505 744 575; x_wconf 84' lang='lat' dir='ltr'>Supplicium</span> <span class='ocrx_word' id='word_1_16' title='bbox 778 502 1044 571; x_wconf 87' lang='lat' dir='ltr'>reprobos</span> <span class='ocrx_word' id='word_1_17' title='bbox 1073 501 1342 572; x_wconf 76' lang='lat' dir='ltr'>sequitur,</span> <span class='ocrx_word' id='word_1_18' title='bbox 1375 502 1602 556; x_wconf 72' lang='lat' dir='ltr'>victoria</span> <span class='ocrx_word' id='word_1_19' title='bbox 1629 501 1828 569; x_wconf 89' lang='lat' dir='ltr'>justos.</span> 
     </span>
    </p>
   </div>
   <div class='ocr_carea' id='block_1_4' title="bbox 403 592 1837 665">
    <p class='ocr_par' dir='ltr' id='par_1_4' title="bbox 403 592 1837 665">
     <span class='ocr_line' id='line_1_4' title="bbox 403 592 1837 665; baseline -0.003 -16"><span class='ocrx_word' id='word_1_20' title='bbox 403 595 637 649; x_wconf 84' lang='lat' dir='ltr'>Consule</span> <span class='ocrx_word' id='word_1_21' title='bbox 665 592 950 665; x_wconf 76' lang='lat' dir='ltr'>quisurgit</span> <span class='ocrx_word' id='word_1_22' title='bbox 984 599 1137 662; x_wconf 87' lang='lat' dir='ltr'>patre</span> <span class='ocrx_word' id='word_1_23' title='bbox 1172 593 1368 662; x_wconf 61' lang='lat' dir='ltr'>praesul</span> <span class='ocrx_word' id='word_1_24' title='bbox 1405 592 1676 647; x_wconf 87' lang='lat' dir='ltr'>Honorius</span> <span class='ocrx_word' id='word_1_25' title='bbox 1701 592 1837 645; x_wconf 79' lang='lat' dir='ltr'>actis</span> 
     </span>
    </p>
   </div>
   <div class='ocr_carea' id='block_1_5' title="bbox 404 686 1747 758">
    <p class='ocr_par' dir='ltr' id='par_1_5' title="bbox 404 686 1747 758">
     <span class='ocr_line' id='line_1_5' title="bbox 404 686 1747 758; baseline -0.002 -17"><span class='ocrx_word' id='word_1_26' title='bbox 404 688 657 742; x_wconf 90' lang='lat' dir='ltr'>Pluribus</span> <span class='ocrx_word' id='word_1_27' title='bbox 685 686 907 758; x_wconf 75' lang='lat' dir='ltr'>effulget</span> <span class='ocrx_word' id='word_1_28' title='bbox 939 686 1440 757; x_wconf 83' lang='lat' dir='ltr'>claris,doctorque</span> <span class='ocrx_word' id='word_1_29' title='bbox 1472 686 1747 758; x_wconf 80' lang='lat' dir='ltr'>benignus</span> 
     </span>
    </p>
   </div>
   <div class='ocr_carea' id='block_1_6' title="bbox 405 777 1821 849">
    <p class='ocr_par' dir='ltr' id='par_1_6' title="bbox 405 777 1821 849">
     <span class='ocr_line' id='line_1_6' title="bbox 405 777 1821 849; baseline -0.002 -16"><span class='ocrx_word' id='word_1_30' title='bbox 405 779 737 849; x_wconf 81' lang='lat' dir='ltr'>ReSplendet</span> <span class='ocrx_word' id='word_1_31' title='bbox 768 777 921 839; x_wconf 80' lang='lat' dir='ltr'>Cleri,</span> <span class='ocrx_word' id='word_1_32' title='bbox 943 785 1268 849; x_wconf 75' lang='lat' dir='ltr'>reparatque</span> <span class='ocrx_word' id='word_1_33' title='bbox 1293 778 1535 849; x_wconf 88' lang='lat' dir='ltr'>colitque</span> <span class='ocrx_word' id='word_1_34' title='bbox 1566 778 1821 831; x_wconf 88' lang='lat' dir='ltr'>decorem</span> 
     </span>
    </p>
   </div>
   <div class='ocr_carea' id='block_1_7' title="bbox 404 867 1825 940">
    <p class='ocr_par' dir='ltr' id='par_1_7' title="bbox 404 867 1825 940">
     <span class='ocr_line' id='line_1_7' title="bbox 404 867 1825 940; baseline -0.002 -17"><span class='ocrx_word' id='word_1_35' title='bbox 404 872 559 925; x_wconf 82' lang='lat' dir='ltr'>Sedis</span> <span class='ocrx_word' id='word_1_36' title='bbox 589 868 924 940; x_wconf 69' lang='lat' dir='ltr'>apostolicae,</span> <span class='ocrx_word' id='word_1_37' title='bbox 962 876 1187 938; x_wconf 77' lang='lat' dir='ltr'>argento</span> <span class='ocrx_word' id='word_1_38' title='bbox 1217 884 1371 921; x_wconf 88' lang='lat' dir='ltr'>sacra</span> <span class='ocrx_word' id='word_1_39' title='bbox 1398 868 1616 921; x_wconf 87' lang='lat' dir='ltr'>domata</span> <span class='ocrx_word' id='word_1_40' title='bbox 1638 867 1825 929; x_wconf 86' lang='lat' dir='ltr'>comit,</span> 
     </span>
    </p>
   </div>
   <div class='ocr_carea' id='block_1_8' title="bbox 402 959 1763 1034">
    <p class='ocr_par' dir='ltr' id='par_1_8' title="bbox 402 959 1763 1034">
     <span class='ocr_line' id='line_1_8' title="bbox 402 959 1763 1034; baseline -0.003 -17"><span class='ocrx_word' id='word_1_41' title='bbox 402 964 718 1034; x_wconf 86' lang='lat' dir='ltr'>Attollitque</span> <span class='ocrx_word' id='word_1_42' title='bbox 748 960 951 1021; x_wconf 89' lang='lat' dir='ltr'>trabes,</span> <span class='ocrx_word' id='word_1_43' title='bbox 982 960 1246 1031; x_wconf 87' lang='lat' dir='ltr'>templum</span> <span class='ocrx_word' id='word_1_44' title='bbox 1276 959 1536 1030; x_wconf 72' lang='lat' dir='ltr'>tegitzere</span> <span class='ocrx_word' id='word_1_45' title='bbox 1568 959 1763 1029; x_wconf 88' lang='lat' dir='ltr'>petito,</span> 
     </span>
    </p>
   </div>
   <div class='ocr_carea' id='block_1_9' title="bbox 2042 412 3433 483">
    <p class='ocr_par' dir='ltr' id='par_1_9' title="bbox 2042 412 3433 483">
     <span class='ocr_line' id='line_1_9' title="bbox 2042 412 3433 483; baseline 0.004 -18"><span class='ocrx_word' id='word_1_46' title='bbox 2042 418 2084 482; x_wconf 68' lang='grc' dir='ltr'><strong>Α</strong></span> <span class='ocrx_word' id='word_1_47' title='bbox 2117 412 2235 465; x_wconf 83' lang='lat' dir='ltr'>Edit</span> <span class='ocrx_word' id='word_1_48' title='bbox 2270 420 2535 481; x_wconf 62' lang='lat' dir='ltr'>pradorea</span> <span class='ocrx_word' id='word_1_49' title='bbox 2564 413 2770 482; x_wconf 87' lang='lat' dir='ltr'>plures,</span> <span class='ocrx_word' id='word_1_50' title='bbox 2812 412 3134 483; x_wconf 86' lang='lat' dir='ltr'>stabilitque</span> <span class='ocrx_word' id='word_1_51' title='bbox 3160 414 3433 482; x_wconf 84' lang='lat' dir='ltr'>labantes,</span> 
     </span>
    </p>
   </div>
   <div class='ocr_carea' id='block_1_10' title="bbox 2114 503 3595 575">
    <p class='ocr_par' dir='ltr' id='par_1_10' title="bbox 2114 503 3595 575">
     <span class='ocr_line' id='line_1_10' title="bbox 2114 503 3595 575; baseline 0.005 -19"><span class='ocrx_word' id='word_1_52' title='bbox 2114 504 2344 557; x_wconf 91' lang='lat' dir='ltr'>Nomine</span> <span class='ocrx_word' id='word_1_53' title='bbox 2370 503 2640 569; x_wconf 87' lang='lat' dir='ltr'>justorum</span> <span class='ocrx_word' id='word_1_54' title='bbox 2680 512 3004 575; x_wconf 79' lang='lat' dir='ltr'>reparatque</span> <span class='ocrx_word' id='word_1_55' title='bbox 3039 522 3101 560; x_wconf 89' lang='lat' dir='ltr'>ac</span> <span class='ocrx_word' id='word_1_56' title='bbox 3131 515 3391 562; x_wconf 89' lang='lat' dir='ltr'>munerat</span> <span class='ocrx_word' id='word_1_57' title='bbox 3422 508 3595 572; x_wconf 71' lang='lat' dir='ltr'>zedes,</span> 
     </span>
    </p>
   </div>
   <div class='ocr_carea' id='block_1_11' title="bbox 2119 594 3468 667">
    <p class='ocr_par' dir='ltr' id='par_1_11' title="bbox 2119 594 3468 667">
     <span class='ocr_line' id='line_1_11' title="bbox 2119 594 3468 667; baseline 0.005 -20"><span class='ocrx_word' id='word_1_58' title='bbox 2119 596 2256 649; x_wconf 88' lang='lat' dir='ltr'>Ditia</span> <span class='ocrx_word' id='word_1_59' title='bbox 2288 596 2430 649; x_wconf 81' lang='lat' dir='ltr'>dona</span> <span class='ocrx_word' id='word_1_60' title='bbox 2458 594 2622 659; x_wconf 83' lang='lat' dir='ltr'>dicat,</span> <span class='ocrx_word' id='word_1_61' title='bbox 2655 596 2918 659; x_wconf 84' lang='lat' dir='ltr'>cumulat,</span> <span class='ocrx_word' id='word_1_62' title='bbox 2952 597 3182 667; x_wconf 74' lang='lat' dir='ltr'>largitur</span> <span class='ocrx_word' id='word_1_63' title='bbox 3212 607 3265 653; x_wconf 88' lang='lat' dir='ltr'>et</span> <span class='ocrx_word' id='word_1_64' title='bbox 3286 598 3468 663; x_wconf 76' lang='lat' dir='ltr'>offert,</span> 
     </span>
    </p>
   </div>
   <div class='ocr_carea' id='block_1_12' title="bbox 2123 688 3741 760">
    <p class='ocr_par' dir='ltr' id='par_1_12' title="bbox 2123 688 3741 760">
     <span class='ocr_line' id='line_1_12' title="bbox 2123 688 3741 760; baseline 0.004 -20"><span class='ocrx_word' id='word_1_65' title='bbox 2123 688 2363 742; x_wconf 85' lang='lat' dir='ltr'>Sabbata</span> <span class='ocrx_word' id='word_1_66' title='bbox 2419 698 2617 742; x_wconf 84' lang='lat' dir='ltr'>cuneta</span> <span class='ocrx_word' id='word_1_67' title='bbox 2673 696 2846 743; x_wconf 86' lang='lat' dir='ltr'>sacrat</span> <span class='ocrx_word' id='word_1_68' title='bbox 2905 705 3091 760; x_wconf 86' lang='lat' dir='ltr'>prece,</span> <span class='ocrx_word' id='word_1_69' title='bbox 3148 691 3415 755; x_wconf 85' lang='lat' dir='ltr'>carmine,</span> <span class='ocrx_word' id='word_1_70' title='bbox 3474 692 3741 747; x_wconf 87' lang='lat' dir='ltr'>laudibus</span> 
     </span>
    </p>
   </div>
   <div class='ocr_carea' id='block_1_13' title="bbox 3464 779 3667 851">
    <p class='ocr_par' dir='ltr' id='par_1_13' title="bbox 3464 779 3667 851">
     <span class='ocr_line' id='line_1_13' title="bbox 3464 779 3667 851; baseline -0.005 -17"><span class='ocrx_word' id='word_1_71' title='bbox 3464 779 3667 851; x_wconf 60' lang='grc' dir='ltr'>[θῆαι-ι,</span> 
     </span>
    </p>
   </div>
   <div class='ocr_carea' id='block_1_14' title="bbox 2123 865 3597 939">
    <p class='ocr_par' dir='ltr' id='par_1_14' title="bbox 2123 865 3597 939">
     <span class='ocr_line' id='line_1_14' title="bbox 2123 865 3597 939; baseline 0.003 -22"><span class='ocrx_word' id='word_1_72' title='bbox 2123 865 2254 919; x_wconf 84' lang='lat' dir='ltr'>Hinc</span> <span class='ocrx_word' id='word_1_73' title='bbox 2282 880 2572 919; x_wconf 82' lang='lat' dir='ltr'>numerosa</span> <span class='ocrx_word' id='word_1_74' title='bbox 2603 865 2742 935; x_wconf 87' lang='lat' dir='ltr'>polis</span> <span class='ocrx_word' id='word_1_75' title='bbox 2776 867 2919 920; x_wconf 89' lang='lat' dir='ltr'>bona</span> <span class='ocrx_word' id='word_1_76' title='bbox 2945 867 3318 938; x_wconf 69' lang='lat' dir='ltr'>centuplicata</span> <span class='ocrx_word' id='word_1_77' title='bbox 3349 876 3597 939; x_wconf 87' lang='lat' dir='ltr'>receptat</span> 
     </span>
    </p>
   </div>
   <div class='ocr_carea' id='block_1_15' title="bbox 1831 1091 2302 1148">
    <p class='ocr_par' dir='ltr' id='par_1_15' title="bbox 1831 1091 2302 1148">
     <span class='ocr_line' id='line_1_15' title="bbox 1831 1091 2302 1148; baseline -0.011 0"><span class='ocrx_word' id='word_1_78' title='bbox 1831 1091 2037 1148; x_wconf 68' lang='lat' dir='ltr'>CAPUT</span> <span class='ocrx_word' id='word_1_79' title='bbox 2076 1091 2302 1145; x_wconf 74' lang='lat' dir='ltr'><strong>XXVIII.</strong></span> 
     </span>
    </p>
   </div>
   <div class='ocr_carea' id='block_1_16' title="bbox 1289 1221 2848 1302">
    <p class='ocr_par' dir='ltr' id='par_1_16' title="bbox 1289 1221 2848 1302">
     <span class='ocr_line' id='line_1_16' title="bbox 1289 1221 2848 1302; baseline -0.004 -16"><span class='ocrx_word' id='word_1_80' title='bbox 1289 1227 1367 1286; x_wconf 84' lang='lat' dir='ltr'>De</span> <span class='ocrx_word' id='word_1_81' title='bbox 1404 1235 1609 1286; x_wconf 84' lang='lat' dir='ltr'>sancto</span> <span class='ocrx_word' id='word_1_82' title='bbox 1638 1223 1922 1286; x_wconf 77' lang='lat' dir='ltr'>Seuerino</span> <span class='ocrx_word' id='word_1_83' title='bbox 1949 1240 2110 1302; x_wconf 84' lang='lat' dir='ltr'>papa</span> <span class='ocrx_word' id='word_1_84' title='bbox 2149 1231 2201 1282; x_wconf 81' lang='lat' dir='ltr'>et</span> <span class='ocrx_word' id='word_1_85' title='bbox 2229 1221 2669 1280; x_wconf 74' lang='lat' dir='ltr'>successoribus</span> <span class='ocrx_word' id='word_1_86' title='bbox 2698 1222 2848 1295; x_wconf 78' lang='lat' dir='ltr'>ejus.</span> 
     </span>
    </p>
   </div>
   <div class='ocr_carea' id='block_1_17' title="bbox 407 1389 1628 1465">
    <p class='ocr_par' dir='ltr' id='par_1_17' title="bbox 407 1389 1628 1465">
     <span class='ocr_line' id='line_1_17' title="bbox 407 1389 1628 1465; baseline -0.007 -14"><span class='ocrx_word' id='word_1_87' title='bbox 407 1397 538 1451; x_wconf 90' lang='lat' dir='ltr'>Inde</span> <span class='ocrx_word' id='word_1_88' title='bbox 567 1394 864 1449; x_wconf 84' lang='lat' dir='ltr'>Severinus</span> <span class='ocrx_word' id='word_1_89' title='bbox 894 1390 1096 1446; x_wconf 70' lang='lat' dir='ltr'>thebo</span> <span class='ocrx_word' id='word_1_90' title='bbox 1137 1406 1235 1460; x_wconf 90' lang='lat' dir='ltr'>per</span> <span class='ocrx_word' id='word_1_91' title='bbox 1262 1390 1423 1465; x_wconf 81' lang='lat' dir='ltr'>signa</span> <span class='ocrx_word' id='word_1_92' title='bbox 1455 1389 1628 1443; x_wconf 89' lang='lat' dir='ltr'>relato</span> 
     </span>
    </p>
   </div>
   <div class='ocr_carea' id='block_1_18' title="bbox 408 1481 1627 1555">
    <p class='ocr_par' dir='ltr' id='par_1_18' title="bbox 408 1481 1627 1555">
     <span class='ocr_line' id='line_1_18' title="bbox 408 1481 1627 1555; baseline -0.006 -13"><span class='ocrx_word' id='word_1_93' title='bbox 408 1486 666 1542; x_wconf 68' lang='lat' dir='ltr'>Ecclesize</span> <span class='ocrx_word' id='word_1_94' title='bbox 696 1485 1073 1555; x_wconf 86' lang='lat' dir='ltr'>postjacturas</span> <span class='ocrx_word' id='word_1_95' title='bbox 1104 1481 1432 1552; x_wconf 89' lang='lat' dir='ltr'>internaque</span> <span class='ocrx_word' id='word_1_96' title='bbox 1464 1481 1627 1547; x_wconf 89' lang='lat' dir='ltr'>bella,</span> 
     </span>
    </p>
   </div>
   <div class='ocr_carea' id='block_1_19' title="bbox 405 1571 1803 1643">
    <p class='ocr_par' dir='ltr' id='par_1_19' title="bbox 405 1571 1803 1643">
     <span class='ocr_line' id='line_1_19' title="bbox 405 1571 1803 1643; baseline -0.006 -10"><span class='ocrx_word' id='word_1_97' title='bbox 405 1580 546 1633; x_wconf 86' lang='lat' dir='ltr'>Sede</span> <span class='ocrx_word' id='word_1_98' title='bbox 572 1577 711 1631; x_wconf 90' lang='lat' dir='ltr'>Petri</span> <span class='ocrx_word' id='word_1_99' title='bbox 733 1577 964 1630; x_wconf 82' lang='lat' dir='ltr'>allectus</span> <span class='ocrx_word' id='word_1_100' title='bbox 992 1581 1217 1628; x_wconf 71' lang='lat' dir='ltr'>renowt</span> <span class='ocrx_word' id='word_1_101' title='bbox 1246 1590 1398 1627; x_wconf 86' lang='lat' dir='ltr'>sacra</span> <span class='ocrx_word' id='word_1_102' title='bbox 1430 1572 1583 1643; x_wconf 88' lang='lat' dir='ltr'>lapsa</span> <span class='ocrx_word' id='word_1_103' title='bbox 1611 1571 1803 1639; x_wconf 91' lang='lat' dir='ltr'>ruinis,</span> 
     </span>
    </p>
   </div>
   <div class='ocr_carea' id='block_1_20' title="bbox 408 1667 1892 1741">
    <p class='ocr_par' dir='ltr' id='par_1_20' title="bbox 408 1667 1892 1741">
     <span class='ocr_line' id='line_1_20' title="bbox 408 1667 1892 1741; baseline -0.003 -15"><span class='ocrx_word' id='word_1_104' title='bbox 408 1674 739 1733; x_wconf 82' lang='lat' dir='ltr'>Mansuetus,</span> <span class='ocrx_word' id='word_1_105' title='bbox 767 1671 1013 1725; x_wconf 86' lang='lat' dir='ltr'>clemens</span> <span class='ocrx_word' id='word_1_106' title='bbox 1042 1669 1292 1739; x_wconf 89' lang='lat' dir='ltr'>altorque</span> <span class='ocrx_word' id='word_1_107' title='bbox 1318 1667 1591 1741; x_wconf 77' lang='lat' dir='ltr'>benignus</span> <span class='ocrx_word' id='word_1_108' title='bbox 1611 1674 1892 1739; x_wconf 76' lang='lat' dir='ltr'>egentum,</span> 
     </span>
    </p>
   </div>
   <div class='ocr_carea' id='block_1_21' title="bbox 409 1760 1785 1834">
    <p class='ocr_par' dir='ltr' id='par_1_21' title="bbox 409 1760 1785 1834">
     <span class='ocr_line' id='line_1_21' title="bbox 409 1760 1785 1834; baseline -0.004 -15"><span class='ocrx_word' id='word_1_109' title='bbox 409 1766 558 1819; x_wconf 86' lang='lat' dir='ltr'>Dona</span> <span class='ocrx_word' id='word_1_110' title='bbox 580 1764 669 1834; x_wconf 88' lang='lat' dir='ltr'>pio</span> <span class='ocrx_word' id='word_1_111' title='bbox 696 1763 939 1816; x_wconf 88' lang='lat' dir='ltr'>cumulat</span> <span class='ocrx_word' id='word_1_112' title='bbox 970 1763 1138 1825; x_wconf 89' lang='lat' dir='ltr'>clero,</span> <span class='ocrx_word' id='word_1_113' title='bbox 1172 1760 1452 1830; x_wconf 84' lang='lat' dir='ltr'>conquirit</span> <span class='ocrx_word' id='word_1_114' title='bbox 1484 1760 1739 1814; x_wconf 88' lang='lat' dir='ltr'>alumnos</span> <span class='ocrx_word' id='word_1_115' title='bbox 1771 1778 1785 1825; x_wconf 88' lang='lat'><strong>;</strong></span> 
     </span>
    </p>
   </div>
   <div class='ocr_carea' id='block_1_22' title="bbox 409 1852 1787 1925">
    <p class='ocr_par' dir='ltr' id='par_1_22' title="bbox 409 1852 1787 1925">
     <span class='ocr_line' id='line_1_22' title="bbox 409 1852 1787 1925; baseline -0.002 -15"><span class='ocrx_word' id='word_1_116' title='bbox 409 1856 533 1910; x_wconf 87' lang='lat' dir='ltr'>Post</span> <span class='ocrx_word' id='word_1_117' title='bbox 563 1855 902 1925; x_wconf 87' lang='lat' dir='ltr'>captivorum</span> <span class='ocrx_word' id='word_1_118' title='bbox 934 1852 1219 1907; x_wconf 84' lang='lat' dir='ltr'>miseranti</span> <span class='ocrx_word' id='word_1_119' title='bbox 1251 1853 1416 1907; x_wconf 88' lang='lat' dir='ltr'>corde</span> <span class='ocrx_word' id='word_1_120' title='bbox 1451 1853 1787 1922; x_wconf 82' lang='lat' dir='ltr'>redemptor,</span> 
     </span>
    </p>
   </div>
   <div class='ocr_carea' id='block_1_23' title="bbox 408 1940 1808 2015">
    <p class='ocr_par' dir='ltr' id='par_1_23' title="bbox 408 1940 1808 2015">
     <span class='ocr_line' id='line_1_23' title="bbox 408 1940 1808 2015; baseline -0.001 -18"><span class='ocrx_word' id='word_1_121' title='bbox 408 1945 668 1999; x_wconf 84' lang='lat' dir='ltr'>Externas</span> <span class='ocrx_word' id='word_1_122' title='bbox 693 1959 914 2015; x_wconf 90' lang='lat' dir='ltr'>quoque</span> <span class='ocrx_word' id='word_1_123' title='bbox 944 1942 1039 1996; x_wconf 92' lang='lat' dir='ltr'>alit</span> <span class='ocrx_word' id='word_1_124' title='bbox 1064 1940 1267 2012; x_wconf 87' lang='lat' dir='ltr'>patrias</span> <span class='ocrx_word' id='word_1_125' title='bbox 1298 1941 1542 1995; x_wconf 87' lang='lat' dir='ltr'>bonitate</span> <span class='ocrx_word' id='word_1_126' title='bbox 1566 1942 1808 1996; x_wconf 86' lang='lat' dir='ltr'>Joannes</span> 
     </span>
    </p>
   </div>
   <div class='ocr_carea' id='block_1_24' title="bbox 410 2031 1737 2103">
    <p class='ocr_par' dir='ltr' id='par_1_24' title="bbox 410 2031 1737 2103">
     <span class='ocr_line' id='line_1_24' title="bbox 410 2031 1737 2103; baseline -0.002 -16"><span class='ocrx_word' id='word_1_127' title='bbox 410 2033 564 2087; x_wconf 86' lang='lat' dir='ltr'>lstria</span> <span class='ocrx_word' id='word_1_128' title='bbox 590 2049 711 2103; x_wconf 62' lang='lat' dir='ltr'>quae</span> <span class='ocrx_word' id='word_1_129' title='bbox 744 2031 1160 2099; x_wconf 82' lang='lat' dir='ltr'>novit,Martino</span> <span class='ocrx_word' id='word_1_130' title='bbox 1183 2031 1400 2095; x_wconf 82' lang='lat' dir='ltr'>abbate,</span> <span class='ocrx_word' id='word_1_131' title='bbox 1430 2038 1737 2102; x_wconf 89' lang='lat' dir='ltr'>sequestro,</span> 
     </span>
    </p>
   </div>
   <div class='ocr_carea' id='block_1_25' title="bbox 410 2119 1666 2190">
    <p class='ocr_par' dir='ltr' id='par_1_25' title="bbox 410 2119 1666 2190">
     <span class='ocr_line' id='line_1_25' title="bbox 410 2119 1666 2190; baseline -0.002 -14"><span class='ocrx_word' id='word_1_132' title='bbox 410 2121 724 2177; x_wconf 85' lang='lat' dir='ltr'>Dalmatiam</span> <span class='ocrx_word' id='word_1_133' title='bbox 768 2128 950 2175; x_wconf 88' lang='lat' dir='ltr'>tutans</span> <span class='ocrx_word' id='word_1_134' title='bbox 977 2119 1141 2173; x_wconf 89' lang='lat' dir='ltr'>etiam</span> <span class='ocrx_word' id='word_1_135' title='bbox 1162 2120 1456 2174; x_wconf 89' lang='lat' dir='ltr'>clementia</span> <span class='ocrx_word' id='word_1_136' title='bbox 1488 2136 1666 2190; x_wconf 63' lang='lat' dir='ltr'>papae,</span> 
     </span>
    </p>
   </div>
   <div class='ocr_carea' id='block_1_26' title="bbox 412 2208 1821 2282">
    <p class='ocr_par' dir='ltr' id='par_1_26' title="bbox 412 2208 1821 2282">
     <span class='ocr_line' id='line_1_26' title="bbox 412 2208 1821 2282; baseline -0.001 -17"><span class='ocrx_word' id='word_1_137' title='bbox 412 2211 544 2265; x_wconf 82' lang='lat' dir='ltr'>Hinc</span> <span class='ocrx_word' id='word_1_138' title='bbox 573 2216 726 2282; x_wconf 83' lang='lat' dir='ltr'>grata</span> <span class='ocrx_word' id='word_1_139' title='bbox 758 2208 1011 2262; x_wconf 88' lang='lat' dir='ltr'>mercede</span> <span class='ocrx_word' id='word_1_140' title='bbox 1043 2208 1188 2278; x_wconf 89' lang='lat' dir='ltr'>capit</span> <span class='ocrx_word' id='word_1_141' title='bbox 1211 2208 1299 2278; x_wconf 88' lang='lat' dir='ltr'>pia</span> <span class='ocrx_word' id='word_1_142' title='bbox 1330 2212 1563 2281; x_wconf 82' lang='lat' dir='ltr'>pignora</span> <span class='ocrx_word' id='word_1_143' title='bbox 1582 2209 1821 2275; x_wconf 86' lang='lat' dir='ltr'>Patrum,</span> 
     </span>
    </p>
   </div>
   <div class='ocr_carea' id='block_1_27' title="bbox 410 2300 1793 2371">
    <p class='ocr_par' dir='ltr' id='par_1_27' title="bbox 410 2300 1793 2371">
     <span class='ocr_line' id='line_1_27' title="bbox 410 2300 1793 2371; baseline -0.002 -14"><span class='ocrx_word' id='word_1_144' title='bbox 410 2302 615 2357; x_wconf 82' lang='lat' dir='ltr'>Excolit</span> <span class='ocrx_word' id='word_1_145' title='bbox 636 2303 748 2356; x_wconf 44' lang='lat' dir='ltr'>huic</span> <span class='ocrx_word' id='word_1_146' title='bbox 782 2301 1024 2367; x_wconf 86' lang='lat' dir='ltr'>fabricis,</span> <span class='ocrx_word' id='word_1_147' title='bbox 1068 2300 1326 2371; x_wconf 76' lang='lat' dir='ltr'>praeclare</span> <span class='ocrx_word' id='word_1_148' title='bbox 1352 2308 1405 2355; x_wconf 91' lang='lat' dir='ltr'>et</span> <span class='ocrx_word' id='word_1_149' title='bbox 1435 2302 1555 2355; x_wconf 89' lang='lat' dir='ltr'>luce</span> <span class='ocrx_word' id='word_1_150' title='bbox 1586 2300 1793 2355; x_wconf 90' lang='lat' dir='ltr'>metalli</span> 
     </span>
    </p>
   </div>
   <div class='ocr_carea' id='block_1_28' title="bbox 409 2396 2021 2471">
    <p class='ocr_par' dir='ltr' id='par_1_28' title="bbox 409 2396 2021 2471">
     <span class='ocr_line' id='line_1_28' title="bbox 409 2396 2021 2471; baseline -0.001 -20"><span class='ocrx_word' id='word_1_151' title='bbox 409 2398 805 2468; x_wconf 83' lang='lat' dir='ltr'>Subiectosquc</span> <span class='ocrx_word' id='word_1_152' title='bbox 854 2396 1000 2451; x_wconf 88' lang='lat' dir='ltr'>fovet</span> <span class='ocrx_word' id='word_1_153' title='bbox 1064 2412 1440 2467; x_wconf 76' lang='lat' dir='ltr'>praesensque,</span> <span class='ocrx_word' id='word_1_154' title='bbox 1505 2396 1858 2471; x_wconf 81' lang='lat' dir='ltr'>migransque</span> <span class='ocrx_word' id='word_1_155' title='bbox 1923 2397 2021 2450; x_wconf 89' lang='lat' dir='ltr'>mi-</span> 
     </span>
    </p>
   </div>
   <div class='ocr_carea' id='block_1_29' title="bbox 1735 2484 1950 2539">
    <p class='ocr_par' dir='ltr' id='par_1_29' title="bbox 1735 2484 1950 2539">
     <span class='ocr_line' id='line_1_29' title="bbox 1735 2484 1950 2539; baseline 0 -2"><span class='ocrx_word' id='word_1_156' title='bbox 1735 2484 1950 2539; x_wconf 84' lang='lat' dir='ltr'>nistros.</span> 
     </span>
    </p>
   </div>
   <div class='ocr_carea' id='block_1_30' title="bbox 408 2485 1903 2647">
    <p class='ocr_par' dir='ltr' id='par_1_30' title="bbox 408 2485 1903 2647">
     <span class='ocr_line' id='line_1_30' title="bbox 1735 2485 1901 2539; baseline 0.012 -2"><span class='ocrx_word' id='word_1_157' title='bbox 1735 2485 1901 2539; x_wconf 83' lang='lat' dir='ltr'>nistro</span> 
     </span>
     <span class='ocr_line' id='line_1_31' title="bbox 408 2485 1903 2647; baseline -0.002 -15"><span class='ocrx_word' id='word_1_158' title='bbox 408 2578 734 2632; x_wconf 86' lang='lat' dir='ltr'>Theodorus</span> <span class='ocrx_word' id='word_1_159' title='bbox 767 2577 890 2647; x_wconf 89' lang='lat' dir='ltr'>pius</span> <span class='ocrx_word' id='word_1_160' title='bbox 920 2575 1049 2630; x_wconf 90' lang='lat' dir='ltr'>inde</span> <span class='ocrx_word' id='word_1_161' title='bbox 1082 2583 1256 2645; x_wconf 83' lang='lat' dir='ltr'>pater,</span> <span class='ocrx_word' id='word_1_162' title='bbox 1302 2582 1561 2646; x_wconf 88' lang='lat' dir='ltr'>tutorque</span> <span class='ocrx_word' id='word_1_163' title='bbox 1593 2485 1903 2646; x_wconf 80' lang='lat' dir='ltr'>pete[ntum,</span> 
     </span>
    </p>
   </div>
   <div class='ocr_carea' id='block_1_31' title="bbox 408 2663 1598 2735">
    <p class='ocr_par' dir='ltr' id='par_1_31' title="bbox 408 2663 1598 2735">
     <span class='ocr_line' id='line_1_32' title="bbox 408 2663 1598 2735; baseline -0.003 -14"><span class='ocrx_word' id='word_1_164' title='bbox 408 2668 608 2721; x_wconf 85' lang='lat' dir='ltr'>Civiles</span> <span class='ocrx_word' id='word_1_165' title='bbox 640 2668 782 2722; x_wconf 92' lang='lat' dir='ltr'>inter</span> <span class='ocrx_word' id='word_1_166' title='bbox 813 2665 1084 2731; x_wconf 80' lang='lat' dir='ltr'>fremitus,</span> <span class='ocrx_word' id='word_1_167' title='bbox 1107 2663 1430 2735; x_wconf 88' lang='lat' dir='ltr'>privataque</span> <span class='ocrx_word' id='word_1_168' title='bbox 1454 2664 1598 2719; x_wconf 86' lang='lat' dir='ltr'>bella</span> 
     </span>
    </p>
   </div>
   <div class='ocr_carea' id='block_1_32' title="bbox 412 2756 2023 2831">
    <p class='ocr_par' dir='ltr' id='par_1_32' title="bbox 412 2756 2023 2831">
     <span class='ocr_line' id='line_1_33' title="bbox 412 2756 2023 2831; baseline -0.001 -18"><span class='ocrx_word' id='word_1_169' title='bbox 412 2761 699 2814; x_wconf 85' lang='lat' dir='ltr'>Permanet</span> <span class='ocrx_word' id='word_1_170' title='bbox 731 2760 1009 2823; x_wconf 88' lang='lat' dir='ltr'>immotus,</span> <span class='ocrx_word' id='word_1_171' title='bbox 1041 2764 1324 2822; x_wconf 86' lang='lat' dir='ltr'>constans,</span> <span class='ocrx_word' id='word_1_172' title='bbox 1381 2767 1565 2811; x_wconf 89' lang='lat' dir='ltr'>castus</span> <span class='ocrx_word' id='word_1_173' title='bbox 1616 2765 1780 2828; x_wconf 88' lang='lat' dir='ltr'>atque</span> <span class='ocrx_word' id='word_1_174' title='bbox 1813 2756 2023 2831; x_wconf 71' lang='lat' dir='ltr'>ﬁdelis,</span> 
     </span>
    </p>
   </div>
   <div class='ocr_carea' id='block_1_33' title="bbox 412 2850 1890 2920">
    <p class='ocr_par' dir='ltr' id='par_1_33' title="bbox 412 2850 1890 2920">
     <span class='ocr_line' id='line_1_34' title="bbox 412 2850 1890 2920; baseline 0.003 -17"><span class='ocrx_word' id='word_1_175' title='bbox 412 2851 645 2918; x_wconf 87' lang='lat' dir='ltr'>Dejectis</span> <span class='ocrx_word' id='word_1_176' title='bbox 675 2865 925 2920; x_wconf 87' lang='lat' dir='ltr'>parcens,</span> <span class='ocrx_word' id='word_1_177' title='bbox 958 2850 1333 2918; x_wconf 90' lang='lat' dir='ltr'>complectens</span> <span class='ocrx_word' id='word_1_178' title='bbox 1365 2858 1515 2904; x_wconf 88' lang='lat' dir='ltr'>recta</span> <span class='ocrx_word' id='word_1_179' title='bbox 1546 2858 1847 2920; x_wconf 80' lang='lat' dir='ltr'>sequentes</span> <span class='ocrx_word' id='word_1_180' title='bbox 1877 2870 1890 2917; x_wconf 91' lang='lat'><strong>;</strong></span> 
     </span>
    </p>
   </div>
   <div class='ocr_carea' id='block_1_34' title="bbox 412 2938 1890 3012">
    <p class='ocr_par' dir='ltr' id='par_1_34' title="bbox 412 2938 1890 3012">
     <span class='ocr_line' id='line_1_35' title="bbox 412 2938 1890 3012; baseline 0.001 -18"><span class='ocrx_word' id='word_1_181' title='bbox 412 2940 702 2994; x_wconf 88' lang='lat' dir='ltr'>Debellans</span> <span class='ocrx_word' id='word_1_182' title='bbox 721 2939 1102 3009; x_wconf 88' lang='lat' dir='ltr'>damnansque</span> <span class='ocrx_word' id='word_1_183' title='bbox 1132 2938 1278 2993; x_wconf 90' lang='lat' dir='ltr'>feros</span> <span class='ocrx_word' id='word_1_184' title='bbox 1307 2948 1362 2995; x_wconf 91' lang='lat' dir='ltr'>et</span> <span class='ocrx_word' id='word_1_185' title='bbox 1390 2942 1459 2994; x_wconf 88' lang='lat' dir='ltr'>ad</span> <span class='ocrx_word' id='word_1_186' title='bbox 1490 2950 1603 2996; x_wconf 90' lang='lat' dir='ltr'>atra</span> <span class='ocrx_word' id='word_1_187' title='bbox 1625 2944 1890 3012; x_wconf 88' lang='lat' dir='ltr'>relapsos,</span> 
     </span>
    </p>
   </div>
   <div class='ocr_carea' id='block_1_35' title="bbox 413 3029 1956 3103">
    <p class='ocr_par' dir='ltr' id='par_1_35' title="bbox 413 3029 1956 3103">
     <span class='ocr_line' id='line_1_36' title="bbox 413 3029 1956 3103; baseline 0.002 -21"><span class='ocrx_word' id='word_1_188' title='bbox 413 3029 666 3082; x_wconf 87' lang='lat' dir='ltr'>Errantes</span> <span class='ocrx_word' id='word_1_189' title='bbox 696 3043 978 3093; x_wconf 84' lang='lat' dir='ltr'>revocans,</span> <span class='ocrx_word' id='word_1_190' title='bbox 1004 3029 1371 3101; x_wconf 88' lang='lat' dir='ltr'>precibusque</span> <span class='ocrx_word' id='word_1_191' title='bbox 1390 3032 1666 3103; x_wconf 89' lang='lat' dir='ltr'>minisque</span> <span class='ocrx_word' id='word_1_192' title='bbox 1692 3048 1956 3088; x_wconf 75' lang='lat' dir='ltr'>coercens</span> 
     </span>
    </p>
   </div>
   <div class='ocr_carea' id='block_1_36' title="bbox 413 3116 1881 3189">
    <p class='ocr_par' dir='ltr' id='par_1_36' title="bbox 413 3116 1881 3189">
     <span class='ocr_line' id='line_1_37' title="bbox 413 3116 1881 3189; baseline 0.007 -23"><span class='ocrx_word' id='word_1_193' title='bbox 413 3117 796 3186; x_wconf 78' lang='lat' dir='ltr'>(‘ontemptum</span> <span class='ocrx_word' id='word_1_194' title='bbox 828 3116 1033 3171; x_wconf 88' lang='lat' dir='ltr'>feriens</span> <span class='ocrx_word' id='word_1_195' title='bbox 1060 3126 1115 3172; x_wconf 93' lang='lat' dir='ltr'>et</span> <span class='ocrx_word' id='word_1_196' title='bbox 1144 3119 1285 3173; x_wconf 85' lang='lat' dir='ltr'>colla</span> <span class='ocrx_word' id='word_1_197' title='bbox 1312 3122 1560 3189; x_wconf 88' lang='lat' dir='ltr'>procacia</span> <span class='ocrx_word' id='word_1_198' title='bbox 1592 3122 1881 3177; x_wconf 90' lang='lat' dir='ltr'>mulctans.</span> 
     </span>
    </p>
   </div>
   <div class='ocr_carea' id='block_1_37' title="bbox 413 3207 1905 3281">
    <p class='ocr_par' dir='ltr' id='par_1_37' title="bbox 413 3207 1905 3281">
     <span class='ocr_line' id='line_1_38' title="bbox 413 3207 1905 3281; baseline 0.004 -20"><span class='ocrx_word' id='word_1_199' title='bbox 413 3207 651 3281; x_wconf 82' lang='lat' dir='ltr'>Pignora</span> <span class='ocrx_word' id='word_1_200' title='bbox 671 3214 858 3261; x_wconf 88' lang='lat' dir='ltr'>sancta</span> <span class='ocrx_word' id='word_1_201' title='bbox 888 3207 1050 3275; x_wconf 83' lang='lat' dir='ltr'>levat,</span> <span class='ocrx_word' id='word_1_202' title='bbox 1075 3224 1457 3281; x_wconf 86' lang='lat' dir='ltr'>veneransque</span> <span class='ocrx_word' id='word_1_203' title='bbox 1479 3212 1664 3266; x_wconf 89' lang='lat' dir='ltr'>educit</span> <span class='ocrx_word' id='word_1_204' title='bbox 1700 3213 1905 3279; x_wconf 78' lang='lat' dir='ltr'>arenis,</span> 
     </span>
    </p>
   </div>
   <div class='ocr_carea' id='block_1_38' title="bbox 416 3298 1725 3373">
    <p class='ocr_par' dir='ltr' id='par_1_38' title="bbox 416 3298 1725 3373">
     <span class='ocr_line' id='line_1_39' title="bbox 416 3298 1725 3373; baseline 0.005 -21"><span class='ocrx_word' id='word_1_205' title='bbox 416 3298 665 3369; x_wconf 85' lang='lat' dir='ltr'>Disponit</span> <span class='ocrx_word' id='word_1_206' title='bbox 686 3300 925 3370; x_wconf 81' lang='lat' dir='ltr'>templis,</span> <span class='ocrx_word' id='word_1_207' title='bbox 950 3316 1083 3355; x_wconf 89' lang='lat' dir='ltr'>auro</span> <span class='ocrx_word' id='word_1_208' title='bbox 1110 3311 1448 3373; x_wconf 83' lang='lat' dir='ltr'>argentoque</span> <span class='ocrx_word' id='word_1_209' title='bbox 1481 3302 1725 3371; x_wconf 88' lang='lat' dir='ltr'>decorat,</span> 
     </span>
    </p>
   </div>
   <div class='ocr_carea' id='block_1_39' title="bbox 419 3391 1821 3464">
    <p class='ocr_par' dir='ltr' id='par_1_39' title="bbox 419 3391 1821 3464">
     <span class='ocr_line' id='line_1_40' title="bbox 419 3391 1821 3464; baseline 0.004 -19"><span class='ocrx_word' id='word_1_210' title='bbox 419 3391 587 3464; x_wconf 82' lang='lat' dir='ltr'>Erigit</span> <span class='ocrx_word' id='word_1_211' title='bbox 612 3397 776 3461; x_wconf 88' lang='lat' dir='ltr'>atque</span> <span class='ocrx_word' id='word_1_212' title='bbox 796 3392 963 3457; x_wconf 90' lang='lat' dir='ltr'>dicat,</span> <span class='ocrx_word' id='word_1_213' title='bbox 998 3391 1234 3447; x_wconf 87' lang='lat' dir='ltr'>fabricas</span> <span class='ocrx_word' id='word_1_214' title='bbox 1256 3394 1347 3447; x_wconf 91' lang='lat' dir='ltr'>dat</span> <span class='ocrx_word' id='word_1_215' title='bbox 1370 3411 1598 3449; x_wconf 89' lang='lat' dir='ltr'>munere</span> <span class='ocrx_word' id='word_1_216' title='bbox 1627 3396 1821 3450; x_wconf 87' lang='lat' dir='ltr'>claras.</span> 
     </span>
    </p>
   </div>
   <div class='ocr_carea' id='block_1_40' title="bbox 419 3482 1707 3539">
    <p class='ocr_par' dir='ltr' id='par_1_40' title="bbox 419 3482 1707 3539">
     <span class='ocr_line' id='line_1_41' title="bbox 419 3482 1707 3539; baseline 0.002 -4"><span class='ocrx_word' id='word_1_217' title='bbox 419 3482 549 3536; x_wconf 88' lang='lat' dir='ltr'>Hinc</span> <span class='ocrx_word' id='word_1_218' title='bbox 572 3482 787 3536; x_wconf 85' lang='lat' dir='ltr'>validus</span> <span class='ocrx_word' id='word_1_219' title='bbox 816 3482 927 3535; x_wconf 90' lang='lat' dir='ltr'>veri</span> <span class='ocrx_word' id='word_1_220' title='bbox 965 3483 1117 3536; x_wconf 90' lang='lat' dir='ltr'>testis</span> <span class='ocrx_word' id='word_1_221' title='bbox 1148 3482 1410 3537; x_wconf 75' lang='lat' dir='ltr'>Martinus</span> <span class='ocrx_word' id='word_1_222' title='bbox 1440 3485 1707 3539; x_wconf 88' lang='lat' dir='ltr'>honorem</span> 
     </span>
    </p>
   </div>
   <div class='ocr_carea' id='block_1_41' title="bbox 418 3573 1920 3651">
    <p class='ocr_par' dir='ltr' id='par_1_41' title="bbox 418 3573 1920 3651">
     <span class='ocr_line' id='line_1_42' title="bbox 418 3573 1920 3651; baseline 0.004 -25"><span class='ocrx_word' id='word_1_223' title='bbox 418 3573 651 3644; x_wconf 88' lang='lat' dir='ltr'>Supplet</span> <span class='ocrx_word' id='word_1_224' title='bbox 670 3574 1056 3643; x_wconf 87' lang='lat' dir='ltr'>apostolicum,</span> <span class='ocrx_word' id='word_1_225' title='bbox 1078 3574 1359 3646; x_wconf 82' lang='lat' dir='ltr'>dignoque</span> <span class='ocrx_word' id='word_1_226' title='bbox 1375 3576 1488 3649; x_wconf 81' lang='lat' dir='ltr'>agit</span> <span class='ocrx_word' id='word_1_227' title='bbox 1510 3577 1730 3651; x_wconf 82' lang='lat' dir='ltr'>agmine</span> <span class='ocrx_word' id='word_1_228' title='bbox 1758 3578 1920 3641; x_wconf 88' lang='lat' dir='ltr'>bella,</span> 
     </span>
    </p>
   </div>
   <div class='ocr_carea' id='block_1_42' title="bbox 415 3665 1745 3739">
    <p class='ocr_par' dir='ltr' id='par_1_42' title="bbox 415 3665 1745 3739">
     <span class='ocr_line' id='line_1_43' title="bbox 415 3665 1745 3739; baseline 0.003 -20"><span class='ocrx_word' id='word_1_229' title='bbox 415 3665 675 3719; x_wconf 83' lang='lat' dir='ltr'>Teutalus</span> <span class='ocrx_word' id='word_1_230' title='bbox 714 3665 930 3735; x_wconf 69' lang='lat' dir='ltr'>probris</span> <span class='ocrx_word' id='word_1_231' title='bbox 955 3666 1193 3730; x_wconf 88' lang='lat' dir='ltr'>Domini,</span> <span class='ocrx_word' id='word_1_232' title='bbox 1215 3666 1468 3739; x_wconf 87' lang='lat' dir='ltr'>fastuque</span> <span class='ocrx_word' id='word_1_233' title='bbox 1483 3669 1745 3738; x_wconf 85' lang='lat' dir='ltr'>superbo,</span> 
     </span>
    </p>
   </div>
   <div class='ocr_carea' id='block_1_43' title="bbox 419 3757 1717 3828">
    <p class='ocr_par' dir='ltr' id='par_1_43' title="bbox 419 3757 1717 3828">
     <span class='ocr_line' id='line_1_44' title="bbox 419 3757 1717 3828; baseline 0.004 -20"><span class='ocrx_word' id='word_1_234' title='bbox 419 3759 592 3826; x_wconf 85' lang='lat' dir='ltr'>Atque</span> <span class='ocrx_word' id='word_1_235' title='bbox 624 3765 835 3810; x_wconf 88' lang='lat' dir='ltr'>tumore</span> <span class='ocrx_word' id='word_1_236' title='bbox 859 3757 1166 3823; x_wconf 84' lang='lat' dir='ltr'>lacessitus,</span> <span class='ocrx_word' id='word_1_237' title='bbox 1191 3773 1300 3828; x_wconf 88' lang='lat' dir='ltr'>quo</span> <span class='ocrx_word' id='word_1_238' title='bbox 1320 3757 1455 3812; x_wconf 90' lang='lat' dir='ltr'>scita</span> <span class='ocrx_word' id='word_1_239' title='bbox 1488 3768 1717 3828; x_wconf 88' lang='lat' dir='ltr'>paterna</span> 
     </span>
    </p>
   </div>
   <div class='ocr_carea' id='block_1_44' title="bbox 418 3845 1823 3915">
    <p class='ocr_par' dir='ltr' id='par_1_44' title="bbox 418 3845 1823 3915">
     <span class='ocr_line' id='line_1_45' title="bbox 418 3845 1823 3915; baseline 0.004 -16"><span class='ocrx_word' id='word_1_240' title='bbox 418 3846 602 3912; x_wconf 86' lang='lat' dir='ltr'>Vulsa,</span> <span class='ocrx_word' id='word_1_241' title='bbox 636 3845 785 3901; x_wconf 88' lang='lat' dir='ltr'>furor</span> <span class='ocrx_word' id='word_1_242' title='bbox 816 3863 999 3901; x_wconf 90' lang='lat' dir='ltr'>sacras</span> <span class='ocrx_word' id='word_1_243' title='bbox 1023 3847 1233 3902; x_wconf 87' lang='lat' dir='ltr'>Christo</span> <span class='ocrx_word' id='word_1_244' title='bbox 1262 3863 1565 3902; x_wconf 88' lang='lat' dir='ltr'>conversus</span> <span class='ocrx_word' id='word_1_245' title='bbox 1594 3848 1650 3902; x_wconf 90' lang='lat' dir='ltr'>in</span> <span class='ocrx_word' id='word_1_246' title='bbox 1678 3863 1823 3915; x_wconf 79' lang='lat' dir='ltr'>aras,</span> 
     </span>
    </p>
   </div>
   <div class='ocr_carea' id='block_1_45' title="bbox 423 3936 1695 4008">
    <p class='ocr_par' dir='ltr' id='par_1_45' title="bbox 423 3936 1695 4008">
     <span class='ocr_line' id='line_1_46' title="bbox 423 3936 1695 4008; baseline 0.003 -20"><span class='ocrx_word' id='word_1_247' title='bbox 423 3936 614 4003; x_wconf 84' lang='lat' dir='ltr'>Diruit,</span> <span class='ocrx_word' id='word_1_248' title='bbox 637 3937 780 3991; x_wconf 88' lang='lat' dir='ltr'>alma</span> <span class='ocrx_word' id='word_1_249' title='bbox 818 3938 963 4007; x_wconf 89' lang='lat' dir='ltr'>piam</span> <span class='ocrx_word' id='word_1_250' title='bbox 995 3945 1213 3992; x_wconf 89' lang='lat' dir='ltr'>vertens</span> <span class='ocrx_word' id='word_1_251' title='bbox 1241 3937 1432 3991; x_wconf 90' lang='lat' dir='ltr'>altaria</span> <span class='ocrx_word' id='word_1_252' title='bbox 1462 3954 1652 4008; x_wconf 89' lang='lat' dir='ltr'>pacem</span> <span class='ocrx_word' id='word_1_253' title='bbox 1680 3956 1695 4003; x_wconf 88' lang='lat'><strong>;</strong></span> 
     </span>
    </p>
   </div>
   <div class='ocr_carea' id='block_1_46' title="bbox 2120 1386 3412 1460">
    <p class='ocr_par' dir='ltr' id='par_1_46' title="bbox 2120 1386 3412 1460">
     <span class='ocr_line' id='line_1_47' title="bbox 2120 1386 3412 1460; baseline 0.002 -19"><span class='ocrx_word' id='word_1_254' title='bbox 2120 1387 2402 1460; x_wconf 85' lang='lat' dir='ltr'>Coguntur</span> <span class='ocrx_word' id='word_1_255' title='bbox 2422 1403 2591 1458; x_wconf 86' lang='lat' dir='ltr'>super</span> <span class='ocrx_word' id='word_1_256' title='bbox 2615 1386 2702 1440; x_wconf 87' lang='lat' dir='ltr'>his</span> <span class='ocrx_word' id='word_1_257' title='bbox 2725 1393 2924 1456; x_wconf 89' lang='lat' dir='ltr'>patres,</span> <span class='ocrx_word' id='word_1_258' title='bbox 2946 1386 3187 1459; x_wconf 83' lang='lat' dir='ltr'>divoque</span> <span class='ocrx_word' id='word_1_259' title='bbox 3217 1398 3412 1445; x_wconf 90' lang='lat' dir='ltr'>senatu</span> 
     </span>
    </p>
   </div>
   <div class='ocr_carea' id='block_1_47' title="bbox 2123 1476 3596 1552">
    <p class='ocr_par' dir='ltr' id='par_1_47' title="bbox 2123 1476 3596 1552">
     <span class='ocr_line' id='line_1_48' title="bbox 2123 1476 3596 1552; baseline 0.005 -27"><span class='ocrx_word' id='word_1_260' title='bbox 2123 1478 2457 1543; x_wconf 73' lang='lat' dir='ltr'>(ionsulitur,</span> <span class='ocrx_word' id='word_1_261' title='bbox 2486 1494 2674 1531; x_wconf 86' lang='lat' dir='ltr'>verum</span> <span class='ocrx_word' id='word_1_262' title='bbox 2710 1476 2999 1539; x_wconf 87' lang='lat' dir='ltr'>excutitur,</span> <span class='ocrx_word' id='word_1_263' title='bbox 3032 1476 3349 1546; x_wconf 87' lang='lat' dir='ltr'>plectuntur</span> <span class='ocrx_word' id='word_1_264' title='bbox 3389 1479 3596 1552; x_wconf 90' lang='lat' dir='ltr'>iniqui,</span> 
     </span>
    </p>
   </div>
   <div class='ocr_carea' id='block_1_48' title="bbox 2127 1568 3505 1643">
    <p class='ocr_par' dir='ltr' id='par_1_48' title="bbox 2127 1568 3505 1643">
     <span class='ocr_line' id='line_1_49' title="bbox 2127 1568 3505 1643; baseline 0.001 -19"><span class='ocrx_word' id='word_1_265' title='bbox 2127 1569 2517 1640; x_wconf 66' lang='lat' dir='ltr'>Prmsidiisque</span> <span class='ocrx_word' id='word_1_266' title='bbox 2543 1569 2701 1643; x_wconf 80' lang='lat' dir='ltr'>ignes</span> <span class='ocrx_word' id='word_1_267' title='bbox 2730 1576 2921 1623; x_wconf 88' lang='lat' dir='ltr'>contra</span> <span class='ocrx_word' id='word_1_268' title='bbox 2948 1568 3268 1625; x_wconf 80' lang='lat' dir='ltr'>defenditur</span> <span class='ocrx_word' id='word_1_269' title='bbox 3306 1572 3459 1627; x_wconf 77' lang='lat' dir='ltr'>orbis</span> <span class='ocrx_word' id='word_1_270' title='bbox 3493 1591 3505 1626; x_wconf 93' lang='lat'><strong>:</strong></span> 
     </span>
    </p>
   </div>
   <div class='ocr_carea' id='block_1_49' title="bbox 2124 1660 3435 1732">
    <p class='ocr_par' dir='ltr' id='par_1_49' title="bbox 2124 1660 3435 1732">
     <span class='ocr_line' id='line_1_50' title="bbox 2124 1660 3435 1732; baseline 0 -15"><span class='ocrx_word' id='word_1_271' title='bbox 2124 1663 2181 1717; x_wconf 83' lang='lat' dir='ltr'>Et</span> <span class='ocrx_word' id='word_1_272' title='bbox 2205 1662 2414 1732; x_wconf 76' lang='lat' dir='ltr'>clypeis</span> <span class='ocrx_word' id='word_1_273' title='bbox 2436 1662 2654 1715; x_wconf 88' lang='lat' dir='ltr'>diversa</span> <span class='ocrx_word' id='word_1_274' title='bbox 2680 1660 2823 1715; x_wconf 90' lang='lat' dir='ltr'>datis</span> <span class='ocrx_word' id='word_1_275' title='bbox 2852 1677 2949 1731; x_wconf 89' lang='lat' dir='ltr'>per</span> <span class='ocrx_word' id='word_1_276' title='bbox 2974 1661 3196 1716; x_wconf 90' lang='lat' dir='ltr'>climata</span> <span class='ocrx_word' id='word_1_277' title='bbox 3223 1664 3435 1727; x_wconf 89' lang='lat' dir='ltr'>mundi,</span> 
     </span>
    </p>
   </div>
   <div class='ocr_carea' id='block_1_50' title="bbox 2052 1754 3455 1837">
    <p class='ocr_par' dir='ltr' id='par_1_50' title="bbox 2052 1754 3455 1837">
     <span class='ocr_line' id='line_1_51' title="bbox 2052 1754 3455 1837; baseline 0.001 -29"><span class='ocrx_word' id='word_1_278' title='bbox 2052 1788 2097 1837; x_wconf 55' lang='grc' dir='ltr'>η</span> <span class='ocrx_word' id='word_1_279' title='bbox 2124 1755 2441 1809; x_wconf 87' lang='lat' dir='ltr'>Increscunt</span> <span class='ocrx_word' id='word_1_280' title='bbox 2467 1764 2520 1807; x_wconf 93' lang='lat' dir='ltr'>et</span> <span class='ocrx_word' id='word_1_281' title='bbox 2554 1754 2665 1821; x_wconf 92' lang='lat' dir='ltr'>jam</span> <span class='ocrx_word' id='word_1_282' title='bbox 2697 1754 2943 1807; x_wconf 67' lang='lat' dir='ltr'>adversm</span> <span class='ocrx_word' id='word_1_283' title='bbox 2976 1755 3249 1809; x_wconf 86' lang='lat' dir='ltr'>contraria</span> <span class='ocrx_word' id='word_1_284' title='bbox 3285 1757 3455 1826; x_wconf 89' lang='lat' dir='ltr'>partis</span> 
     </span>
    </p>
   </div>
   <div class='ocr_carea' id='block_1_51' title="bbox 2054 1820 3591 1917">
    <p class='ocr_par' dir='ltr' id='par_1_51' title="bbox 2054 1820 3591 1917">
     <span class='ocr_line' id='line_1_52' title="bbox 2054 1820 3591 1917; baseline 0.003 -16"><span class='ocrx_word' id='word_1_285' title='bbox 2054 1820 2097 1852; x_wconf 55' lang='grc'>³)</span> <span class='ocrx_word' id='word_1_286' title='bbox 2124 1848 2334 1911; x_wconf 60' lang='lat' dir='ltr'>Praelia,</span> <span class='ocrx_word' id='word_1_287' title='bbox 2370 1854 2736 1917; x_wconf 75' lang='lat' dir='ltr'>regnatorque</span> <span class='ocrx_word' id='word_1_288' title='bbox 2769 1847 2910 1900; x_wconf 91' lang='lat' dir='ltr'>sacri</span> <span class='ocrx_word' id='word_1_289' title='bbox 2944 1846 3099 1900; x_wconf 90' lang='lat' dir='ltr'>ducis</span> <span class='ocrx_word' id='word_1_290' title='bbox 3120 1846 3337 1917; x_wconf 90' lang='lat' dir='ltr'>impetit</span> <span class='ocrx_word' id='word_1_291' title='bbox 3365 1864 3547 1903; x_wconf 88' lang='lat' dir='ltr'>arcem</span> <span class='ocrx_word' id='word_1_292' title='bbox 3577 1867 3591 1907; x_wconf 89' lang='lat'><strong>:</strong></span> 
     </span>
    </p>
   </div>
   <div class='ocr_carea' id='block_1_52' title="bbox 2123 1935 3381 2007">
    <p class='ocr_par' dir='ltr' id='par_1_52' title="bbox 2123 1935 3381 2007">
     <span class='ocr_line' id='line_1_53' title="bbox 2123 1935 3381 2007; baseline -0.001 -17"><span class='ocrx_word' id='word_1_293' title='bbox 2123 1937 2349 1990; x_wconf 79' lang='lat' dir='ltr'>Mittitur</span> <span class='ocrx_word' id='word_1_294' title='bbox 2375 1936 2641 1990; x_wconf 87' lang='lat' dir='ltr'>exarchus</span> <span class='ocrx_word' id='word_1_295' title='bbox 2669 1935 2848 1989; x_wconf 86' lang='lat' dir='ltr'>socios</span> <span class='ocrx_word' id='word_1_296' title='bbox 2879 1936 3135 2007; x_wconf 89' lang='lat' dir='ltr'>laqueare</span> <span class='ocrx_word' id='word_1_297' title='bbox 3169 1935 3381 2003; x_wconf 87' lang='lat' dir='ltr'>ﬁdeles,</span> 
     </span>
    </p>
   </div>
   <div class='ocr_carea' id='block_1_53' title="bbox 2124 2027 3674 2099">
    <p class='ocr_par' dir='ltr' id='par_1_53' title="bbox 2124 2027 3674 2099">
     <span class='ocr_line' id='line_1_54' title="bbox 2124 2027 3674 2099; baseline 0.001 -18"><span class='ocrx_word' id='word_1_298' title='bbox 2124 2030 2296 2099; x_wconf 84' lang='lat' dir='ltr'>Atque</span> <span class='ocrx_word' id='word_1_299' title='bbox 2320 2034 2508 2081; x_wconf 84' lang='lat' dir='ltr'>tenere</span> <span class='ocrx_word' id='word_1_300' title='bbox 2524 2029 2776 2097; x_wconf 82' lang='lat' dir='ltr'>‘patrem;</span> <span class='ocrx_word' id='word_1_301' title='bbox 2801 2034 2947 2081; x_wconf 88' lang='lat' dir='ltr'>vetat</span> <span class='ocrx_word' id='word_1_302' title='bbox 2972 2027 3076 2081; x_wconf 90' lang='lat' dir='ltr'>hoc</span> <span class='ocrx_word' id='word_1_303' title='bbox 3089 2027 3385 2082; x_wconf 90' lang='lat' dir='ltr'>concordia</span> <span class='ocrx_word' id='word_1_304' title='bbox 3420 2027 3674 2093; x_wconf 90' lang='lat' dir='ltr'>fratrum,</span> 
     </span>
    </p>
   </div>
   <div class='ocr_carea' id='block_1_54' title="bbox 2126 2115 3756 2187">
    <p class='ocr_par' dir='ltr' id='par_1_54' title="bbox 2126 2115 3756 2187">
     <span class='ocr_line' id='line_1_55' title="bbox 2126 2115 3756 2187; baseline 0 -16"><span class='ocrx_word' id='word_1_305' title='bbox 2126 2116 2479 2180; x_wconf 87' lang='lat' dir='ltr'>Unanimum,</span> <span class='ocrx_word' id='word_1_306' title='bbox 2543 2115 2833 2186; x_wconf 87' lang='lat' dir='ltr'>plebisque</span> <span class='ocrx_word' id='word_1_307' title='bbox 2882 2132 3079 2170; x_wconf 87' lang='lat' dir='ltr'>amor:</span> <span class='ocrx_word' id='word_1_308' title='bbox 3140 2115 3272 2169; x_wconf 91' lang='lat' dir='ltr'>hinc</span> <span class='ocrx_word' id='word_1_309' title='bbox 3298 2132 3521 2187; x_wconf 89' lang='lat' dir='ltr'>quoque</span> <span class='ocrx_word' id='word_1_310' title='bbox 3553 2116 3756 2172; x_wconf 87' lang='lat' dir='ltr'>fraude</span> 
     </span>
    </p>
   </div>
   <div class='ocr_carea' id='block_1_55' title="bbox 3432 2208 3683 2279">
    <p class='ocr_par' dir='ltr' id='par_1_55' title="bbox 3432 2208 3683 2279">
     <span class='ocr_line' id='line_1_56' title="bbox 3432 2208 3683 2279; baseline -0.004 -15"><span class='ocrx_word' id='word_1_311' title='bbox 3432 2208 3683 2279; x_wconf 89' lang='lat' dir='ltr'>[potitus,</span> 
     </span>
    </p>
   </div>
   <div class='ocr_carea' id='block_1_56' title="bbox 2123 2298 3250 2373">
    <p class='ocr_par' dir='ltr' id='par_1_56' title="bbox 2123 2298 3250 2373">
     <span class='ocr_line' id='line_1_57' title="bbox 2123 2298 3250 2373; baseline -0.004 -18"><span class='ocrx_word' id='word_1_312' title='bbox 2123 2301 2348 2355; x_wconf 88' lang='lat' dir='ltr'>Tutatur</span> <span class='ocrx_word' id='word_1_313' title='bbox 2378 2315 2548 2353; x_wconf 66' lang='lat' dir='ltr'>sacrm</span> <span class='ocrx_word' id='word_1_314' title='bbox 2582 2305 2761 2353; x_wconf 88' lang='lat' dir='ltr'>tectus</span> <span class='ocrx_word' id='word_1_315' title='bbox 2792 2299 3029 2373; x_wconf 82' lang='lat' dir='ltr'>caligine</span> <span class='ocrx_word' id='word_1_316' title='bbox 3063 2298 3250 2364; x_wconf 91' lang='lat' dir='ltr'>nubis,</span> 
     </span>
    </p>
   </div>
   <div class='ocr_carea' id='block_1_57' title="bbox 2127 2392 3466 2463">
    <p class='ocr_par' dir='ltr' id='par_1_57' title="bbox 2127 2392 3466 2463">
     <span class='ocr_line' id='line_1_58' title="bbox 2127 2392 3466 2463; baseline -0.001 -16"><span class='ocrx_word' id='word_1_317' title='bbox 2127 2396 2256 2449; x_wconf 87' lang='lat' dir='ltr'>Cum</span> <span class='ocrx_word' id='word_1_318' title='bbox 2279 2394 2459 2447; x_wconf 87' lang='lat' dir='ltr'>videat</span> <span class='ocrx_word' id='word_1_319' title='bbox 2488 2393 2729 2463; x_wconf 83' lang='lat' dir='ltr'>reliquos</span> <span class='ocrx_word' id='word_1_320' title='bbox 2760 2393 2937 2446; x_wconf 90' lang='lat' dir='ltr'>solum</span> <span class='ocrx_word' id='word_1_321' title='bbox 2968 2399 3221 2463; x_wconf 79' lang='lat' dir='ltr'>Spectare</span> <span class='ocrx_word' id='word_1_322' title='bbox 3244 2392 3466 2448; x_wconf 84' lang='lat' dir='ltr'>satelles</span> 
     </span>
    </p>
   </div>
   <div class='ocr_carea' id='block_1_58' title="bbox 2128 2487 3661 2561">
    <p class='ocr_par' dir='ltr' id='par_1_58' title="bbox 2128 2487 3661 2561">
     <span class='ocr_line' id='line_1_59' title="bbox 2128 2487 3661 2561; baseline -0.001 -18"><span class='ocrx_word' id='word_1_323' title='bbox 2128 2489 2241 2543; x_wconf 82' lang='lat' dir='ltr'>Non</span> <span class='ocrx_word' id='word_1_324' title='bbox 2262 2489 2404 2542; x_wconf 89' lang='lat' dir='ltr'>valet</span> <span class='ocrx_word' id='word_1_325' title='bbox 2431 2487 2714 2552; x_wconf 84' lang='lat' dir='ltr'>eximium,</span> <span class='ocrx_word' id='word_1_326' title='bbox 2748 2503 2913 2558; x_wconf 91' lang='lat' dir='ltr'>quem</span> <span class='ocrx_word' id='word_1_327' title='bbox 2927 2487 3132 2561; x_wconf 81' lang='lat' dir='ltr'>cogitat</span> <span class='ocrx_word' id='word_1_328' title='bbox 3156 2504 3291 2542; x_wconf 87' lang='lat' dir='ltr'>ense</span> <span class='ocrx_word' id='word_1_329' title='bbox 3318 2487 3661 2553; x_wconf 86' lang='lat' dir='ltr'>necandum,</span> 
     </span>
    </p>
   </div>
   <div class='ocr_carea' id='block_1_59' title="bbox 2127 2575 3451 2647">
    <p class='ocr_par' dir='ltr' id='par_1_59' title="bbox 2127 2575 3451 2647">
     <span class='ocr_line' id='line_1_60' title="bbox 2127 2575 3451 2647; baseline -0.003 -14"><span class='ocrx_word' id='word_1_330' title='bbox 2127 2577 2392 2633; x_wconf 85' lang='lat' dir='ltr'>Frustatis</span> <span class='ocrx_word' id='word_1_331' title='bbox 2424 2577 2577 2631; x_wconf 89' lang='lat' dir='ltr'>necis</span> <span class='ocrx_word' id='word_1_332' title='bbox 2605 2575 2845 2645; x_wconf 86' lang='lat' dir='ltr'>insidiis,</span> <span class='ocrx_word' id='word_1_333' title='bbox 2881 2591 3218 2646; x_wconf 91' lang='lat' dir='ltr'>componere</span> <span class='ocrx_word' id='word_1_334' title='bbox 3261 2591 3451 2647; x_wconf 88' lang='lat' dir='ltr'>pacem</span> 
     </span>
    </p>
   </div>
   <div class='ocr_carea' id='block_1_60' title="bbox 2127 2670 3456 2746">
    <p class='ocr_par' dir='ltr' id='par_1_60' title="bbox 2127 2670 3456 2746">
     <span class='ocr_line' id='line_1_61' title="bbox 2127 2670 3456 2746; baseline -0.001 -21"><span class='ocrx_word' id='word_1_335' title='bbox 2127 2672 2349 2746; x_wconf 81' lang='lat' dir='ltr'>Cogitur</span> <span class='ocrx_word' id='word_1_336' title='bbox 2380 2672 2675 2726; x_wconf 88' lang='lat' dir='ltr'>instructor</span> <span class='ocrx_word' id='word_1_337' title='bbox 2701 2670 2909 2725; x_wconf 91' lang='lat' dir='ltr'>fraudis</span> <span class='ocrx_word' id='word_1_338' title='bbox 2935 2671 3203 2726; x_wconf 83' lang='lat' dir='ltr'>contusus</span> <span class='ocrx_word' id='word_1_339' title='bbox 3228 2676 3456 2741; x_wconf 67' lang='lat' dir='ltr'>apertze,</span> 
     </span>
    </p>
   </div>
   <div class='ocr_carea' id='block_1_61' title="bbox 2126 2759 3567 2831">
    <p class='ocr_par' dir='ltr' id='par_1_61' title="bbox 2126 2759 3567 2831">
     <span class='ocr_line' id='line_1_62' title="bbox 2126 2759 3567 2831; baseline 0 -17"><span class='ocrx_word' id='word_1_340' title='bbox 2126 2762 2367 2816; x_wconf 87' lang='lat' dir='ltr'>Turbine</span> <span class='ocrx_word' id='word_1_341' title='bbox 2390 2761 2661 2816; x_wconf 89' lang='lat' dir='ltr'>bellorum</span> <span class='ocrx_word' id='word_1_342' title='bbox 2685 2775 2793 2831; x_wconf 92' lang='lat' dir='ltr'>quo</span> <span class='ocrx_word' id='word_1_343' title='bbox 2826 2770 2971 2831; x_wconf 88' lang='lat' dir='ltr'>post,</span> <span class='ocrx_word' id='word_1_344' title='bbox 2988 2759 3287 2831; x_wconf 84' lang='lat' dir='ltr'>mortisque</span> <span class='ocrx_word' id='word_1_345' title='bbox 3318 2759 3567 2823; x_wconf 89' lang='lat' dir='ltr'>redacto,</span> 
     </span>
    </p>
   </div>
   <div class='ocr_carea' id='block_1_62' title="bbox 2130 2852 3321 2927">
    <p class='ocr_par' dir='ltr' id='par_1_62' title="bbox 2130 2852 3321 2927">
     <span class='ocr_line' id='line_1_63' title="bbox 2130 2852 3321 2927; baseline -0.001 -19"><span class='ocrx_word' id='word_1_346' title='bbox 2130 2854 2387 2927; x_wconf 83' lang='lat' dir='ltr'>Dirigitur</span> <span class='ocrx_word' id='word_1_347' title='bbox 2408 2854 2614 2909; x_wconf 90' lang='lat' dir='ltr'>trucior</span> <span class='ocrx_word' id='word_1_348' title='bbox 2642 2853 2936 2908; x_wconf 85' lang='lat' dir='ltr'>manifesto</span> <span class='ocrx_word' id='word_1_349' title='bbox 2955 2854 3107 2922; x_wconf 76' lang='lat' dir='ltr'>iussa</span> <span class='ocrx_word' id='word_1_350' title='bbox 3136 2852 3321 2908; x_wconf 88' lang='lat' dir='ltr'>furore</span> 
     </span>
    </p>
   </div>
   <div class='ocr_carea' id='block_1_63' title="bbox 2129 2938 3755 3013">
    <p class='ocr_par' dir='ltr' id='par_1_63' title="bbox 2129 2938 3755 3013">
     <span class='ocr_line' id='line_1_64' title="bbox 2129 2938 3755 3013; baseline -0.006 -15"><span class='ocrx_word' id='word_1_351' title='bbox 2129 2943 2269 3009; x_wconf 81' lang='lat' dir='ltr'>Quin</span> <span class='ocrx_word' id='word_1_352' title='bbox 2301 2940 3123 3013; x_wconf 88' lang='lat' dir='ltr'>implet,apostolicumqueviri</span> <span class='ocrx_word' id='word_1_353' title='bbox 3146 2939 3428 3011; x_wconf 85' lang='lat' dir='ltr'>proculcat</span> <span class='ocrx_word' id='word_1_354' title='bbox 3459 2938 3755 2993; x_wconf 89' lang='lat' dir='ltr'>honorem:</span> 
     </span>
    </p>
   </div>
   <div class='ocr_carea' id='block_1_64' title="bbox 2131 3027 3644 3105">
    <p class='ocr_par' dir='ltr' id='par_1_64' title="bbox 2131 3027 3644 3105">
     <span class='ocr_line' id='line_1_65' title="bbox 2131 3027 3644 3105; baseline -0.005 -17"><span class='ocrx_word' id='word_1_355' title='bbox 2131 3035 2390 3105; x_wconf 86' lang='lat' dir='ltr'>Iluneque</span> <span class='ocrx_word' id='word_1_356' title='bbox 2419 3034 2530 3087; x_wconf 88' lang='lat' dir='ltr'>aris</span> <span class='ocrx_word' id='word_1_357' title='bbox 2562 3032 2833 3087; x_wconf 90' lang='lat' dir='ltr'>adimens.</span> <span class='ocrx_word' id='word_1_358' title='bbox 2864 3031 3050 3086; x_wconf 87' lang='lat' dir='ltr'>Graias</span> <span class='ocrx_word' id='word_1_359' title='bbox 3083 3030 3333 3101; x_wconf 89' lang='lat' dir='ltr'>perducit</span> <span class='ocrx_word' id='word_1_360' title='bbox 3358 3029 3415 3084; x_wconf 90' lang='lat' dir='ltr'>in</span> <span class='ocrx_word' id='word_1_361' title='bbox 3454 3027 3644 3083; x_wconf 89' lang='lat' dir='ltr'>urbes.</span> 
     </span>
    </p>
   </div>
   <div class='ocr_carea' id='block_1_65' title="bbox 2062 3118 3559 3206">
    <p class='ocr_par' dir='ltr' id='par_1_65' title="bbox 2062 3118 3559 3206">
     <span class='ocr_line' id='line_1_66' title="bbox 2062 3118 3559 3206; baseline -0.004 -29"><span class='ocrx_word' id='word_1_362' title='bbox 2062 3146 2103 3206; x_wconf 55' lang='grc' dir='ltr'>ξ)</span> <span class='ocrx_word' id='word_1_363' title='bbox 2130 3125 2396 3196; x_wconf 77' lang='lat' dir='ltr'>Segregat</span> <span class='ocrx_word' id='word_1_364' title='bbox 2435 3122 2571 3177; x_wconf 89' lang='lat' dir='ltr'>urbe</span> <span class='ocrx_word' id='word_1_365' title='bbox 2613 3122 2760 3187; x_wconf 87' lang='lat' dir='ltr'>data,</span> <span class='ocrx_word' id='word_1_366' title='bbox 2794 3119 3108 3191; x_wconf 85' lang='lat' dir='ltr'>nequitsed</span> <span class='ocrx_word' id='word_1_367' title='bbox 3140 3125 3327 3173; x_wconf 89' lang='lat' dir='ltr'>mente</span> <span class='ocrx_word' id='word_1_368' title='bbox 3350 3118 3510 3173; x_wconf 88' lang='lat' dir='ltr'>beata</span> <span class='ocrx_word' id='word_1_369' title='bbox 3544 3134 3559 3181; x_wconf 90' lang='lat'><strong>;</strong></span> 
     </span>
    </p>
   </div>
   <div class='ocr_carea' id='block_1_66' title="bbox 2134 3207 3430 3281">
    <p class='ocr_par' dir='ltr' id='par_1_66' title="bbox 2134 3207 3430 3281">
     <span class='ocr_line' id='line_1_67' title="bbox 2134 3207 3430 3281; baseline -0.005 -15"><span class='ocrx_word' id='word_1_370' title='bbox 2134 3211 2369 3281; x_wconf 85' lang='lat' dir='ltr'>Depellit</span> <span class='ocrx_word' id='word_1_371' title='bbox 2400 3212 2564 3276; x_wconf 87' lang='lat' dir='ltr'>solio,</span> <span class='ocrx_word' id='word_1_372' title='bbox 2598 3210 2743 3263; x_wconf 88' lang='lat' dir='ltr'>valet</span> <span class='ocrx_word' id='word_1_373' title='bbox 2769 3209 2915 3263; x_wconf 89' lang='lat' dir='ltr'>haud</span> <span class='ocrx_word' id='word_1_374' title='bbox 2947 3207 3234 3279; x_wconf 88' lang='lat' dir='ltr'>depellere</span> <span class='ocrx_word' id='word_1_375' title='bbox 3263 3215 3388 3263; x_wconf 91' lang='lat' dir='ltr'>voto</span> <span class='ocrx_word' id='word_1_376' title='bbox 3416 3222 3430 3259; x_wconf 91' lang='lat'><strong>:</strong></span> 
     </span>
    </p>
   </div>
   <div class='ocr_carea' id='block_1_67' title="bbox 2136 3299 3555 3371">
    <p class='ocr_par' dir='ltr' id='par_1_67' title="bbox 2136 3299 3555 3371">
     <span class='ocr_line' id='line_1_68' title="bbox 2136 3299 3555 3371; baseline -0.001 -15"><span class='ocrx_word' id='word_1_377' title='bbox 2136 3303 2317 3356; x_wconf 60' lang='lat' dir='ltr'>Romae</span> <span class='ocrx_word' id='word_1_378' title='bbox 2348 3309 2403 3357; x_wconf 89' lang='lat' dir='ltr'>et</span> <span class='ocrx_word' id='word_1_379' title='bbox 2433 3301 2905 3371; x_wconf 83' lang='lat' dir='ltr'>ConstantinOpoli</span> <span class='ocrx_word' id='word_1_380' title='bbox 2929 3307 3113 3355; x_wconf 88' lang='lat' dir='ltr'>manet</span> <span class='ocrx_word' id='word_1_381' title='bbox 3147 3299 3360 3354; x_wconf 86' lang='lat' dir='ltr'>arbiter</span> <span class='ocrx_word' id='word_1_382' title='bbox 3384 3299 3555 3363; x_wconf 89' lang='lat' dir='ltr'>idem,</span> 
     </span>
    </p>
   </div>
   <div class='ocr_carea' id='block_1_68' title="bbox 2134 3391 3422 3463">
    <p class='ocr_par' dir='ltr' id='par_1_68' title="bbox 2134 3391 3422 3463">
     <span class='ocr_line' id='line_1_69' title="bbox 2134 3391 3422 3463; baseline -0.004 -16"><span class='ocrx_word' id='word_1_383' title='bbox 2134 3393 2536 3463; x_wconf 78' lang='lat' dir='ltr'>Clementisquc</span> <span class='ocrx_word' id='word_1_384' title='bbox 2570 3392 2659 3462; x_wconf 87' lang='lat' dir='ltr'>pie</span> <span class='ocrx_word' id='word_1_385' title='bbox 2688 3391 2921 3463; x_wconf 77' lang='lat' dir='ltr'>vestigia</span> <span class='ocrx_word' id='word_1_386' title='bbox 2950 3397 3139 3444; x_wconf 88' lang='lat' dir='ltr'>sancta</span> <span class='ocrx_word' id='word_1_387' title='bbox 3180 3399 3422 3444; x_wconf 91' lang='lat' dir='ltr'>secutus.</span> 
     </span>
    </p>
   </div>
   <div class='ocr_carea' id='block_1_69' title="bbox 2132 3477 3487 3550">
    <p class='ocr_par' dir='ltr' id='par_1_69' title="bbox 2132 3477 3487 3550">
     <span class='ocr_line' id='line_1_70' title="bbox 2132 3477 3487 3550; baseline -0.004 -13"><span class='ocrx_word' id='word_1_388' title='bbox 2132 3482 2443 3537; x_wconf 88' lang='lat' dir='ltr'>Chersones</span> <span class='ocrx_word' id='word_1_389' title='bbox 2472 3480 2623 3535; x_wconf 88' lang='lat' dir='ltr'>subit</span> <span class='ocrx_word' id='word_1_390' title='bbox 2644 3480 2869 3535; x_wconf 81' lang='lat' dir='ltr'>exilium</span> <span class='ocrx_word' id='word_1_391' title='bbox 2904 3497 2918 3546; x_wconf 91' lang='lat'><strong>;</strong></span> <span class='ocrx_word' id='word_1_392' title='bbox 2953 3494 3063 3550; x_wconf 86' lang='lat' dir='ltr'>quo</span> <span class='ocrx_word' id='word_1_393' title='bbox 3090 3477 3273 3532; x_wconf 88' lang='lat' dir='ltr'>sidera</span> <span class='ocrx_word' id='word_1_394' title='bbox 3304 3485 3487 3543; x_wconf 92' lang='lat' dir='ltr'>nacto,</span> 
     </span>
    </p>
   </div>
   <div class='ocr_carea' id='block_1_70' title="bbox 2133 3569 3537 3646">
    <p class='ocr_par' dir='ltr' id='par_1_70' title="bbox 2133 3569 3537 3646">
     <span class='ocr_line' id='line_1_71' title="bbox 2133 3569 3537 3646; baseline -0.004 -18"><span class='ocrx_word' id='word_1_395' title='bbox 2133 3575 2301 3639; x_wconf 80' lang='lat' dir='ltr'>Quam</span> <span class='ocrx_word' id='word_1_396' title='bbox 2328 3573 2469 3627; x_wconf 80' lang='lat' dir='ltr'>fidus</span> <span class='ocrx_word' id='word_1_397' title='bbox 2509 3572 2712 3646; x_wconf 82' lang='lat' dir='ltr'>rigido,</span> <span class='ocrx_word' id='word_1_398' title='bbox 2740 3588 2903 3642; x_wconf 90' lang='lat' dir='ltr'>quam</span> <span class='ocrx_word' id='word_1_399' title='bbox 2934 3571 3005 3624; x_wconf 89' lang='lat' dir='ltr'>sit</span> <span class='ocrx_word' id='word_1_400' title='bbox 3043 3569 3169 3640; x_wconf 91' lang='lat' dir='ltr'>pius</span> <span class='ocrx_word' id='word_1_401' title='bbox 3198 3585 3330 3624; x_wconf 89' lang='lat' dir='ltr'>usus</span> <span class='ocrx_word' id='word_1_402' title='bbox 3359 3583 3537 3641; x_wconf 76' lang='lat' dir='ltr'>agone</span> 
     </span>
    </p>
   </div>
   <div class='ocr_carea' id='block_1_71' title="bbox 2134 3659 3760 3735">
    <p class='ocr_par' dir='ltr' id='par_1_71' title="bbox 2134 3659 3760 3735">
     <span class='ocr_line' id='line_1_72' title="bbox 2134 3659 3760 3735; baseline -0.004 -14"><span class='ocrx_word' id='word_1_403' title='bbox 2134 3664 2446 3731; x_wconf 86' lang='lat' dir='ltr'>Confessor,</span> <span class='ocrx_word' id='word_1_404' title='bbox 2491 3664 2813 3735; x_wconf 88' lang='lat' dir='ltr'>Christoque</span> <span class='ocrx_word' id='word_1_405' title='bbox 2866 3662 3111 3734; x_wconf 88' lang='lat' dir='ltr'>placens,</span> <span class='ocrx_word' id='word_1_406' title='bbox 3165 3670 3220 3716; x_wconf 89' lang='lat' dir='ltr'>et</span> <span class='ocrx_word' id='word_1_407' title='bbox 3279 3660 3346 3715; x_wconf 92' lang='lat' dir='ltr'>ad</span> <span class='ocrx_word' id='word_1_408' title='bbox 3404 3659 3601 3715; x_wconf 88' lang='lat' dir='ltr'>ultima</span> <span class='ocrx_word' id='word_1_409' title='bbox 3630 3675 3760 3731; x_wconf 87' lang='lat' dir='ltr'>per-</span> 
     </span>
    </p>
   </div>
   <div class='ocr_carea' id='block_1_72' title="bbox 3491 3751 3686 3822">
    <p class='ocr_par' dir='ltr' id='par_1_72' title="bbox 3491 3751 3686 3822">
     <span class='ocr_line' id='line_1_73' title="bbox 3491 3751 3686 3822; baseline 0 -17"><span class='ocrx_word' id='word_1_410' title='bbox 3491 3751 3686 3822; x_wconf 86' lang='lat' dir='ltr'>[stans,</span> 
     </span>
    </p>
   </div>
   <div class='ocr_carea' id='block_1_73' title="bbox 2108 3841 3492 3925">
    <p class='ocr_par' dir='ltr' id='par_1_73' title="bbox 2108 3841 3492 3925">
     <span class='ocr_line' id='line_1_74' title="bbox 2108 3841 3492 3925; baseline -0.004 -25"><span class='ocrx_word' id='word_1_411' title='bbox 2108 3916 2119 3925; x_wconf 39' lang='lat'>.</span> <span class='ocrx_word' id='word_1_412' title='bbox 2145 3845 2384 3901; x_wconf 90' lang='lat' dir='ltr'>Plurima</span> <span class='ocrx_word' id='word_1_413' title='bbox 2411 3846 2691 3919; x_wconf 82' lang='lat' dir='ltr'>signorum</span> <span class='ocrx_word' id='word_1_414' title='bbox 2735 3844 2903 3899; x_wconf 89' lang='lat' dir='ltr'>radiis</span> <span class='ocrx_word' id='word_1_415' title='bbox 2928 3842 3192 3898; x_wconf 87' lang='lat' dir='ltr'>miracula</span> <span class='ocrx_word' id='word_1_416' title='bbox 3220 3841 3492 3913; x_wconf 90' lang='lat' dir='ltr'>pandunt.</span> 
     </span>
    </p>
   </div>
   <div class='ocr_carea' id='block_1_74' title="bbox 1865 4068 2290 4123">
    <p class='ocr_par' dir='ltr' id='par_1_74' title="bbox 1865 4068 2290 4123">
     <span class='ocr_line' id='line_1_75' title="bbox 1865 4068 2290 4123; baseline 0 0"><span class='ocrx_word' id='word_1_417' title='bbox 1865 4069 2073 4123; x_wconf 71' lang='lat' dir='ltr'>CAPUT</span> <span class='ocrx_word' id='word_1_418' title='bbox 2112 4068 2290 4123; x_wconf 82' lang='lat' dir='ltr'>XXIX.</span> 
     </span>
    </p>
   </div>
   <div class='ocr_carea' id='block_1_75' title="bbox 1677 4196 2503 4276">
    <p class='ocr_par' dir='ltr' id='par_1_75' title="bbox 1677 4196 2503 4276">
     <span class='ocr_line' id='line_1_76' title="bbox 1677 4196 2503 4276; baseline -0.002 -18"><span class='ocrx_word' id='word_1_419' title='bbox 1677 4201 1752 4258; x_wconf 84' lang='lat' dir='ltr'>De</span> <span class='ocrx_word' id='word_1_420' title='bbox 1793 4209 1996 4259; x_wconf 75' lang='lat' dir='ltr'>sancto</span> <span class='ocrx_word' id='word_1_421' title='bbox 2028 4196 2296 4275; x_wconf 80' lang='lat' dir='ltr'>Eugenio</span> <span class='ocrx_word' id='word_1_422' title='bbox 2327 4214 2503 4276; x_wconf 83' lang='lat' dir='ltr'>papa.</span> 
     </span>
    </p>
   </div>
   <div class='ocr_carea' id='block_1_76' title="bbox 423 4364 1810 4437">
    <p class='ocr_par' dir='ltr' id='par_1_76' title="bbox 423 4364 1810 4437">
     <span class='ocr_line' id='line_1_77' title="bbox 423 4364 1810 4437; baseline 0.001 -19"><span class='ocrx_word' id='word_1_423' title='bbox 423 4364 702 4437; x_wconf 82' lang='lat' dir='ltr'>Eugenius</span> <span class='ocrx_word' id='word_1_424' title='bbox 731 4380 894 4435; x_wconf 88' lang='lat' dir='ltr'>quem</span> <span class='ocrx_word' id='word_1_425' title='bbox 927 4364 1285 4434; x_wconf 90' lang='lat' dir='ltr'>prodiderant</span> <span class='ocrx_word' id='word_1_426' title='bbox 1315 4364 1593 4420; x_wconf 85' lang='lat' dir='ltr'>cunabula</span> <span class='ocrx_word' id='word_1_427' title='bbox 1620 4365 1810 4431; x_wconf 88' lang='lat' dir='ltr'>sacris,</span> 
     </span>
    </p>
   </div>
   <div class='ocr_carea' id='block_1_77' title="bbox 420 4456 1838 4531">
    <p class='ocr_par' dir='ltr' id='par_1_77' title="bbox 420 4456 1838 4531">
     <span class='ocr_line' id='line_1_78' title="bbox 420 4456 1838 4531; baseline -0.001 -20"><span class='ocrx_word' id='word_1_428' title='bbox 420 4456 770 4527; x_wconf 88' lang='lat' dir='ltr'>Tranquillus</span> <span class='ocrx_word' id='word_1_429' title='bbox 792 4457 1053 4529; x_wconf 88' lang='lat' dir='ltr'>mitisque</span> <span class='ocrx_word' id='word_1_430' title='bbox 1087 4457 1245 4522; x_wconf 90' lang='lat' dir='ltr'>nitet,</span> <span class='ocrx_word' id='word_1_431' title='bbox 1279 4457 1503 4530; x_wconf 84' lang='lat' dir='ltr'>fatuque</span> <span class='ocrx_word' id='word_1_432' title='bbox 1542 4456 1838 4531; x_wconf 81' lang='lat' dir='ltr'>benignus,</span> 
     </span>
    </p>
   </div>
   <div class='ocr_carea' id='block_1_78' title="bbox 425 4544 1826 4618">
    <p class='ocr_par' dir='ltr' id='par_1_78' title="bbox 425 4544 1826 4618">
     <span class='ocr_line' id='line_1_79' title="bbox 425 4544 1826 4618; baseline 0.001 -20"><span class='ocrx_word' id='word_1_433' title='bbox 425 4544 661 4616; x_wconf 87' lang='lat' dir='ltr'>Dapsilis</span> <span class='ocrx_word' id='word_1_434' title='bbox 685 4544 950 4618; x_wconf 78' lang='lat' dir='ltr'>indignis,</span> <span class='ocrx_word' id='word_1_435' title='bbox 979 4552 1201 4601; x_wconf 88' lang='lat' dir='ltr'>sanctus</span> <span class='ocrx_word' id='word_1_436' title='bbox 1230 4545 1527 4616; x_wconf 88' lang='lat' dir='ltr'>probitate,</span> <span class='ocrx_word' id='word_1_437' title='bbox 1559 4554 1826 4599; x_wconf 88' lang='lat' dir='ltr'>venustus</span> 
     </span>
    </p>
   </div>
   <div class='ocr_carea' id='block_1_79' title="bbox 2067 4361 3370 4438">
    <p class='ocr_par' dir='ltr' id='par_1_79' title="bbox 2067 4361 3370 4438">
     <span class='ocr_line' id='line_1_80' title="bbox 2067 4361 3370 4438; baseline -0.003 -20"><span class='ocrx_word' id='word_1_438' title='bbox 2067 4371 2122 4438; x_wconf 78' lang='grc' dir='ltr'>Ι)</span> <span class='ocrx_word' id='word_1_439' title='bbox 2152 4364 2290 4418; x_wconf 82' lang='lat' dir='ltr'>Cleri</span> <span class='ocrx_word' id='word_1_440' title='bbox 2321 4363 2479 4429; x_wconf 90' lang='lat' dir='ltr'>altor,</span> <span class='ocrx_word' id='word_1_441' title='bbox 2508 4362 2639 4435; x_wconf 89' lang='lat' dir='ltr'>justi</span> <span class='ocrx_word' id='word_1_442' title='bbox 2666 4362 2863 4429; x_wconf 91' lang='lat' dir='ltr'>cultor,</span> <span class='ocrx_word' id='word_1_443' title='bbox 2891 4361 3110 4434; x_wconf 90' lang='lat' dir='ltr'>pietatis</span> <span class='ocrx_word' id='word_1_444' title='bbox 3140 4366 3370 4427; x_wconf 87' lang='lat' dir='ltr'>amator,</span> 
     </span>
    </p>
   </div>
   <div class='ocr_carea' id='block_1_80' title="bbox 2149 4449 3506 4524">
    <p class='ocr_par' dir='ltr' id='par_1_80' title="bbox 2149 4449 3506 4524">
     <span class='ocr_line' id='line_1_81' title="bbox 2149 4449 3506 4524; baseline -0.002 -17"><span class='ocrx_word' id='word_1_445' title='bbox 2149 4453 2381 4524; x_wconf 89' lang='lat' dir='ltr'>Semper</span> <span class='ocrx_word' id='word_1_446' title='bbox 2402 4451 2653 4509; x_wconf 88' lang='lat' dir='ltr'>fucorum</span> <span class='ocrx_word' id='word_1_447' title='bbox 2676 4468 2799 4506; x_wconf 92' lang='lat' dir='ltr'>cum</span> <span class='ocrx_word' id='word_1_448' title='bbox 2831 4451 2994 4523; x_wconf 88' lang='lat' dir='ltr'>plebe</span> <span class='ocrx_word' id='word_1_449' title='bbox 3022 4459 3257 4507; x_wconf 85' lang='lat' dir='ltr'>canente</span> <span class='ocrx_word' id='word_1_450' title='bbox 3285 4449 3506 4505; x_wconf 87' lang='lat' dir='ltr'>refutat.</span> 
     </span>
    </p>
   </div>
   <div class='ocr_carea' id='block_1_81' title="bbox 1884 4674 2284 4730">
    <p class='ocr_par' dir='ltr' id='par_1_81' title="bbox 1884 4674 2284 4730">
     <span class='ocr_line' id='line_1_82' title="bbox 1884 4674 2284 4730; baseline 0.005 -2"><span class='ocrx_word' id='word_1_451' title='bbox 1884 4674 2091 4730; x_wconf 83' lang='lat' dir='ltr'>CAPUT</span> <span class='ocrx_word' id='word_1_452' title='bbox 2133 4676 2284 4730; x_wconf 82' lang='lat' dir='ltr'>XXX.</span> 
     </span>
    </p>
   </div>
   <div class='ocr_carea' id='block_1_82' title="bbox 1374 4799 2812 4880">
    <p class='ocr_par' dir='ltr' id='par_1_82' title="bbox 1374 4799 2812 4880">
     <span class='ocr_line' id='line_1_83' title="bbox 1374 4799 2812 4880; baseline 0.001 -22"><span class='ocrx_word' id='word_1_453' title='bbox 1374 4801 1453 4859; x_wconf 89' lang='lat' dir='ltr'>De</span> <span class='ocrx_word' id='word_1_454' title='bbox 1492 4799 1718 4859; x_wconf 83' lang='lat' dir='ltr'>sanctis</span> <span class='ocrx_word' id='word_1_455' title='bbox 1760 4800 2063 4862; x_wconf 74' lang='lat' dir='ltr'>Vitaliano</span> <span class='ocrx_word' id='word_1_456' title='bbox 2102 4811 2154 4861; x_wconf 80' lang='lat' dir='ltr'>et</span> <span class='ocrx_word' id='word_1_457' title='bbox 2183 4802 2479 4861; x_wconf 77' lang='lat' dir='ltr'>Adeodato</span> <span class='ocrx_word' id='word_1_458' title='bbox 2511 4801 2812 4880; x_wconf 76' lang='lat' dir='ltr'>episcopis.</span> 
     </span>
    </p>
   </div>
   <div class='ocr_carea' id='block_1_83' title="bbox 420 4953 1334 5048">
    <p class='ocr_par' dir='ltr' id='par_1_83' title="bbox 420 4953 1334 5048">
     <span class='ocr_line' id='line_1_84' title="bbox 420 4953 1334 5048; baseline -0.002 -15"><span class='ocrx_word' id='word_1_459' title='bbox 420 4976 723 5033; x_wconf 89' lang='lat' dir='ltr'>Vitalianus</span> <span class='ocrx_word' id='word_1_460' title='bbox 740 4953 916 5032; x_wconf 74' lang='lat' dir='ltr'>cultor</span> <span class='ocrx_word' id='word_1_461' title='bbox 944 4977 1101 5031; x_wconf 72' lang='lat' dir='ltr'>alma:</span> <span class='ocrx_word' id='word_1_462' title='bbox 1130 4975 1334 5048; x_wconf 58' lang='lat' dir='ltr'>regulw</span> 
     </span>
    </p>
   </div>
   <div class='ocr_carea' id='block_1_84' title="bbox 420 5065 1434 5141">
    <p class='ocr_par' dir='ltr' id='par_1_84' title="bbox 420 5065 1434 5141">
     <span class='ocr_line' id='line_1_85' title="bbox 420 5065 1434 5141; baseline -0.002 -18"><span class='ocrx_word' id='word_1_463' title='bbox 420 5069 705 5139; x_wconf 82' lang='lat' dir='ltr'>Responsa</span> <span class='ocrx_word' id='word_1_464' title='bbox 724 5066 915 5140; x_wconf 84' lang='lat' dir='ltr'>legans</span> <span class='ocrx_word' id='word_1_465' title='bbox 939 5066 1089 5121; x_wconf 90' lang='lat' dir='ltr'>sedis</span> <span class='ocrx_word' id='word_1_466' title='bbox 1117 5065 1240 5120; x_wconf 91' lang='lat' dir='ltr'>urbi</span> <span class='ocrx_word' id='word_1_467' title='bbox 1268 5067 1434 5141; x_wconf 76' lang='lat' dir='ltr'>regiae</span> 
     </span>
    </p>
   </div>
   <div class='ocr_carea' id='block_1_85' title="bbox 421 5158 1513 5232">
    <p class='ocr_par' dir='ltr' id='par_1_85' title="bbox 421 5158 1513 5232">
     <span class='ocr_line' id='line_1_86' title="bbox 421 5158 1513 5232; baseline -0.001 -16"><span class='ocrx_word' id='word_1_468' title='bbox 421 5161 660 5231; x_wconf 83' lang='lat' dir='ltr'>Reparat</span> <span class='ocrx_word' id='word_1_469' title='bbox 685 5174 965 5214; x_wconf 90' lang='lat' dir='ltr'>sacrorum</span> <span class='ocrx_word' id='word_1_470' title='bbox 996 5158 1174 5230; x_wconf 89' lang='lat' dir='ltr'>prisca</span> <span class='ocrx_word' id='word_1_471' title='bbox 1204 5158 1513 5232; x_wconf 76' lang='lat' dir='ltr'>privilegia,</span> 
     </span>
    </p>
   </div>
   <div class='ocr_carea' id='block_1_86' title="bbox 421 5247 1410 5324">
    <p class='ocr_par' dir='ltr' id='par_1_86' title="bbox 421 5247 1410 5324">
     <span class='ocr_line' id='line_1_87' title="bbox 421 5247 1410 5324; baseline -0.001 -19"><span class='ocrx_word' id='word_1_472' title='bbox 421 5249 644 5305; x_wconf 87' lang='lat' dir='ltr'>Etdona</span> <span class='ocrx_word' id='word_1_473' title='bbox 673 5247 833 5304; x_wconf 87' lang='lat' dir='ltr'>Petro</span> <span class='ocrx_word' id='word_1_474' title='bbox 864 5249 1181 5324; x_wconf 83' lang='lat' dir='ltr'>diriguntur</span> <span class='ocrx_word' id='word_1_475' title='bbox 1204 5264 1371 5304; x_wconf 84' lang='lat' dir='ltr'>aurea</span> <span class='ocrx_word' id='word_1_476' title='bbox 1395 5267 1410 5315; x_wconf 88' lang='lat'><strong>;</strong></span> 
     </span>
    </p>
   </div>
   <div class='ocr_carea' id='block_1_87' title="bbox 420 5339 1726 5410">
    <p class='ocr_par' dir='ltr' id='par_1_87' title="bbox 420 5339 1726 5410">
     <span class='ocr_line' id='line_1_88' title="bbox 420 5339 1726 5410; baseline -0.003 -13"><span class='ocrx_word' id='word_1_477' title='bbox 420 5343 607 5397; x_wconf 64' lang='lat' dir='ltr'>Romae</span> <span class='ocrx_word' id='word_1_478' title='bbox 636 5348 919 5410; x_wconf 88' lang='lat' dir='ltr'>receptum</span> <span class='ocrx_word' id='word_1_479' title='bbox 950 5341 1020 5395; x_wconf 91' lang='lat' dir='ltr'>ad</span> <span class='ocrx_word' id='word_1_480' title='bbox 1048 5356 1203 5397; x_wconf 89' lang='lat' dir='ltr'>sacra</span> <span class='ocrx_word' id='word_1_481' title='bbox 1222 5341 1411 5396; x_wconf 90' lang='lat' dir='ltr'>ductat</span> <span class='ocrx_word' id='word_1_482' title='bbox 1435 5339 1726 5405; x_wconf 70' lang='lat' dir='ltr'>Caesarem,</span> 
     </span>
    </p>
   </div>
   <div class='ocr_carea' id='block_1_88' title="bbox 420 5432 1544 5508">
    <p class='ocr_par' dir='ltr' id='par_1_88' title="bbox 420 5432 1544 5508">
     <span class='ocr_line' id='line_1_89' title="bbox 420 5432 1544 5508; baseline 0 -20"><span class='ocrx_word' id='word_1_483' title='bbox 420 5434 749 5508; x_wconf 82' lang='lat' dir='ltr'>Vigensque</span> <span class='ocrx_word' id='word_1_484' title='bbox 769 5432 938 5506; x_wconf 83' lang='lat' dir='ltr'>digno</span> <span class='ocrx_word' id='word_1_485' title='bbox 968 5433 1270 5489; x_wconf 86' lang='lat' dir='ltr'>sanctitatis</span> <span class='ocrx_word' id='word_1_486' title='bbox 1294 5448 1544 5500; x_wconf 90' lang='lat' dir='ltr'>munere,</span> 
     </span>
    </p>
   </div>
   <div class='ocr_carea' id='block_1_89' title="bbox 420 5524 1622 5598">
    <p class='ocr_par' dir='ltr' id='par_1_89' title="bbox 420 5524 1622 5598">
     <span class='ocr_line' id='line_1_90' title="bbox 420 5524 1622 5598; baseline -0.004 -15"><span class='ocrx_word' id='word_1_487' title='bbox 420 5529 672 5598; x_wconf 86' lang='lat' dir='ltr'>Superna</span> <span class='ocrx_word' id='word_1_488' title='bbox 709 5524 856 5579; x_wconf 87' lang='lat' dir='ltr'>claro</span> <span class='ocrx_word' id='word_1_489' title='bbox 884 5525 1114 5581; x_wconf 89' lang='lat' dir='ltr'>scandet</span> <span class='ocrx_word' id='word_1_490' title='bbox 1139 5534 1335 5580; x_wconf 89' lang='lat' dir='ltr'>auctus</span> <span class='ocrx_word' id='word_1_491' title='bbox 1359 5524 1622 5581; x_wconf 87' lang='lat' dir='ltr'>culmine.</span> 
     </span>
    </p>
   </div>
   <div class='ocr_carea' id='block_1_90' title="bbox 421 5613 1436 5684">
    <p class='ocr_par' dir='ltr' id='par_1_90' title="bbox 421 5613 1436 5684">
     <span class='ocr_line' id='line_1_91' title="bbox 421 5613 1436 5684; baseline -0.005 -12"><span class='ocrx_word' id='word_1_492' title='bbox 421 5615 681 5672; x_wconf 87' lang='lat' dir='ltr'>Succedit</span> <span class='ocrx_word' id='word_1_493' title='bbox 710 5613 886 5669; x_wconf 90' lang='lat' dir='ltr'>almus</span> <span class='ocrx_word' id='word_1_494' title='bbox 916 5615 1229 5670; x_wconf 87' lang='lat' dir='ltr'>Adeodatus</span> <span class='ocrx_word' id='word_1_495' title='bbox 1261 5621 1436 5684; x_wconf 84' lang='lat' dir='ltr'>pater,</span> 
     </span>
    </p>
   </div>
   <div class='ocr_carea' id='block_1_91' title="bbox 424 5699 1603 5771">
    <p class='ocr_par' dir='ltr' id='par_1_91' title="bbox 424 5699 1603 5771">
     <span class='ocr_line' id='line_1_92' title="bbox 424 5699 1603 5771; baseline -0.001 -15"><span class='ocrx_word' id='word_1_496' title='bbox 424 5701 647 5758; x_wconf 76' lang='lat' dir='ltr'>Cunctis</span> <span class='ocrx_word' id='word_1_497' title='bbox 673 5699 970 5771; x_wconf 76' lang='lat' dir='ltr'>benignus,</span> <span class='ocrx_word' id='word_1_498' title='bbox 1002 5711 1321 5756; x_wconf 87' lang='lat' dir='ltr'>mansuetus</span> <span class='ocrx_word' id='word_1_499' title='bbox 1344 5701 1603 5757; x_wconf 80' lang='lat' dir='ltr'>omnibus</span> 
     </span>
    </p>
   </div>
   <div class='ocr_carea' id='block_1_92' title="bbox 2142 4972 3343 5055">
    <p class='ocr_par' dir='ltr' id='par_1_92' title="bbox 2142 4972 3343 5055">
     <span class='ocr_line' id='line_1_93' title="bbox 2142 4972 3343 5055; baseline -0.007 -20"><span class='ocrx_word' id='word_1_500' title='bbox 2142 4980 2350 5035; x_wconf 87' lang='lat' dir='ltr'>Fovens</span> <span class='ocrx_word' id='word_1_501' title='bbox 2378 4995 2606 5055; x_wconf 83' lang='lat' dir='ltr'>egenos,</span> <span class='ocrx_word' id='word_1_502' title='bbox 2635 4978 2982 5040; x_wconf 88' lang='lat' dir='ltr'>commodus,</span> <span class='ocrx_word' id='word_1_503' title='bbox 3014 4972 3343 5047; x_wconf 52' lang='lat' dir='ltr'>praestabilis</span> 
     </span>
    </p>
   </div>
   <div class='ocr_carea' id='block_1_93' title="bbox 2139 5062 3325 5139">
    <p class='ocr_par' dir='ltr' id='par_1_93' title="bbox 2139 5062 3325 5139">
     <span class='ocr_line' id='line_1_94' title="bbox 2139 5062 3325 5139; baseline -0.006 -16"><span class='ocrx_word' id='word_1_504' title='bbox 2139 5069 2249 5124; x_wconf 82' lang='lat' dir='ltr'>Hoc</span> <span class='ocrx_word' id='word_1_505' title='bbox 2280 5069 2425 5125; x_wconf 90' lang='lat' dir='ltr'>bella</span> <span class='ocrx_word' id='word_1_506' title='bbox 2450 5074 2629 5139; x_wconf 68' lang='lat' dir='ltr'>empta</span> <span class='ocrx_word' id='word_1_507' title='bbox 2656 5066 3032 5138; x_wconf 86' lang='lat' dir='ltr'>reprimuntur</span> <span class='ocrx_word' id='word_1_508' title='bbox 3069 5062 3325 5135; x_wconf 67' lang='lat' dir='ltr'>praesule,</span> 
     </span>
    </p>
   </div>
   <div class='ocr_carea' id='block_1_94' title="bbox 2136 5159 3169 5238">
    <p class='ocr_par' dir='ltr' id='par_1_94' title="bbox 2136 5159 3169 5238">
     <span class='ocr_line' id='line_1_95' title="bbox 2136 5159 3169 5238; baseline -0.005 -19"><span class='ocrx_word' id='word_1_509' title='bbox 2136 5165 2380 5238; x_wconf 79' lang='lat' dir='ltr'>Surgunt</span> <span class='ocrx_word' id='word_1_510' title='bbox 2407 5163 2644 5236; x_wconf 89' lang='lat' dir='ltr'>tyranni,</span> <span class='ocrx_word' id='word_1_511' title='bbox 2673 5162 2971 5220; x_wconf 90' lang='lat' dir='ltr'>diruuntur</span> <span class='ocrx_word' id='word_1_512' title='bbox 2994 5159 3169 5225; x_wconf 90' lang='lat' dir='ltr'>ocius,</span> 
     </span>
    </p>
   </div>
   <div class='ocr_carea' id='block_1_95' title="bbox 2139 5251 3234 5312">
    <p class='ocr_par' dir='ltr' id='par_1_95' title="bbox 2139 5251 3234 5312">
     <span class='ocr_line' id='line_1_96' title="bbox 2139 5251 3234 5312; baseline -0.006 0"><span class='ocrx_word' id='word_1_513' title='bbox 2139 5256 2521 5312; x_wconf 83' lang='lat' dir='ltr'>Rebellionum</span> <span class='ocrx_word' id='word_1_514' title='bbox 2544 5254 2798 5311; x_wconf 90' lang='lat' dir='ltr'>barbaris</span> <span class='ocrx_word' id='word_1_515' title='bbox 2826 5252 2961 5308; x_wconf 90' lang='lat' dir='ltr'>urbs</span> <span class='ocrx_word' id='word_1_516' title='bbox 2984 5251 3234 5308; x_wconf 89' lang='lat' dir='ltr'>traditur.</span> 
     </span>
    </p>
   </div>
   <div class='ocr_carea' id='block_1_96' title="bbox 2140 5339 3190 5414">
    <p class='ocr_par' dir='ltr' id='par_1_96' title="bbox 2140 5339 3190 5414">
     <span class='ocr_line' id='line_1_97' title="bbox 2140 5339 3190 5414; baseline -0.008 -13"><span class='ocrx_word' id='word_1_517' title='bbox 2140 5347 2425 5401; x_wconf 82' lang='lat' dir='ltr'>Restaurat</span> <span class='ocrx_word' id='word_1_518' title='bbox 2454 5345 2557 5401; x_wconf 83' lang='lat' dir='ltr'>iste</span> <span class='ocrx_word' id='word_1_519' title='bbox 2583 5343 2913 5414; x_wconf 88' lang='lat' dir='ltr'>dedicatque</span> <span class='ocrx_word' id='word_1_520' title='bbox 2954 5339 3190 5396; x_wconf 86' lang='lat' dir='ltr'>fabricas</span> 
     </span>
    </p>
   </div>
   <div class='ocr_carea' id='block_1_97' title="bbox 2137 5428 3132 5502">
    <p class='ocr_par' dir='ltr' id='par_1_97' title="bbox 2137 5428 3132 5502">
     <span class='ocr_line' id='line_1_98' title="bbox 2137 5428 3132 5502; baseline -0.005 -14"><span class='ocrx_word' id='word_1_521' title='bbox 2137 5436 2295 5490; x_wconf 89' lang='lat' dir='ltr'>Actas</span> <span class='ocrx_word' id='word_1_522' title='bbox 2326 5435 2506 5500; x_wconf 91' lang='lat' dir='ltr'>ruina,</span> <span class='ocrx_word' id='word_1_523' title='bbox 2539 5432 2888 5502; x_wconf 84' lang='lat' dir='ltr'>destinatque</span> <span class='ocrx_word' id='word_1_524' title='bbox 2926 5428 3132 5484; x_wconf 89' lang='lat' dir='ltr'>milites</span> 
     </span>
    </p>
   </div>
   <div class='ocr_carea' id='block_1_98' title="bbox 2139 5517 3336 5596">
    <p class='ocr_par' dir='ltr' id='par_1_98' title="bbox 2139 5517 3336 5596">
     <span class='ocr_line' id='line_1_99' title="bbox 2139 5517 3336 5596; baseline -0.008 -15"><span class='ocrx_word' id='word_1_525' title='bbox 2139 5526 2340 5581; x_wconf 88' lang='lat' dir='ltr'>Castris</span> <span class='ocrx_word' id='word_1_526' title='bbox 2363 5527 2612 5596; x_wconf 91' lang='lat' dir='ltr'>polorum</span> <span class='ocrx_word' id='word_1_527' title='bbox 2638 5522 3001 5596; x_wconf 88' lang='lat' dir='ltr'>pr0videtque</span> <span class='ocrx_word' id='word_1_528' title='bbox 3026 5517 3336 5575; x_wconf 88' lang='lat' dir='ltr'>commoda.</span> 
     </span>
    </p>
   </div>
   <div class='ocr_carea' id='block_1_99' title="bbox 2137 5609 3081 5683">
    <p class='ocr_par' dir='ltr' id='par_1_99' title="bbox 2137 5609 3081 5683">
     <span class='ocr_line' id='line_1_100' title="bbox 2137 5609 3081 5683; baseline -0.007 -13"><span class='ocrx_word' id='word_1_529' title='bbox 2137 5612 2476 5670; x_wconf 85' lang='lat' dir='ltr'>Dccessione</span> <span class='ocrx_word' id='word_1_530' title='bbox 2514 5614 2672 5683; x_wconf 88' lang='lat' dir='ltr'>cujus</span> <span class='ocrx_word' id='word_1_531' title='bbox 2696 5612 2803 5666; x_wconf 92' lang='lat' dir='ltr'>orti</span> <span class='ocrx_word' id='word_1_532' title='bbox 2830 5609 3081 5665; x_wconf 86' lang='lat' dir='ltr'>turbines</span> 
     </span>
    </p>
   </div>
   <div class='ocr_carea' id='block_1_100' title="bbox 2137 5694 3299 5774">
    <p class='ocr_par' dir='ltr' id='par_1_100' title="bbox 2137 5694 3299 5774">
     <span class='ocr_line' id='line_1_101' title="bbox 2137 5694 3299 5774; baseline -0.008 -16"><span class='ocrx_word' id='word_1_533' title='bbox 2137 5702 2494 5774; x_wconf 87' lang='lat' dir='ltr'>Crepitusque</span> <span class='ocrx_word' id='word_1_534' title='bbox 2522 5700 2647 5757; x_wconf 71' lang='lat' dir='ltr'>coeli</span> <span class='ocrx_word' id='word_1_535' title='bbox 2668 5705 2818 5754; x_wconf 85' lang='lat' dir='ltr'>tanta</span> <span class='ocrx_word' id='word_1_536' title='bbox 2842 5705 3034 5768; x_wconf 88' lang='lat' dir='ltr'>totque</span> <span class='ocrx_word' id='word_1_537' title='bbox 3064 5694 3299 5751; x_wconf 86' lang='lat' dir='ltr'>fulmina</span> 
     </span>
    </p>
   </div>
  </div>
