3972 6208
445 298 539 351 791
1196 295 1562 350 FLODOARDI
1606 295 1907 350 CANONICI
1951 298 2276 353 HEMENSIS
2318 300 2654 355 OPUSCULA
2697 300 3004 356 METRICA.
3678 309 3781 363 792

806 434 915 486 λΙΙ.
945 464 1010 472 ——
1040 436 1109 486 De
1138 438 1323 485 sancta
1348 434 1641 485 (‘hrr’stina.

808 505 946 557 XIII.
985 535 1047 542 -—
1071 507 1143 557 De
1171 510 1354 556 sancto
1382 505 1685 557 Ambrosio.

796 575 903 627 XIV
957 605 1020 614 —
1056 578 1127 627 Dc
1158 578 1360 627 sanctis
1394 576 1648 629 Gcrvasio
1678 580 1725 627 et
1756 577 2056 631 Prothasio.

798 646 902 699 XV.
932 678 989 683 ---
1025 649 1097 699 De
1126 647 1422 698 virtutibus
1466 648 1638 698 sancti
1668 648 1968 701 Ambrosii.

803 716 929 771 XVI.
953 747 1017 755 --
1042 720 1112 770 De
1143 720 1344 769 sanctis
1375 719 1611 771 Nazario
1642 722 1689 767 et
1719 719 1882 783 Celso,
1920 719 2092 773 Vitalt'
2115 725 2163 773 ct
2192 722 2471 787 Agricola,

802 788 960 841 XVII.
995 819 1056 826 —
1086 791 1160 841 De
1191 790 1429 840 transitu
1471 789 1525 841 S.
1561 788 1846 841 Ambrosii.

804 859 958 913 XVIII
1011 889 1080 898 —
1109 862 1183 913 De
1212 865 1393 912 sancto
1426 859 1748 912 Columbano

802 930 931 983 XIX.
957 961 1022 969 —
1058 933 1128 983 De
1157 935 1339 983 sancto
1369 932 1580 984 Attalo.

802 1001 907 1054 XX.
928 1033 996 1041 —
1020 1005 1090 1054 De
1111 1006 1312 1053 sanctis
1346 1002 1587 1067 Brrtul/‘o
1618 1006 1664 1053 et
1696 1003 1965 1055 Emtasio.

802 1073 928 1125 XXI.
957 1104 1017 1111 —
1056 1076 1125 1125 De
1155 1076 1354 1124 sanctis
1384 1073 1672 1139 Blt'dalpho
1701 1076 1749 1125 et
1771 1074 2005 1128 Meroveo
2027 1075 2302 1128 monacho.

804 1144 955 1196 XXII.
990 1175 1053 1181 —-
1099 1146 1168 1195 De
1192 1144 1536 1209 Baudagario
1558 1148 1604 1196 et
1635 1146 1836 1196 czctcris
1866 1144 2192 1213 quibusdam
2212 1150 2413 1200 sanctis
2445 1150 2739 1201 monachis.

1306 1347 1749 1435 INCIPIT
1827 1348 2167 1433 LIBER
2220 1349 2896 1437 UNDECIMUS

1845 1520 2051 1576 CAPUT
2099 1521 2381 1577 PRIMUM.

1220 1656 1295 1712 De
1345 1659 1570 1714 sanctis
1615 1655 1952 1730 Agathone,
2012 1650 2202 1713 Leone
2244 1663 2296 1713 et
2326 1654 2633 1715 Benedicto
2683 1655 2991 1734 episcopis.

446 1793 577 1845 Hinc
609 1791 716 1844 lzrti
745 1789 1295 1863 surguntAgathonis
1329 1798 1574 1859 tempora
1606 1790 1796 1859 patris,
2083 1798 2125 1860 Α
2158 1790 2333 1842 Sexta:
2359 1789 2493 1843 scita
2522 1790 2715 1859 probat
2741 1791 2960 1859 synodi,
2990 1792 3326 1863 damnatque
3358 1792 3620 1862 rebelles,

444 1881 627 1934 Mwsta
670 1879 890 1950 quidem
935 1878 1166 1932 I'ha'bes
1200 1878 1404 1947 pallore
1442 1877 1705 1948 obituque
1764 1878 2050 1941 Quiritum.
2157 1877 2441 1945 Subjectos
2471 1877 2697 1939 refovet,
2731 1878 2879 1931 sedis
2911 1878 3001 1948 pia
3026 1879 3149 1945 jura
3180 1886 3444 1949 receptat,

444 1973 583 2026 laeta
606 1972 701 2025 sed
735 1970 987 2024 Ecclesia}
1021 1986 1153 2039 pace
1194 1969 1522 2039 abjectuque
1556 1968 1812 2024 ferorum.
2138 1969 2324 2045 Paulo
2366 1970 2566 2039 templa
2596 1970 2761 2035 dicat,
2796 1970 2958 2023 donis
2988 1979 3043 2024 et
3068 1970 3311 2024 cultibus
3350 1979 3531 2041 ornat,

445 2063 577 2115 Dum
614 2078 771 2134 reges
804 2068 1092 2131 patresque
1122 2059 1262 2112 Petri
1294 2060 1567 2114 consortia
1591 2060 1740 2113 sedis
2159 2063 2467 2135 Deliquium
2501 2063 2641 2116 luna!
2668 2062 2919 2134 sequitur
2958 2064 3207 2118 decessio
3242 2080 3420 2135 papae.

446 2156 775 2225 Exposcunt,
810 2154 1051 2207 hilarans
1081 2153 1275 2227 legatis
1308 2153 1475 2207 Roma
1494 2168 1740 2208 sororem
2161 2159 2462 2213 Instructus
2492 2158 2661 2212 sacris
2706 2157 3035 2212 Benedictus
3062 2174 3216 2213 sacra
3239 2159 3516 2213 secundus

447 2247 665 2309 lmbuit,
696 2255 749 2300 et
779 2245 1225 2317 consanguineos
1248 2245 1351 2299 sibi
1386 2246 1555 2299 nectit
1584 2246 1838 2301 alumnos
2156 2247 2285 2301 Jura
2311 2248 2475 2317 capit,
2510 2248 2639 2301 divo
2669 2247 2877 2316 sophiae
2919 2248 3011 2319 qui
3046 2247 3198 2302 fonte
3229 2248 3566 2315 redundans,

443 2335 800 2389 Seductorem
830 2334 1036 2403 abjicit,
1071 2334 1301 2404 primam
1336 2334 1537 2403 pietate
1577 2334 1891 2388 cathedram
2158 2336 2258 2389 Ore
2291 2352 2565 2407 manuque
2594 2336 2707 2389 dati
2733 2351 2931 2389 munus
2952 2335 3299 2408 cognominis
3339 2337 3551 2408 implet,

446 2427 679 2480 Illustrat
707 2426 866 2491 Petri,
898 2426 1131 2497 telisque
1162 2434 1430 2499 expurgat
1460 2432 1701 2496 apertam
1731 2443 1745 2491 ;
2159 2428 2439 2501 Regminis
2466 2435 2520 2481 et
2540 2427 2740 2500 dignus
2772 2427 2921 2501 larga
2952 2426 3201 2481 bonitate
3234 2426 3451 2482 renidet
3479 2445 3491 2481 :

444 2516 619 2569 lmbre
651 2515 967 2569 venenifero
998 2521 1223 2585 turgens
1253 2532 1375 2585 quae
1397 2515 1545 2568 nevit
1572 2516 1840 2580 Arachne,
2160 2520 2487 2577 Mansuetus.
2524 2518 2761 2587 patiens,
2785 2534 2973 2589 pronae.
3004 2517 3229 2572 virtutis
3268 2524 3497 2574 amator.

442 2610 666 2663 Abradit
697 2610 983 2680 reprobos,
1017 2617 1143 2680 apto
1166 2611 1296 2664 colit
1326 2610 1520 2664 ordine
1552 2610 1769 2681 dignos.
2158 2611 2505 2680 Templorum
2533 2615 2746 2679 reparat
2776 2609 2984 2679 lapsus,
3020 2607 3288 2677 dependit
3316 2610 3573 2677 amictus,

439 2703 633 2755 Iunior
672 2702 799 2755 imle
829 2703 932 2756 l.co
963 2703 1121 2756 Graio
1154 2702 1415 2773 Latioque
1444 2702 1631 2771 lepore
2162 2700 2482 2771 Multiplicat
2504 2703 2706 2757 cultus.
2739 2700 2937 2754 attollit
2958 2715 3189 2753 munere
3218 2715 3440 2765 census,

444 2794 649 2857 Cultus,
683 2801 737 2847 et
768 2794 1042 2864 organicis
1077 2801 1330 2847 assuetus
1362 2809 1493 2848 voce
1524 2793 1742 2848 choreis
2162 2790 2408 2845 Caesareo
2439 2790 2637 2845 ﬂorent
2669 2790 2875 2860 pariter
2906 2795 3062 2859 pater
3090 2788 3336 2858 urbsque
3368 2789 3557 2846 favore
3586 2808 3601 2855 ;

444 2884 666 2938 Plebem
699 2885 765 2937 ad
797 2885 942 2937 celsa
973 2893 1151 2951 vocat,
1185 2901 1448 2939 concessa
1486 2886 1553 2939 ad
1582 2885 1729 2940 lucra
1755 2886 1953 2940 talenta
2162 2886 2329 2956 Signa
2359 2887 2485 2956 polo
2509 2885 2735 2940 rutilant
2776 2884 3041 2956 Bebiique
3065 2885 3323 2941 incendia
3337 2886 3605 2959 flagrant;

445 2973 682 3047 Spargit,
716 2973 897 3044 largus
935 2973 1118 3043 inops,
1152 2973 1492 3044 inopumque
1521 2972 1798 3044 piissimus
1828 2973 1983 3029 altor.
2166 2975 2370 3030 Mactus
2413 2976 2619 3031 honore
2659 2990 2816 3029 sacer
2843 2974 2997 3049 regni
3030 2974 3247 3051 fastigia
3276 2983 3480 3047 captat.

1950 3132 2158 3189 CAPUT
2208 3135 2274 3189 II.

1462 3258 1539 3317 De
1577 3257 1791 3334 quinto
1820 3258 2075 3333 Joanne,
2114 3259 2352 3320 Conone
2393 3277 2462 3319 ac
2502 3266 2745 3321 caeteris.

443 3393 625 3462 Stirpe
658 3393 789 3463 Syra
820 3393 1073 3458 veniens,
1107 3393 1332 3465 quintus
1364 3394 1606 3449 Romana
1642 3395 1884 3450 Joannes
2092 3402 2137 3467 Β
2164 3396 2417 3451 Clancula
2444 3412 2608 3467 quem
2641 3405 2764 3468 post
2791 3397 3040 3472 auguria,
3073 3407 3128 3453 et
3157 3398 3469 3454 cantamina
3497 3399 3719 3455 tollunt.

444 3485 693 3541 Culmina
717 3486 963 3552 sortitur,
989 3486 1267 3558 generalis
1296 3486 1506 3541 findere
1536 3487 1647 3541 voti
2162 3487 2364 3543 Prtesul
2392 3488 2460 3541 ab
2492 3488 2711 3558 incepta
2748 3489 2945 3543 studiis
2984 3490 3077 3562 qui
3110 3498 3360 3545 creverat
3390 3490 3523 3545 altis

444 3576 713 3629 Strenuus
730 3576 1013 3641 etdoctus,
1049 3577 1335 3631 moderata
1358 3582 1411 3629 et
1450 3586 1634 3631 mente
1666 3592 1912 3637 serenus,
2162 3571 2300 3628 Cleri
2338 3576 2552 3641 militia,
2584 3576 2958 3651 gradibusque
2988 3578 3055 3633 ad
3087 3594 3301 3634 summa
3325 3586 3551 3634 vocatus

444 3666 655 3737 Quique
686 3666 833 3720 vices
863 3666 1031 3729 sedis,
1065 3666 1289 3731 (ἰαθεὶς,
1320 3664 1588 3720 libaverat
1629 3667 1808 3735 hujus,
2162 3664 2436 3729 Subierat,
2465 3669 2719 3738 votisque
2748 3668 2963 3739 piorum
3003 3670 3071 3724 ad
3099 3669 3317 3745 singula
3349 3669 3484 3725 fusis

444 3759 686 3815 Concilio
718 3768 929 3830 patrum
965 3760 1170 3829 pietate
1195 3760 1481 3831 jugaverat
1510 3760 1696 3823 urbes,
2161 3756 2396 3831 Pignora
2424 3757 2711 3825 floruerat,
2744 3760 2944 3815 virtute
2976 3770 3031 3816 et
3060 3762 3305 3815 culmine
3336 3762 3494 3817 ﬂoret
3523 3781 3538 3827 ;

443 3853 579 3906 Pace
609 3851 744 3906 nitet
774 3852 962 3921 patriae
989 3868 1001 3904 :
1034 3850 1227 3922 priscis
1257 3850 1386 3905 dum
1411 3850 1612 3921 punica
1636 3867 1805 3925 regna
2163 3845 2269 3900 Nec
2296 3846 2441 3901 cedit
2460 3850 2709 3919 sceptris,
2744 3850 3012 3918 necjussa
3043 3849 3275 3921 profana
3301 3859 3543 3906 veretur.

444 3946 769 4001 Reddantur
806 3945 1089 4011 Dominus,
1115 3951 1307 4017 gentes
1336 3944 1440 3998 sub
1467 3960 1602 4015 pace
1626 3945 1900 4013 residunt,

1822 3954 1900 4013 ω’
2163 3935 2424 3991 lmmotus
2453 3945 2720 4007 perstans,
2751 3938 2949 3992 abduci
2978 3938 3390 4006 sedejubetur;

445 4037 753 4090 Firmantur
781 4040 990 4089 sacrata
1023 4040 1235 4104 patrum
1278 4033 1526 4088 consulta
1559 4035 1803 4105 priorum
1830 4054 1844 4100 ;

2161 4028 2223 4080 At
2254 4026 2396 4081 Petri
2419 4028 2624 4083 auxilio
2666 4029 2901 4098 pollens,
2931 4036 2987 4083 et
3016 4045 3202 4084 amore
3234 4029 3523 4095 Quiritum,

444 4129 767 4183 Sanctorum
794 4132 985 4180 turmae
1012 4126 1257 4180 solantur
1279 4142 1505 4180 munere
1530 4125 1642 4181 dite
1672 4144 1686 4193 ς
2160 4117 2417 4171 Servatur
2444 4119 2740 4184 cathedrae,
2772 4128 3065 4190 servatque
3093 4120 3345 4174 satellitis
3374 4121 3551 4176 hostis

442 4220 723 4276 Scinditur
751 4218 1002 4289 exemplo
1031 4219 1133 4274 hoc
1155 4224 1329 4273 cretus
1344 4218 1560 4273 diversa
1588 4225 1892 4291 potentum.
2163 4208 2435 4279 Propitius
2462 4210 2651 4276 vitam,
2686 4210 2906 4281 probris
2928 4210 3021 4282 qui
3056 4211 3279 4281 pellitur
3306 4212 3475 4267 urbe:

445 4311 550 4365 Nec
581 4309 719 4379 parti
743 4324 867 4379 pars
895 4308 1242 4379 obsequitur,
1275 4324 1379 4363 nec
1409 4308 1556 4362 bella
1581 4308 1878 4372 facessunt,
2164 4296 2273 4351 “ex
2301 4297 2467 4351 etiam
2497 4314 2689 4372 regno,
2733 4300 2823 4370 pia
2856 4299 3014 4369 PIBPS
3045 4299 3120 4354 ita
3153 4316 3285 4370 Pace
3308 4300 3533 4370 ΡοῐίῖιιΓ-

446 4403 627 4456 Donec
653 4401 962 4475 angelicum
989 4399 1122 4456 οιθιιί
1148 4401 1368 4456 decreta
1390 4401 1669 4457 Cononem
2161 4386 2383 4441 Munera
2411 4387 2534 4441 diva
2564 4388 2743 4442 crucis
2772 4389 3003 4443 secretis
3032 4388 3219 4444 abdita
3253 4390 3428 4445 thecis

444 4491 725 4555 Attollunt,
759 4496 1063 4561 aptantque
1083 4490 1260 4544 virum
1289 4507 1389 4560 per
1416 4497 1612 4546 cuncta
1639 4492 1950 4562 probatum,
2164 4478 2295 4532 Huic
2330 4479 2559 4534 Domino
2600 4488 2882 4553 retegente
2923 4487 3131 4552 patent,
3171 4489 3513 4537 venerantur
3553 4484 3797 4557 honore,

446 4580 770 4656 Belligionis
790 4595 929 4649 opus
960 4577 1206 4649 perfecto
1237 4580 1404 4633 corde
1435 4590 1704 4635 secutum,
2161 4568 2367 4622 Deinde
2399 4569 2490 4639 pio
2519 4569 2803 4641 sacrisque
2836 4569 3094 4625 coluntur
3122 4577 3371 4641 tempore
3406 4570 3536 4626 ﬁxo.

447 4674 597 4728 [licet
631 4673 684 4726 in
713 4672 929 4727 laudem
962 4671 1121 4726 istius
1152 4688 1274 4725 cum
1306 4671 1471 4742 plebe
1501 4672 1737 4736 Quirites
2164 4657 2257 4712 Hic
2287 4664 2442 4728 pater
2466 4658 2712 4732 insignes
2741 4666 2968 4714 renovat
2998 4659 3300 4731 conditque
3328 4660 3550 4715 decoris

447 4767 580 4819 Dum
613 4771 813 4819 coeunt
835 4764 1021 4836 digne,
1055 4763 1270 4819 scandit
1293 4763 1549 4817 sublimia
1576 4763 1778 4838 dignus
2162 4755 2375 4829 Egregii
2401 4755 2657 4819 fabricas,
2688 4771 2966 4809 sacrorum
3002 4756 3234 4826 ρθτοοιίι
3266 4755 3433 4822 Rides.

447 4856 613 4928 Regia
643 4857 791 4922 dona
823 4856 946 4925 pius
972 4862 1136 4925 caput
1157 4855 1490 4928 Augustique
1513 4854 1776 4919 favorem,
2082 4868 2131 4933 ρ
2161 4847 2346 4901 Cultus
2370 4846 2621 4901 instituit.
2655 4847 2893 4916 pretiosa
2922 4847 3149 4902 monilia
3172 4847 3352 4912 cudit;

447 4950 506 5002 Et
536 4949 916 5021 licelmgroms
943 4946 1190 5003 cmlestia
1208 4946 1394 5001 munia
1419 4954 1627 5002 tractat,
2062 4972 2067 4976 -
2160 4938 2292 4993 Ossa
2323 4939 2491 5009 patris
2519 4939 2760 4993 monitus
2792 4938 2931 4992 levat
2962 4937 3275 5008 attollitque
3310 4936 3529 5004 Leonis,

446 5039 558 5093 Nee
588 5038 814 5113 longum
856 5037 1089 5092 emerito
1117 5036 1338 5107 requies
1366 5036 1562 5091 collata
1592 5036 1790 5097 labori,
2162 5032 2398 5101 Apparat
2429 5038 2651 5085 ornatus
2681 5030 2898 5105 dignos,
2942 5029 3054 5105 agit
3084 5030 3280 5085 ordine
3313 5030 3448 5084 ritus
3477 5047 3492 5094 ;

445 5130 606 5185 Plebs
633 5129 831 5183 iterum
861 5128 917 5181 in
943 5126 1054 5182 duo
1076 5125 1357 5189 dividitur,
1393 5126 1744 5198 necjungere
1774 5125 1992 5179 dextras
2164 5124 3170 5197 Multiplicatqueprecescumulatque
3187 5130 3241 5178 et
3266 5123 3502 5179 destinat
3522 5124 3778 5195 hymnos.

444 5221 685 5277 Diversis
720 5218 865 5291 potis
891 5226 994 5282 est,
1028 5218 1227 5285 donec,
1259 5218 1553 5273 miserante
1570 5233 1813 5290 superno
2165 5220 2383 5274 Erratus
2405 5220 2776 5291 Aquileiensis
2807 5218 3127 5274 discrimina
3158 5217 3339 5288 plebis

444 5309 699 5377 Numine,
733 5308 1040 5383 praaligitur
1065 5305 1270 5361 sedatis
1300 5306 1524 5379 Sergius
1548 5308 1733 5372 armis,
2168 5310 2425 5380 Corrigit;
2451 5309 2705 5376 absolvit,
2746 5314 2920 5373 sanat,
2945 5306 3211 5378 disponit,
3241 5306 3469 5371 adunat,

445 5401 657 5476 Litigiis
685 5400 862 5455 divisa
890 5407 1073 5455 tamen
1104 5398 1192 5454 cui
1220 5405 1345 5454 vota
1373 5399 1598 5465 relictis,
2167 5398 2532 5469 Paciﬁcatque
2562 5413 2781 5473 greges,
2822 5396 3029 5467 unique
3070 5394 3285 5450 reducit
3313 5394 3467 5461 ovili,

445 5490 605 5545 Solus
633 5489 728 5561 qui
761 5488 956 5561 rigida,
996 5504 1060 5544 ac
1087 5496 1310 5543 versuta
1327 5494 1513 5543 mente
1535 5488 1779 5543 renitens
2163 5493 2430 5562 Supremo
2461 5491 2563 5546 fert
2584 5492 2787 5562 pastori
2818 5497 3117 5562 pastorque
3135 5487 3352 5542 renidet

447 5581 670 5638 Insidiis
694 5583 901 5648 nocuit,
930 5581 1113 5637 furtim
1147 5580 1435 5650 dispendia
1458 5579 1632 5647 tinxit,
2167 5578 2527 5648 Conspicuus,
2560 5580 2845 5650 doctisque
2870 5578 3037 5633 urbes
3067 5575 3381 5648 pastoribus
3410 5584 3591 5635 ornat.

448 5672 516 5725 Se
537 5671 704 5724 miser
734 5670 948 5737 evertit,
977 5669 1172 5740 quavis
1191 5685 1250 5722 se
1270 5668 1460 5724 fraude
1492 5671 1714 5745 subegit
