3972 6208
455 291 547 343 71H

816 427 924 479 .\II.
954 459 1018 465 —
1049 431 1118 479 De
1147 433 1331 478 sancta
1357 428 1650 480 ('h-ristiua.

819 499 955 551 XIII.
994 529 1056 535 —
1083 501 1151 550 De
1180 504 1362 550 sancto
1393 499 1693 550 Ambrosio.

805 569 911 620 XIV
967 599 1029 607 -—-
1067 572 1136 621 Dc
1167 572 1369 622 sanctis
1403 572 1656 622 (z'cruasio
1687 575 1734 621 et
1766 572 2063 624 l’rothusio.

807 640 910 692 XV.
941 673 998 677 ---
1035 643 1106 692 De
1139 641 1430 692 virtutibus
1477 643 1646 692 mucti
1677 642 1976 694 Ambrosii.

1205 289 1570 344 FLODUARDI
1615 290 1915 344 CAIVONICI
1960 292 2284 346 llEMENSlS
2327 295 2662 349 OPIISCUA
2705 295 3012 350 METRICA.
3695 304 3727 354 ’ἴ

812 711 938 765 ΧΗ.
962 741 1026 748 —-
1053 714 1121 763 Dc
1153 716 1353 763 sanctis
1385 714 1620 765 Nazuriu
1652 719 1697 761 et
1728 713 1890 777 t'ctso,
1931 714 2100 766 Vitali
2124 720 2171 766 ct
2202 716 2479 780 Agricola,

813 782 968 834 XVII.
1006 813 1064 820 —
1097 785 1169 835 De
1200 785 1438 834 transitu
1573 783 1855 835 Ambrosii.

813 853 967 907 XVIII
1020 884 1087 892 —-—
1119 857 1192 906 In:
1221 860 1402 906 sancto
1435 854 1756 906 Columbano

813 925 940 976 XIX.
968 956 1030 963 ——
1069 928 1136 976 Dc
1167 930 1348 976 sancto
1378 927 1588 977 Atta/cl.

814 996 916 1048 ΧΧ.
938 1028 1004 1034 -
1028 999 1098 1048 In
1120 1000 1320 1047 sanctis
1354 997 1595 1060 Iit-rtul/‘o
1627 1000 1672 1046 rt
1705 998 1973 1048 Eustasio.

813 1068 937 1118 XXI.
967 1099 1024 1104 —
1067 1071 1134 1119 De
1165 1070 1362 1118 sanctis
1396 1068 1680 1132 ltlt'tlutp/m
1710 1071 1756 1117 et
1780 1069 2013 1121 Meroveo
2037 1069 2310 1120 monacho.

815 1138 964 1189 XXII.
1001 1169 1063 1174 ——
1110 1140 1177 1189 De
1203 1138 1544 1202 Itaurtugurio
1567 1142 1614 1189 (rt
1644 1140 1844 1189 4-;cteris
1875 1139 2200 1206 quibusdam
2221 1144 2421 1193 sanctis
2454 1144 2747 1195 monachis.

1315 1341 1757 1428 INCIPIT
1836 1343 2176 1426 LIBER
2229 1343 2905 1431 UNDECIMUS

1855 1515 2059 1569 CAPUT
2108 1515 2390 1571 PRIMUM.

1230 1649 1303 1705 De
1355 1653 1578 1707 sanctis
1624 1649 1960 1723 Agathone,
2021 1645 2210 1707 Leone
2253 1658 2304 1706 et
2336 1649 2642 1708 Benedicto
2693 1650 2998 1728 episcopis.

455 1786 585 1838 Hinc.
619 1785 724 1836 lu-ti
754 1783 1303 1854 surguntAgathonis
1338 1793 1581 1851 tempora
1616 1784 1804 1852 patris,

453 1874 634 1926 MU‘Sttl
679 1872 898 1942 quidem
944 1872 1174 1924 i'llU‘lICS
1209 1872 1412 1940 pallore
1450 1871 1714 1941 obituque
1773 1872 2058 1934 Quiritum.

454 1966 590 2018 Lecta
614 1965 710 2017 sed
745 1964 996 2016 Ecclesia:
1030 1980 1161 2032 pace
1203 1963 1530 2033 ahjectuque
1565 1962 1820 2016 ferorum.

455 2055 585 2107 Dum
624 2071 780 2126 reges
813 2061 1100 2123 patresque
1132 2053 1270 2105 I’etri
1302 2054 1575 2106 consortia
1600 2054 1748 2106 sedis

456 2149 784 2217 Exposcunt,
820 2147 1059 2198 hilarans
1090 2146 1282 2218 legatis
1317 2146 1483 2200 Itonia
1503 2163 1746 2201 sororem

456 2240 674 2301 lnihuit,
705 2249 758 2292 et
788 2238 1233 2308 consanguineos
1257 2238 1359 2292 sibi
1395 2240 1561 2292 nectit
1593 2240 1846 2294 alumnos

451 2329 808 2381 Seductorem
839 2327 1044 2395 objicit,
1080 2327 1309 2396 primam
1345 2327 1545 2397 pietate
1585 2328 1898 2381 cathedram

454 2420 686 2472 Illustrat
717 2419 874 2482 I’etri,
906 2419 1139 2489 telisque
1171 2428 1436 2491 expurgat
1469 2426 1708 2488 apertam
1740 2437 1753 2483 ;

453 2509 627 2561 lmhre
659 2508 975 2561 venenifero
1007 2515 1231 2578 turgens
1262 2525 1382 2578 qua:
1406 2509 1552 2561 nevit
1579 2509 1848 2573 Arachne,

452 2603 673 2656 Abradit
706 2603 991 2672 reprobos,
1025 2611 1152 2673 apto
1175 2604 1303 2656 colit
1335 2604 1528 2657 ordine
1560 2603 1776 2674 dignos.

447 2696 641 2747 .Iunior
681 2695 807 2747 inde
837 2696 940 2748 Leo
972 2696 1128 2748 Graio
1163 2696 1422 2766 Latioque
1453 2697 1640 2764 lepore

453 2787 657 2849 Cultus,
692 2794 745 2838 et
777 2788 1051 2856 organicis
1086 2795 1338 2840 assuetus
1371 2803 1501 2841 voce
1533 2787 1750 2841 choreis

455 2877 674 2929 Plebem
708 2878 773 2930 ad
806 2878 950 2930 celsa
982 2887 1159 2943 vocat,
1194 2894 1455 2932 concessa
1495 2880 1560 2932 ad
1591 2879 1738 2933 lucra
1764 2880 1961 2933 talenta

453 2966 690 3038 Spargit,
725 2965 906 3036 largus
945 2967 1126 3036 ineps,
1162 2966 1500 3037 inepumque
1530 2966 1806 3037 piissimus
1837 2967 1991 3022 altor.

2097 1793 2132 1853 ,χ
2167 1785 2342 1836 Sexta:
2370 1784 2500 1836 scita
2533 1785 2723 1852 prohat
2751 1786 2968 1854 synodi,
2999 1787 3333 1857 damnatque
3369 1787 3630 1857 rebelles,

2166 1871 2450 1938 Suhjectos
2482 1872 2706 1932 refovet,
2741 1873 2888 1924 sedis
2922 1873 3008 1942 pia
3035 1874 3157 1938 jura
3189 1881 3452 1944 receptat,

2151 1963 2332 2038 ‘I’aulo
2377 1964 2574 2032 templa
2606 1965 2770 2028 dicat,
2805 1965 2966 2017 donis
2997 1974 3050 2017 et
3077 1965 3318 2018 cultibus
3359 1975 3540 2034 ornat,

2169 2057 2475 2128 Deliquium
2510 2057 2649 2110 luna,-
2678 2057 2927 2126 sequitur
2966 2058 3214 2112 decessio
3251 2075 3428 2128 pzipan

2171 2153 2471 2206 Instructus
2501 2152 2670 2204 sacris
2715 2151 3042 2205 Benedictus
3071 2169 3224 2206 sacra
3247 2154 3524 2207 secundus

2165 2241 2291 2294 Jura
2320 2242 2483 2310 capit,
2520 2242 2646 2294 divo
2678 2242 2886 2310 sophiae
2928 2243 3019 2312 qui
3056 2241 3206 2295 fonte
3239 2243 3575 2310 redundans,

2167 2330 2266 2383 Ore
2301 2347 2574 2400 manuque.
2603 2330 2714 2382 (lati
2743 2346 2940 2383 munus
2962 2329 3307 2401 cognominis
3348 2331 3560 2402 implet,

2167 2423 2447 2493 [tegminis
2475 2430 2528 2475 et
2549 2421 2748 2494 dignus
2781 2421 2929 2494 larga
2961 2421 3209 2474 bonitate
3244 2421 3458 2475 renidet
3488 2441 3499 2475 :

2169 2514 2495 2570 Mansuetus,
2533 2513 2769 2581 patiens,
2794 2529 2981 2582 prona:
3015 2512 3236 2565 virtutis
3277 2520 3504 2568 amator.

2167 2605 2513 2674 Templorum
2541 2610 2754 2672 reparat
2785 2604 2992 2672 lapsus,
3029 2602 3295 2671 dependit
3325 2605 3582 2670 amictus,

2172 2695 2489 2765 Mulliplicat
2514 2697 2714 2750 cultus.
2748 2695 2945 2748 attollit
2967 2710 3197 2747 munere
3227 2709 3448 2758 census,

2171 2784 2416 2838 Caesareo
2449 2784 2644 2838 florent
2678 2785 2883 2854 pariter
2916 2790 3070 2853 pater
3099 2783 3343 2852 urbsque
3377 2785 3564 2840 favore
3597 2804 3611 2850 ;

2170 2880 2336 2948 Signa
2368 2881 2493 2950 polo
2517 2880 2742 2934 rutilant
2785 2879 3049 2950 Bebiique
3074 2880 3615 2953 incendiallagrant;

2175 2969 2378 3022 Mactus
2421 2971 2626 3024 honore
2668 2985 2824 3023 sacer
2852 2969 3004 3043 regni
3040 2969 3255 3044 fastigia
3285 2979 3488 3040 captat.

1959 3127 2165 3181 CAPUT
2218 3129 2282 3182 II.

1472 3252 1547 3309 De
1586 3250 1799 3326 quinto
1829 3251 2083 3325 Joanne,
2123 3253 2360 3313 Conone
2402 3272 2470 3312 ac
2511 3261 2753 3314 ueteris.

451 3386 633 3454 Stirpe
667 3386 797 3455 Syra
829 3385 1081 3449 veniens,
1116 3385 1340 3456 quintus
1373 3386 1614 3441 Romana
1651 3388 1891 3442 Joannes

452 3478 699 3532 Culmina
725 3479 971 3545 sortitur,
997 3479 1274 3550 generalis
1304 3479 1513 3534 ΓαδάρΓο
1544 3481 1654 3534 voti

452 3569 720 3622 Strenuus
738 3569 1021 3633 etdoctus,
1058 3569 1342 3623 moderata
1366 3576 1418 3621 et
1457 3580 1640 3623 mente
1674 3586 1920 3630 serenus,

452 3659 663 3729 Quique
695 3659 840 3713 vices
871 3659 1038 3720 sedis,
1073 3659 1296 3722 Grzecis,
1328 3658 1596 3712 libaverat
1638 3661 1815 3727 hujus,

451 3752 693 3807 Concilio
726 3761 936 3822 patrum
971 3753 1176 3821 pietate
1203 3752 1488 3823 jugaverat
1518 3753 1703 3816 urbes,

453 3846 586 3898 Pace
617 3844 751 3898 nitet
783 3844 969 3913 patrne
997 3861 1008 3896 :
1043 3844 1234 3914 priscis
1265 3843 1393 3896 dum
1419 3845 1620 3912 punica
1644 3861 1813 3917 regna

452 3939 776 3993 Redduntur
813 3937 1096 4003 Dominus,
1122 3944 1315 4008 gentes
1345 3937 1447 3990 sub
1476 3954 1610 4007 pace
1633 3939 1907 4004 residunt,

453 4029 760 4082 Firmantur
789 4033 997 4081 sacrata
1029 4033 1242 4096 patrum
1286 4027 1533 4080 consulta
1567 4027 1809 4096 priorum
1838 4047 1851 4093 ;

452 4121 772 4174 Sanctorum
802 4126 991 4172 turmze
1020 4118 1265 4172 solantur
1287 4134 1512 4172 munere
1538 4119 1650 4173 dite
1680 4137 1694 4184 ;

450 4212 730 4266 Scinditur
759 4211 1008 4281 exemplo
1039 4212 1140 4266 hoc
1163 4210 1567 4265 cmtusdiversa
1596 4219 1899 4282 potentum.

453 4304 557 4356 Nec
588 4302 725 4372 parti
750 4317 874 4371 pars
902 4301 1249 4371 obsequitur,
1282 4317 1386 4355 nec
1417 4300 1562 4355 bella
1589 4300 1884 4364 facessunt,

453 4395 634 4448 Donec
660 4393 968 4466 angelicum
997 4393 1127 4448 cleri
1155 4394 1376 4448 decreta
1397 4394 1675 4448 Cononem

451 4484 732 4547 Attollunt,
766 4489 1069 4552 Optantque
1091 4483 1266 4536 virum
1295 4500 1396 4553 per
1424 4491 1618 4538 cuncta
1647 4485 1956 4554 probatum,

454 4573 776 4647 Relligionis
797 4588 935 4641 Opus
966 4571 1212 4642 perfecto
1245 4573 1410 4626 corde
1442 4583 1710 4626 secutum.

455 4666 604 4719 Ilicet
639 4665 690 4718 in
720 4665 936 4719 laudem
970 4664 1128 4718 istius
1159 4680 1281 4718 cum
1315 4665 1478 4734 plebe
1509 4666 1744 4728 Quirites

454 4759 586 4810 Dum
620 4764 818 4810 coeunt
842 4756 1028 4828 digne,
1062 4757 1276 4811 scandit
1300 4756 1556 4810 sublimia
1584 4757 1784 4830 dignus

455 4849 618 4920 Regia
651 4849 797 4914 dona
829 4849 952 4917 pius
979 4856 1142 4917 caput
1163 4847 1497 4921 Augustique
1521 4847 1782 4910 favorem,

454 4941 513 4994 Et
544 4941 923 5014 licetzegrotus
950 4939 1196 4994 coelestia
1215 4939 1400 4992 munia
1427 4946 1634 4994 tractat.

455 5031 564 5084 Nec
594 5031 821 5104 longum
863 5030 1094 5084 emerito
1125 5029 1344 5100 requies
1373 5029 1568 5084 collata
1600 5029 1797 5090 labori,

452 5122 612 5176 Plebs
641 5121 837 5175 iterum
868 5121 922 5173 in
951 5119 1060 5174 duo
1082 5119 1363 5181 dividitur,
1400 5119 1750 5189 necjungerc
1781 5117 1997 5171 dextras

452 5213 691 5267 Diversis
727 5211 871 5283 potis
898 5218 1000 5274 est,
1035 5211 1233 5277 donec,
1264 5211 1559 5266 miserante
1577 5227 1819 5282 superno

452 5300 706 5366 Numine,
741 5299 1046 5373 praeligitur
1072 5299 1275 5353 sedatis
1306 5299 1530 5372 Sergius
1554 5301 1740 5363 armis,

453 5390 664 5463 Litigiis
693 5391 869 5444 divisa
899 5398 1079 5445 tamen
1111 5390 1198 5444 cui
1226 5397 1349 5446 vota
1378 5392 1604 5456 relictis,

452 5479 613 5532 Solus
642 5479 735 5548 qui
768 5479 962 5550 rigida,
1004 5495 1066 5533 ac
1095 5488 1315 5534 versuta
1335 5487 1519 5535 mente
1542 5480 1786 5534 renitens

454 5567 678 5621 Insidiis
703 5571 908 5633 nocuit,
940 5570 1120 5623 furtim
1154 5571 1440 5639 dispendia
1465 5572 1639 5636 finxit,

451 5659 522 5709 Se
546 5654 712 5708 miser
742 5657 956 5723 evertit,
986 5657 1177 5726 quavis
1197 5673 1256 5712 se
1278 5659 1466 5717 fraude
1499 5662 1722 5734 subegit

2101 3396 2144 3459 Β
2172 3390 2423 3444 Clancula
2453 3407 2616 3461 quem
2650 3399 2770 3460 post
2799 3393 3048 3465 auguria,
3082 3402 3136 3447 et
3165 3393 3476 3447 cantamina
3506 3394 3726 3449 tollunt.

2172 3481 2371 3536 Prmsul
2401 3482 2467 3533 ab
2499 3481 2718 3551 incepta
2757 3483 2952 3537 studiis
2993 3484 3084 3555 qui
3118 3493 3366 3538 creverat
3398 3485 3530 3538 altis

2170 3565 2306 3620 Cleri
2347 3570 2560 3634 militia,
2593 3571 2966 3644 gradibusque
2995 3572 3062 3626 ad
3094 3589 3308 3627 summa
3333 3580 3559 3628 vocatus

2171 3658 2444 3723 Subierat,
2474 3663 2726 3732 votisque
2757 3662 2969 3732 piorum
3011 3664 3078 3718 ad
3107 3663 3323 3738 singula
3356 3663 3492 3718 fusis

2170 3750 2403 3822 Pignora
2432 3751 2718 3818 ﬂoruerat,
2752 3754 2952 3808 virtute
2984 3763 3038 3810 et
3069 3756 3311 3808 culmine
3343 3756 3502 3810 floret
3532 3775 3546 3818 ;

2171 3839 2276 3893 Nec
2303 3840 2447 3894 cedit
2469 3844 2717 3912 sceptris,
2752 3844 3019 3911 necjussa
3051 3843 3282 3914 profana
3308 3853 3552 3899 veretur.

2171 3929 2432 3983 Immotus
2461 3940 2728 4000 perstans,
2759 3932 2955 3985 abduci
2987 3933 3398 4000 sedejubetur;

2169 4021 2229 4072 At
2262 4020 2402 4074 Petri
2427 4022 2631 4076 auxilio
2675 4023 2908 4091 pollens,
2939 4031 2994 4076 et
3023 4039 3208 4078 amore
3241 4023 3533 4089 Quiritum,

2168 4111 2424 4164 Servatur
2452 4113 2748 4177 cathedrae,
2781 4122 3071 4184 servatque
3101 4115 3352 4167 satellitis
3384 4116 3560 4170 hostis

2171 4201 2442 4272 I’rOpitius
2470 4204 2658 4269 vitam,
2694 4204 2913 4274 probris
2935 4205 3028 4276 qui
3063 4205 3285 4274 pellitur
3313 4207 3484 4260 urbe:

2171 4289 2279 4344 [lex
2309 4291 2473 4344 etiam
2505 4309 2696 4365 regno,
2740 4294 2831 4363 pia
2864 4293 3021 4362 plebs
3054 4293 3126 4347 ita
3161 4311 3290 4364 pace
3316 4295 3542 4364 potitur.

2169 4379 2389 4433 Munera
2419 4381 2540 4433 diva
2571 4382 2749 4435 crucis
2779 4384 3010 4436 secretis
3040 4383 3226 4437 abdita
3261 4385 3435 4439 thecis

2171 4471 2301 4524 lIuic
2337 4473 2566 4527 Domino
2609 4483 2888 4544 retegente
2931 4482 3137 4545 patent,
3180 4484 3521 4531 venerantur
3563 4479 3802 4549 honore,

2169 4561 2374 4614 Deinde
2407 4563 2497 4632 pio
2527 4563 2809 4634 sacrisque
2843 4563 3101 4618 coluntur
3131 4571 3378 4634 tempore
3415 4565 3544 4620 fixo.

2171 4651 2263 4704 llic
2295 4658 2448 4721 pater
2473 4652 2718 4724 insignes
2749 4661 2974 4707 renovat
3005 4653 3306 4724 conditque
3335 4655 3559 4709 decoris

2169 4748 2382 4821 Egrein
2408 4749 2663 4811 fabricas,
2696 4765 2973 4803 sacrorum
3009 4750 3241 4818 percolit
3274 4750 3440 4816 aades,

2089 4861 2137 4925 (ί
2168 4841 2352 4895 Cultus
2376 4840 2628 4894 instituit.
2662 4841 2898 4910 pretiosa
2930 4841 3155 4894 monilia
3180 4841 3358 4904 cudit;

2167 4932 2297 4986 Ossa
2331 4932 2497 5000 patris
2526 4933 2766 4986 monitus
2800 4932 2938 4984 levat
2969 4932 3282 5001 attollitque
3316 4931 3536 4999 Leonis,

2169 5027 2404 5094 Apparat
2435 5031 2658 5078 ornatus
2688 5024 2905 5097 dignos,
2949 5023 3061 5096 agit
3092 5024 3286 5078 ordine
3320 5024 3455 5077 ritus
3486 5042 3500 5087 ;

3731 305 3796 356 9'2

2171 5120 2600 5190 Multiplicatque
2617 5136 2809 5190 preces
2823 5117 3176 5188 cumulatque
3195 5125 3247 5171 et
3273 5117 3509 5172 destinat
3531 5119 3786 5190 hymnos.

2171 5213 2389 5266 Erratus
2411 5213 2782 5284 Aquileiensis
2813 5211 3133 5266 discrimina
3165 5211 3346 5280 plebis

2173 5303 2431 5373 Corrigit;
2458 5303 2711 5369 absolvit,
2753 5308 2926 5367 sanat,
2951 5299 3218 5370 disponit,
3249 5301 3476 5364 adunat,

2175 5391 2538 5462 Pacificatque
2569 5407 2786 5466 greges,
2829 5389 3034 5459 unique
3077 5387 3291 5443 reducit
3321 5388 3474 5455 ovili,

2169 5487 2437 5555 Supremo
2469 5485 2569 5539 fert
2591 5485 2792 5554 pastori
2825 5490 3122 5554 pastorque
3140 5481 3359 5535 renidet

2173 5573 2532 5642 Conspicuus,
2566 5573 2850 5642 doctisque
2877 5570 3042 5625 urbes
3075 5569 3388 5640 pastoribus
3419 5582 3602 5630 ornat.
