3972 6208
441 254 545 306 795

437 373 572 426 Dum
603 372 751 443 cogit
781 372 1016 441 pr0priis
1045 372 1287 426 Tiberim
1329 391 1388 426 se
1422 375 1652 428 reddere
1686 377 1867 430 metis.

512 468 802 536 lncrepitat
832 468 1057 530 Bardos,
1088 468 1198 520 fera
1223 477 1443 538 pectora
1472 486 1700 524 munere
1727 481 1781 525 et
1810 488 1905 526 ore

440 561 787 624 Demulcens,
821 561 983 614 miles
1011 563 1354 616 consultibus
1381 572 1433 616 et
1464 581 1625 634 prece
1648 582 1872 619 servans

441 656 660 718 lmbuit,
685 654 920 709 aedificat
953 671 966 719 ;
1003 656 1276 726 hujusque
1299 673 1468 726 epera
1499 667 1624 728 apta
1647 659 1709 692 “7
1744 668 2046 729 receptant.

439 749 819 817 Surreptorum
851 747 1029 801 aufert
1057 750 1312 818 Opus”;
1344 748 1487 802 fraus
1512 749 1699 804 fraude
1728 751 1957 806 labascit

511 845 774 898 Externos
805 844 967 898 etiam
1002 845 1316 900 benedictio
1349 847 1455 900 lata
1487 848 1551 880 “9
1589 847 1899 918 triumphos

437 932 793 986 Concelebrat
823 948 1000 1003 papae,
1034 932 1269 988 victores
1295 934 1529 1007 spongia
1560 935 1626 968 ¹⁵⁰
1665 935 1902 990 Francos

436 1025 569 1079 Dum
595 1025 834 1078 reddens
867 1025 1238 1097 Agarenorum
1271 1032 1477 1080 tutatur
1505 1027 1573 1079 ab
1602 1026 1787 1093 armis,

439 1115 740 1186 Participes
761 1115 890 1170 ferri
923 1132 1103 1187 neque
1135 1116 1296 1170 laesos
1326 1117 1550 1171 vulnere
1567 1124 1797 1183 tantum,

440 1207 728 1261 Prostratis
759 1207 852 1260 tali
884 1208 1068 1261 vacuis
1099 1224 1197 1278 pro
1230 1208 1471 1279 tegmine
1494 1209 1706 1279 paucis,

513 1297 1049 1367 Constantinopolim
1086 1297 1247 1370 longa
1275 1297 1570 1352 obsidione
1597 1307 1872 1370 gravatam

442 1386 565 1438 llaac
593 1385 706 1438 fera
735 1384 1017 1439 barbaries
1048 1385 1304 1458 belloque
1337 1386 1590 1458 fameque
1625 1404 1895 1458 repressa,

440 1480 698 1550 lncceptis
725 1479 978 1533 obstante
1012 1479 1121 1533 Deo
1142 1479 1390 1542 confusa,
1424 1480 1664 1551 reliquit.

508 1575 810 1628 Concilium
835 1574 1057 1627 crudele
1091 1575 1248 1634 calet,
1277 1574 1437 1628 dolus
1461 1575 1514 1628 in
1549 1591 1683 1628 nece
1712 1575 1884 1629 Patris
1918 1577 1978 1610 ¹⁶¹

440 1670 692 1732 Cuditur;
729 1669 948 1740 imperii
968 1686 1088 1723 mox
1132 1669 1383 1723 hostibus
1405 1670 1610 1740 oppida
1632 1669 1854 1725 cedunt.

442 1762 691 1815 Proditur
722 1760 996 1832 impietas,
1034 1762 1349 1830 plectuntur
1366 1762 1595 1815 numine
1617 1779 1836 1818 summo

436 1853 756 1923 Participes,
792 1853 1110 1924 laqueisque
1137 1854 1251 1907 suis
1283 1853 1551 1925 foveaque
1581 1863 1768 1923 parata

435 1947 746 2016 Captantur,
778 1947 1073 2018 feritasque
1124 1947 1176 2000 in
1223 1948 1427 2001 vertice
1482 1963 1635 2001 versa
1667 1948 1912 2004 furorum
1943 1957 2045 2004 est.

437 2038 730 2092 Ecclesiam
759 2039 981 2108 spoliari
1012 2039 1212 2108 Opibus
1237 2041 1502 2110 protectio
1536 2055 1690 2109 papae

439 2127 673 2197 lmpedit
707 2145 719 2180 :
757 2127 902 2180 unde
931 2128 1125 2181 iterum
1151 2129 1442 2198 primatum
1476 2129 1666 2184 fraude
1699 2132 1898 2202 petitus

442 2222 1022 2294 Eripitur,Christique
1047 2223 1346 2279 immunem
1361 2226 1549 2280 dextra
1565 2233 1762 2282 tuetur.

509 2313 617 2368 Nec
647 2315 806 2368 toties
839 2313 984 2369 fraus
1018 2316 1160 2370 victa
1188 2317 1314 2371 silet
1347 2336 1360 2374 :
1391 2329 1684 2374 sumuntur
1707 2321 1760 2374 in
1796 2321 1976 2391 ipsum

437 2404 594 2456 Arma
625 2403 818 2469 Deum,
851 2405 1424 2475 decorisquejubetur
1442 2407 1623 2462 lconia
1639 2409 1800 2479 prisci

437 2491 662 2556 Vastari,
704 2511 1034 2566 quacunque
1065 2496 1301 2550 08’notat
1333 2497 1544 2567 pictura
1577 2499 1886 2569 triumphos

437 2582 676 2650 Augusto
705 2582 881 2636 faveat
923 2584 1144 2653 pnesul,
1177 2587 1259 2638 vel
1294 2595 1480 2656 gratus
1511 2603 1699 2642 amore

441 2669 680 2733 Decidat,
715 2673 1087 2745 autgradibus
1117 2674 1374 2744 celsoque
1405 2676 1624 2730 recedat
1648 2678 1876 2731 honore.

437 2759 650 2827 Rejicit,
682 2769 978 2834 expugnat,
1003 2764 1304 2834 temnitque
1337 2765 1565 2834 profana
1596 2767 1875 2832 sacerdos,

440 2851 860 2922 lntrepidusque
890 2861 1074 2906 manet
1103 2852 1445 2908 ferventibus
1473 2855 1715 2926 undique
1745 2856 1885 2910 telis.

442 2947 614 3000 Haeret
641 2948 843 3017 pastori
863 2963 994 3018 grex
1022 2947 1188 3017 impia
1211 2949 1366 3014 jussa
1397 2949 1659 3017 refutans,

442 3038 672 3092 Fortiter
709 3047 763 3092 et
793 3039 900 3092 vita
931 3054 1028 3109 pro
1058 3039 1306 3108 praesulis
1336 3049 1497 3112 atque
1529 3041 1704 3095 salute

445 3131 735 3184 Decertans
768 3148 781 3193 ;
806 3146 960 3185 error
987 3130 1277 3186 damnatur
1302 3150 1316 3197 ;
1351 3148 1559 3202 ponere
1583 3150 1764 3208 regem

441 3219 584 3289 Papa
621 3226 786 3284 vetat,
821 3219 1066 3274 bonitate
1099 3230 1245 3275 ratus
1273 3223 1482 3277 scelera
1514 3225 1764 3296 improba
1795 3227 1953 3282 verti.

439 3307 771 3361 Sternuntur
808 3307 1155 3377 seductores,
1185 3310 1485 3384 abiguntur
1513 3312 1706 3386 iniqui.

437 3399 736 3455 Consilium
765 3400 951 3463 ferale,
985 3402 1467 3459 Deimoderaminc
1496 3422 1710 3461 cassum

438 3487 762 3557 Destruitur,
804 3491 900 3544 sed
933 3489 1121 3546 fraude
1151 3490 1325 3546 ferum
1359 3494 1426 3526 ¹⁵³
1455 3495 1746 3550 clementia
1778 3495 1951 3551 Patris

435 3579 694 3654 Protegit,
725 3589 890 3654 atque
918 3584 1188 3640 sacerdoti
1215 3584 1475 3658 suffragia
1503 3597 1757 3641 crescunt
1787 3605 1802 3652 ;

438 3670 893 3742 Barbaricamque
926 3673 990 3706 ‘5‘
1021 3690 1243 3728 manum
1268 3675 1571 3748 jungitsibi
1587 3675 1757 3731 Roma
1785 3678 2052 3744 sodalem,

436 3759 759 3830 Auxilioque
790 3761 962 3815 Patris
990 3761 1112 3816 vitae
1143 3763 1461 3816 discrimina
1489 3763 1690 3834 prodit.

509 3849 710 3906 Prmsul
741 3860 796 3906 at
823 3851 1080 3926 egregius
1113 3852 1328 3923 potiora
1354 3853 1625 3908 levamina
1663 3871 1944 3926 quaerens,

439 3941 674 4016 Prodiga
703 3943 1041 4013 pauperibus
1067 3944 1294 4017 largitur
1322 3944 1468 4000 dona
1500 3947 1764 4016 patronis,

439 4029 772 4085 Incumbens
791 4030 1070 4101 precibus,
1101 4031 1242 4086 votis
1268 4040 1323 4086 et
1352 4032 1578 4087 sedulus
1605 4033 1834 4089 instans.

436 4126 546 4180 Nec
573 4126 746 4180 durus
779 4125 1010 4197 populo,
1043 4135 1224 4200 grates
1247 4127 1517 4198 dependit
1539 4127 1734 4195 amori,

438 4217 804 4288 Hortaturque
836 4217 942 4288 piis
972 4215 1111 4273 ﬁdos
1143 4218 1439 4289 persistere
1469 4219 1665 4290 coeptis

432 4309 523 4363 Sic
551 4309 680 4376 sibi,
708 4309 787 4363 sic
818 4310 1050 4366 Domino
1076 4310 1330 4365 servabat
1355 4311 1522 4366 corda
1559 4326 1804 4369 suorum.

501 4400 635 4456 Tum
661 4401 908 4457 Sutrinse
947 4403 1059 4459 doli
1091 4412 1309 4475 captum
1340 4421 1438 4474 per
1467 4404 1604 4458 retia
1633 4411 1868 4459 castrum

427 4497 680 4554 Assiduis
707 4515 861 4569 papae
890 4499 1114 4554 monitis
1142 4500 1474 4571 scriptisque
1500 4499 1761 4573 benignis

431 4587 718 4653 Redditur,
741 4595 902 4660 atque
929 4589 1070 4644 Petri
1100 4589 1362 4661 Paulique
1391 4587 1620 4644 offertur
1647 4588 1864 4644 honori.

500 4675 794 4731 Primatum
827 4677 1002 4732 diram
1042 4677 1278 4733 feritatis
1308 4677 1513 4733 foedere
1553 4676 1801 4732 fraudem

432 4771 739 4828 Luciferum
772 4774 838 4808 ¹⁵⁵
857 4775 1110 4846 capimus
1141 4773 1376 4829 ﬂammis
1406 4771 1654 4847 signasse
1674 4780 1943 4827 cometam

433 4863 746 4920 Consultum
781 4866 1003 4921 crudele
1032 4865 1202 4932 subit,
1227 4865 1565 4937 Romamque
1591 4864 1874 4936 ducesque

435 4955 739 5012 Barbariem
761 4957 942 5013 subici
975 4957 1159 5012 manui
1191 4977 1206 5024 ;
1242 4957 1490 5012 tradatur
1519 4956 1726 5030 iniquis

434 5047 638 5114 Justus,
665 5049 722 5105 in
749 5049 1027 5106 insontem
1054 5057 1243 5106 sontes
1271 5056 1591 5126 grassentur
1612 5050 1900 5116 honorem,

1207 255 1570 310 FLODOARDI
1603 257 1908 313 CANONICI
1950 260 2278 315 REMENSIS
2320 260 2653 316 OPUSCULA
2695 261 3000 316 METRICA.

3689 265 3792 320 796

2079 387 2122 449 Α
2153 378 2375 433 Consilii
2407 395 2534 451 pars
2566 379 2841 449 impletur.
2872 380 3256 452 eapiendaque
3287 389 3453 437 restat

2154 469 2342 534 Roma,
2369 485 2525 522 sacer
2545 469 2672 522 dum
2705 485 2764 522 se
2794 469 2969 523 solum
3003 485 3102 538 pro
3131 470 3346 524 civibus
3374 470 3554 532 offert.

2153 561 2523 632 Praesidioque
2557 561 2771 613 haerens
2810 576 3031 630 supero,
3067 577 3257 634 regem
3293 562 3426 631 petit
3459 565 3720 629 hostem,

2153 649 2568 720 Quzerentisque
2598 651 2716 702 neci
2742 649 2870 702 dare
2889 665 2946 702 sc
2977 650 3371 720 couspcctibus
3404 651 3599 719 infert,

2154 743 2322 804 Quem
2357 740 2565 793 Christo
2599 741 2918 795 moderante
2954 742 3060 811 piis
3091 741 3347 797 affatibus
3377 761 3612 818 urgens,

2157 833 2371 886 Emoiiit
2394 832 2506 885 fera
2536 832 2700 885 corda
2719 832 2910 906 vigens
2940 832 3143 902 pietate
3175 833 3419 906 benigna

2153 920 2375 981 Sternit.
2410 928 2463 974 et
2493 921 2728 976 exsultat
2746 921 2980 993 vestigia
3005 938 3159 976 sacra
3200 932 3492 993 tyrannum

2154 1013 2394 1068 Austerze
2425 1012 2601 1083 posito
2630 1013 2830 1068 mentis
2858 1013 3082 1084 petiisse
3115 1022 3328 1069 tumore
3356 1016 3425 1050 ¹⁶⁶
3455 1033 3472 1080 ς

2155 1109 2476 1164 Promisisse
2515 1108 2669 1183 gregi
2703 1109 2777 1163 nil
2808 1125 2866 1162 se
2893 1109 3061 1164 latum
3104 1109 3181 1164 ire
3210 1110 3437 1175 sinistri,

2157 1205 2500 1277 Regalesque
2534 1205 2677 1259 Petri
2710 1206 2890 1259 cultus
2920 1205 3154 1260 cessisse
3195 1206 3382 1261 decori
3415 1224 3431 1273 ;

2157 1295 2392 1350 Dimisso
2423 1295 2726 1365 suplicasse
2758 1295 3019 1350 humilem
3052 1297 3363 1352 diademate
3391 1314 3602 1370 regem.

2155 1382 2374 1438 Obtinet
2409 1383 2537 1437 inde
2562 1391 2754 1453 petens
2786 1384 2955 1454 recipi
2989 1402 3078 1438 rex
3113 1386 3368 1456 prresulis
3399 1387 3638 1443 hostem.

2158 1477 2365 1546 Accipit
2395 1477 2690 1530 cxurchum
2735 1476 2910 1539 Pater,
2946 1477 3336 1550 infensumque
3371 1486 3600 1540 tuetur:

2158 1569 2328 1640 Eripit
2352 1569 2614 1633 adversis,
2651 1569 2836 1623 fulcris
2866 1570 3074 1624 solatur
3097 1571 3313 1634 amicis,

2156 1660 2342 1712 Servat
2379 1658 2648 1724 consiliis,
2673 1658 2812 1732 regit
2843 1666 3182 1731 exornatquc
3215 1661 3532 1732 triumphis.

2228 1751 2454 1805 Cesaris
2488 1750 2685 1823 ingrati
2711 1750 2934 1805 fraudes
2964 1752 3066 1805 sub
3110 1752 3301 1807 funere
3328 1770 3489 1825 papae

2155 1840 2214 1893 In
2245 1839 2490 1910 patulum
2528 1838 2780 1905 veniunt,
2823 1839 2917 1910 qui
2950 1848 3237 1895 stemmata
3269 1843 3332 1876 ³⁵⁷
3382 1842 3546 1897 ducta
3589 1842 3795 1915 figuris

2153 1930 2457 1985 Palmarum
2496 1931 2559 1964 ⁸⁵⁸
2595 1930 2792 1984 Christi
2825 1930 3060 1997 fuscare,
3091 1932 3172 1986 vel
3207 1932 3430 2008 ignibus
3461 1935 3598 1988 atris

2152 2022 2394 2076 Obruere
2427 2021 2706 2087 insistens,
2742 2021 2898 2092 punit
2924 2021 3222 2077 defendere
3257 2023 3408 2078 nisos
3441 2041 3453 2077 :

2156 2109 2587 2181 Pontificemque
2607 2110 2757 2180 pium
2790 2110 3117 2164 Germanum
3147 2127 3372 2166 assensa
3393 2112 3592 2187 jugare
3631 2115 3696 2147 ⁸³³

2153 2201 2444 2266 Vitantem,
2478 2201 2650 2256 sacris
2683 2201 2873 2268 abicit,
2906 2201 3228 2274 sociumque
3253 2202 3457 2257 furoris

2152 2293 2272 2347 Aris
2297 2293 2556 2348 adsciscit
2607 2295 2776 2358 Quem
2809 2293 3030 2364 scriptis
3059 2295 3239 2368 arguit
3271 2310 3478 2369 urgens

2156 2384 2355 2438 Przesul
2389 2384 2748 2455 apostolicus,
2783 2401 2885 2439 nec
2919 2386 3198 2441 deterrere
3230 2402 3521 2457 procacem

2155 2474 2378 2528 Absistit
2412 2474 2477 2507 ¹⁶⁰
2511 2475 2640 2538 :sit,
2666 2475 2718 2527 ni
2755 2475 2964 2540 redeat,
2998 2474 3293 2546 pellendus
3325 2476 3557 2532 honore.

2157 2569 2262 2622 Nec
2289 2569 2413 2621 silet
2443 2569 2711 2641 Augusto,
2743 2568 3071 2640 facinusque
3100 2570 3376 2624 remittere
3406 2571 3605 2624 suadet

2232 2660 2434 2730 Inclyta
2462 2668 2730 2730 praeterea
2764 2662 2934 2714 Patris
2965 2661 3127 2728 hujus
3155 2663 3351 2716 tradita
3382 2669 3536 2736 gesta

2158 2748 2383 2818 Templa
2414 2749 2507 2803 Dei
2539 2749 2701 2812 circa,
2751 2749 3074 2820 cultumque
3105 2765 3444 2822 operamque
3472 2767 3773 2805 sacrorum.

2159 2844 2252 2898 lllc
2284 2844 2634 2899 monasteriis
2665 2844 3118 2917 cmtuslegesque
3135 2845 3351 2899 relictas

2157 2932 2437 2997 Restituit,
2471 2949 2684 3002 ponens
2717 2933 2940 3003 preprio
2973 2949 3113 2987 nova
3134 2941 3310 2988 castra
3345 2935 3407 2968 ¹⁶¹
3440 2944 3654 3005 paratu.

2156 3020 2566 3092 Maternamque
2594 3020 2824 3075 domum
2855 3021 3058 3075 divinis
3090 3022 3292 3076 ritibus
3321 3030 3492 3094 aptat,

2081 3080 2130 3147 Ο
2154 3117 2214 3170 Et
2243 3115 2369 3170 facit
2397 3117 2643 3170 haeredes
2670 3117 2791 3170 οωιὶ
2827 3117 2879 3170 in
2916 3118 3244 3186 patrimonia
3282 3118 3433 3173 cives

2152 3208 2384 3264 Ornatus
2416 3210 2662 3276 adhibet,
2694 3211 2926 3285 gemmis
2948 3227 3103 3266 sacra
3124 3229 3251 3266 vasa
3283 3213 3509 3268 decorat
3541 3231 3554 3266 :

2153 3303 2494 3375 Pauperibus
2525 3305 2753 3379 largitur
2780 3323 2936 3377 opes.
2964 3306 3125 3362 Subit
3163 3308 3365 3362 aethera
3393 3309 3549 3364 dives
3585 3328 3596 3362 :

2159 3398 2453 3454 Tristitiam
2489 3399 2644 3454 terris
2673 3400 2938 3474 migrans,
2967 3400 3060 3454 dat
3087 3399 3288 3473 gaudia
3312 3400 3488 3456 caelis.

2614 3493 2688 3545 De
2718 3492 2970 3560 Gregorio
2998 3507 3151 3561 papa
3179 3495 3335 3548 tertio

2159 3580 2424 3635 Culminis
2454 3581 2600 3636 hunc
2619 3581 2868 3652 sequitur
2907 3581 3165 3636 virtutum
3196 3589 3251 3637 et
3278 3582 3523 3638 nominis
3553 3585 3737 3640 haeres
3771 3605 3785 3640 :

2156 3672 2492 3734 Mansuetus,
2526 3672 2769 3743 sapiens,
2801 3673 2989 3727 divina
3016 3673 3138 3746 lege
3179 3673 3442 3728 renidens
3471 3691 3486 3738 ;

2157 3763 2431 3819 Laudibus
2458 3771 2735 3836 expertus,
2767 3781 3074 3836 sensusque
3104 3765 3282 3820 nitore
3315 3765 3520 3836 politus
3545 3783 3558 3820 :

2156 3855 2406 3910 Hortator
2432 3854 2718 3926 cultorque
2749 3854 2905 3921 boni,
2930 3862 3186 3927 tutorque
3213 3854 3342 3910 fidei
3373 3874 3388 3920 ;

2153 3950 2421 4022 Prodigus
2450 3949 2714 4021 indignis,
2739 3957 2794 4004 et
2823 3950 3162 4022 paupertatis
3189 3951 3398 4006 amicus
3425 3968 3441 4015 ;

2153 4041 2497 4113 Captivorum
2527 4049 2762 4113 emptor,
2795 4042 3130 4114 pupillorum
3161 4043 3341 4098 bonus
3363 4042 3536 4107 altor;

2155 4137 2497 4210 Relligionis,
2526 4153 2719 4193 amore
2746 4138 2960 4210 vigens,
3005 4137 3096 4208 pia
3124 4147 3349 4209 pectora
3379 4138 3586 4194 solans.

2151 4226 2417 4280 lnsistens
2446 4225 2618 4280 Patris
2656 4226 2934 4297 exsequiis
2963 4226 3032 4280 de
3063 4225 3258 4281 funere
3298 4232 3486 4296 raptus

2152 4315 2434 4381 Eximitur,
2466 4316 2753 4388 lectusque
2781 4317 2848 4371 ad
2883 4317 3130 4389 regmina
3157 4333 3371 4371 summa
3410 4324 3658 4374 vocatur.

2067 4438 2122 4507 Ι)
2219 4412 2488 4467 Admonet
2515 4411 2856 4482 increpitans
2887 4428 3047 4483 reges
3078 4412 3134 4466 in
3163 4412 3323 4485 signa
3353 4412 3421 4445 ¹⁶²
3447 4412 3645 4467 salutis

2147 4503 2426 4570 Crudeles,
2462 4503 2719 4575 pavidum
2748 4504 3105 4575 monitusque
3127 4502 3324 4557 efferre
3342 4510 3626 4558 verentem

2148 4594 2406 4669 Legatum
2437 4611 2692 4661 censens,
2725 4610 2868 4664 Opus
2894 4595 3128 4668 integra,
3161 4594 3413 4665 improba
3442 4595 3671 4651 damnat

2149 4685 2402 4755 Imperia,
2436 4683 2806 4756 Ecclesiieque
2839 4684 3067 4738 monilia
3097 4683 3198 4738 rite
3229 4689 3432 4748 tuetur,

2147 4775 2276 4840 Quae
2305 4773 2524 4844 scriptis
2551 4773 2884 4844 monitisque
2905 4773 3066 4842 jubet
3092 4771 3406 4826 veneranda
3437 4771 3660 4842 reponi.

2146 4866 2334 4939 Arguit
2373 4864 2503 4918 hinc
2532 4879 2794 4935 proceres
2830 4864 3024 4918 iterum
3047 4862 3354 4932 crebroque
3384 4861 3693 4917 monendo.

2147 4957 2255 5012 Nec
2274 4957 2578 5030 legatorum
2610 4955 2824 5026 pedicis
2851 4955 2970 5026 quit
2990 4969 3147 5009 mens
3170 4969 3325 5009 sacra
3359 4951 3546 5006 Patris’

2145 5048 2350 5114 Averti,
2384 5054 2678 5118 penetrant
2707 5047 2837 5101 dum
2871 5045 3078 5118 scripta
3103 5044 3324 5117 palatia,
3353 5058 3513 5117 reges

2086 1706 2133 1772 Β

1499 5179 1770 5236 GLOSSAE
1819 5177 2241 5235 MARGINALES
2297 5175 2700 5232 MABILLONII.

505 5288 572 5364 ῖξῖ
605 5288 1362 5364 castellum”ajLangobardis
1392 5307 1683 5362 pervasum
1725 5291 1956 5364 Romani
1987 5289 2264 5364 recipiunt
2319 5287 2473 5364 “Hd
2500 5291 2577 5364 est
2606 5285 2924 5364 dolosorum
2956 5283 3218 5364 frustatur
3248 5281 3510 5364 fructum.
3663 5348 3698 5364 ν

507 5361 572 5435 Ψ
612 5360 828 5416 collata.
857 5348 1212 5435 _'5°_.Sponf'gia
1269 5348 1404 5435 qua:
1429 5379 1622 5417 mensa
1673 5360 1949 5435 pontificis
1981 5348 2496 5435 tegebatur,_missa
2530 5358 2656 5435 duci
2693 5357 3024 5435 Francorum
3059 5370 3157 5435 pro
3197 5351 3608 5435 benedictione,
3647 5348 3768 5403 dis-

436 5431 636 5514 tribpta
688 5430 1341 5514 esercitui,"quoi"victo_r
1378 5433 1554 5514 factus
1585 5430 1720 5514 estI_
1750 5433 1812 5466 ¹⁵¹
1874 5449 2003 5514 papa

438 5502 860 5579 ‘53.Eutyc.hiu_m
910 5502 1198 5579 patricium
1280 5505 1345 5538 ‘5‘
1403 5504 1883 5579 Langobardorum
1965 5504 2029 5537 ¹⁵⁵

1874 5424 2068 5502 papme
2109 5433 2174 5466 ‘3’
2224 5430 2544 5502 ubicunque
2597 5429 2778 5502 signat
2807 5424 3069 5502 victorias
3093 5424 3294 5478 Christi
3329 5429 3770 5502 martyrumque.

2078 5503 2206 5574 quia
2263 5499 2459 5574 lucifer
2497 5499 2684 5574 versus
2734 5505 2815 5554 est
2873 5499 2925 5552 in
2983 5505 3300 5574 cometam;
3335 5510 3446 5548 non
3479 5500 3564 5574 est
3632 5506 3764 5574 pro-

439 5563 1021 5644 prium'alicuigstélhe
1058 5589 1201 5644 esse
1249 5563 1548 5636 cometam?
1597 5575 1697 5630 sed
1756 5573 1986 5644 diversa:
2048 5563 2219 5628 stellae
2271 5570 2456 5625 solent
2509 5570 2866 5644 iuncometas
2918 5567 3164 5644 converti
3217 5569 3314 5621 sic.
3348 5582 3446 5644 ηδε.
3487 5563 3663 5644 ¹⁵⁶Αεό

441 5641 614 5712 pedes
662 5641 961 5712 corruisse.
979 5643 1092 5712 είδτε

1130 5644 1417 5718 imagines.
1481 5646 1546 5681 ³⁸⁸
1627 5643 1996 5700 victoriarum.

437 5709 683 5786 Agathe.
728 5711 796 5746 ι⁶²
826 5709 1116 5781 imagines,

2076 5645 2142 5680 ¹⁵⁰
2200 5643 2457 5714 iungere.
2543 5640 2608 5674 ¹⁶⁰
2664 5647 2862 5696 cessat.
2937 5641 2996 5674 ¹⁶¹
3081 5635 3480 5694 monasterium
3550 5634 3768 5690 Sancta:
