3972 6208
204 314 303 367 8111
691 316 771 369 DE
812 314 1068 369 CHRISTI
1110 316 1469 371 TRlUllPlllS
1509 318 1680 372 APUD
1723 320 1985 375 ITAUAM
2026 323 2247 378 CESTIS
2291 325 2462 381 LIBRI
2506 328 2635 381 XIV.
2686 360 2736 368 ——
2790 331 2891 385 LIB
2957 334 3041 387 ΧΙ.
3444 340 3549 394 802

209 438 460 493 Culmine
493 442 751 495 sublimat
794 444 959 515 regali
988 444 1113 511 jure
1142 447 1382 500 decorat.

207 530 374 583 Ornat
407 533 615 585 honore
650 532 851 595 locum,
878 534 1176 604 locupletat
1215 537 1455 589 cultibus
1485 554 1652 591 aram.

282 623 416 676 Tum
450 640 538 676 rex
562 640 683 676 cum
719 627 871 697 regni
904 629 1134 697 satrapis
1169 630 1426 700 claroque
1458 640 1647 685 senatu

209 712 393 766 Rebus
423 713 743 768 consultans
773 716 1001 784 trepidis
1029 734 1350 773 succurrere
1377 738 1551 791 papas,

210 802 507 856 Unanimcs
530 805 725 859 thristi
762 806 1016 876 l’etrique
1038 807 1104 859 ad
1136 810 1320 862 munia
1343 810 1543 873 reddit,

211 892 363 945 Haud
398 893 524 947 ullis
554 894 696 948 valet
728 896 898 949 averti
924 899 1199 967 serpentis
1232 899 1405 969 iniqui

210 980 535 1043 Fraudibus,
570 982 713 1036 haud
748 983 927 1037 fratris
959 986 1109 1041 vafro
1142 988 1428 1042 molimine
1462 990 1611 1044 missi

208 1071 465 1126 Consiliis
506 1074 675 1145 ;quin
706 1090 970 1146 germano
1002 1077 1319 1133 discrimina
1360 1081 1577 1151 praefert

214 1162 489 1228 Ecclesia},
515 1164 731 1235 lixoque
764 1166 995 1219 studens
1018 1168 1319 1222 certamine
1350 1171 1469 1235 niti,

210 1258 460 1311 Przesulis
491 1258 544 1312 in
585 1260 725 1313 votis
756 1259 899 1332 legat
921 1262 1173 1316 mandata
1192 1271 1442 1333 tyranno,

209 1351 435 1405 Ftedere
456 1351 556 1403 sub
590 1352 739 1421 pacis
766 1353 961 1422 Cephze
989 1355 1234 1409 sublecta
1267 1359 1533 1429 rependat
1565 1378 1575 1411 :

206 1442 423 1513 Terque
454 1444 646 1498 eadem
679 1446 895 1514 repetit.
933 1448 1116 1519 Neque
1144 1466 1240 1503 cor
1272 1452 1481 1505 mollire
1514 1452 1751 1526 gelatum

210 1538 529 1592 Muneribus
556 1541 841 1611 suasisque
870 1542 1033 1608 valet,
1066 1560 1165 1597 nec
1196 1546 1407 1614 prolicit
1432 1547 1542 1601 ullo

206 1628 285 1680 Ad
320 1644 509 1697 pacem
544 1629 777 1701 rigidum
810 1631 1185 1689 moderamine
1219 1637 1437 1691 flectere
1472 1646 1679 1707 pectus.

212 1719 366 1774 [inde
428 1736 663 1794 gregans
734 1730 939 1777 turmas
1008 1726 1339 1782 Francorum
1407 1730 1519 1803 agit
1584 1731 1822 1804 agmina.

1517 1820 1753 1890 [causam

214 1900 338 1969 Ipse
358 1905 580 1954 acturus
609 1900 994 1970 apostolicam,
1030 1906 1380 1978 mediamque
1415 1908 1627 1963 terebat

215 1989 381 2044 Recto
415 1990 552 2044 calle
584 1992 726 2045 viam
758 2008 881 2047 cum
907 2011 1045 2065 papa
1080 2014 1093 2060 ;
1127 1999 1383 2067 procacia
1412 2000 1595 2055 nitens

214 2082 438 2138 Pectora
464 2085 771 2153 mitificare,
803 2090 939 2159 petit
967 2089 1080 2144 fera
1116 2093 1280 2146 corda
1310 2096 1515 2149 moveri

210 2177 376 2249 Regis
416 2180 543 2234 item
574 2182 772 2245 missis,
800 2200 921 2237 cum
943 2186 1067 2256 quis
1096 2188 1351 2242 mandata
1384 2205 1687 2262 precesque

210 2268 423 2343 Dirigit,
448 2270 731 2327 obtestans
754 2273 1038 2329 fundendo
1066 2295 1096 2331 a
1122 2280 1392 2351 sanguine
1418 2292 1623 2351 parcat.

211 2357 305 2412 Ille
338 2360 516 2414 minas
554 2372 743 2416 contra
774 2363 916 2417 Patri
950 2366 1177 2437 regique
1210 2368 1417 2439 relegat

280 2451 373 2504 Ast
402 2452 454 2505 hi
475 2469 627 2522 spem
662 2454 891 2509 Domino
922 2462 1090 2511 totam
1116 2459 1461 2512 committere
1492 2461 1652 2525 certi,

208 2543 279 2596 Se
308 2543 523 2598 Christo
555 2552 731 2600 tutore
764 2547 896 2621 tegi,
923 2549 1011 2601 cui
1048 2549 1193 2603 bella
1226 2559 1515 2622 geruntur.

210 2630 376 2698 Cujus
397 2648 562 2703 opem
596 2635 854 2706 princeps
885 2653 1142 2707 poscens,
1178 2642 1448 2710 promissa
1474 2651 1728 2713 protervo

210 2722 439 2777 Munera
469 2724 572 2778 fert
601 2726 891 2780 tribuenda
924 2728 1115 2782 humili
1144 2731 1395 2802 Patrique
1418 2734 1705 2807 gregique.

208 2816 413 2887 Sicque
447 2817 572 2871 duci
593 2834 714 2872 sese
744 2820 991 2889 allegans
1037 2822 1262 2893 ﬁdoque
1296 2833 1549 2894 patrono,

207 2906 457 2976 Cceptum
481 2909 657 2978 carpit
687 2908 809 2974 iter,
843 2910 1067 2964 mittens
1096 2913 1411 2981 praecedere
1438 2915 1729 2985 quosdam,

206 2997 279 3050 Ac
306 3012 528 3050 servare
554 2997 756 3063 aditus,
784 3006 1043 3070 arctoque
1064 3007 1245 3054 astare
1285 3010 1486 3055 meatu.

210 3087 568 3159 Comperiens
590 3091 762 3145 hostis
790 3108 971 3164 regem
994 3108 1351 3163 praecurrere,
1377 3110 1583 3165 paucos

204 3178 420 3233 Junctis
448 3180 545 3234 hos
566 3180 759 3235 cuneis
781 3182 961 3236 subito
992 3182 1301 3251 insperatus
1331 3183 1562 3239 adorsus

206 3272 444 3327 Stratum
467 3287 527 3326 se
554 3272 634 3326 ire
658 3280 831 3343 putat,
859 3274 1056 3345 stragis
1086 3274 1183 3328 sed
1211 3274 1411 3329 damna
1442 3283 1703 3347 reportat,

209 3363 395 3417 Victus
425 3370 479 3417 et
504 3380 535 3417 a
566 3364 774 3433 paucis,
807 3381 930 3419 cum
956 3365 1202 3435 pluribus
1235 3367 1350 3437 ipse
1370 3368 1675 3438 peremptis

214 3452 278 3517 lt,
312 3452 544 3523 solaque
571 3451 715 3525 fuga:
746 3452 943 3522 positis
971 3470 1069 3525 spe
1097 3454 1291 3508 nititur
1308 3454 1495 3522 armis,

210 3544 388 3611 Atque
411 3548 652 3595 tremens
681 3541 833 3595 urbis
853 3558 976 3596 sese
1008 3542 1299 3596 vallamine
1330 3543 1556 3597 claudit.

282 3631 345 3683 At
370 3629 505 3697 justi
538 3646 926 3700 perversurum
956 3630 1261 3685 munimine
1294 3646 1453 3686 verso

211 3721 490 3791 Diripiunt
517 3722 749 3793 praedas.
782 3722 908 3777 Post
932 3722 1143 3777 caedem
1172 3722 1409 3776 vindicis
1447 3723 1595 3777 ensis

212 3812 322 3866 Rex
355 3812 508 3867 Patre
526 3814 896 3884 prosequitur,
931 3812 1103 3867 fultus
1139 3813 1449 3868 celantibus
1476 3814 1691 3869 hostem

215 3906 489 3961 Incumbit
515 3906 707 3974 muris,
742 3924 932 3977 pacem
949 3908 1078 3961 dum
1103 3925 1245 3979 papa
1274 3908 1553 3978 precando

216 3999 445 4055 Fmdera
474 3999 699 4072 pellacis
730 4002 796 4034 ¹⁹⁶
823 4000 1107 4070 compellit
1137 4000 1277 4054 inire
1308 3999 1528 4054 fidelem
1566 4001 1653 4068 “'7,

218 4092 469 4145 Reddere
489 4090 725 4159 jurantis
753 4108 876 4163 quae
916 4100 1068 4163 rapta
1096 4098 1330 4147 retentat
1358 4092 1566 4163 inique.

222 4235 243 4247 ,
288 4186 379 4239 Sic
410 4201 510 4239 sua
542 4201 635 4240 rex
664 4192 923 4255 repetens
952 4186 1281 4241 Francorum
1315 4201 1505 4259 regna,
1539 4186 1700 4241 beato

217 4278 314 4331 Dat
344 4276 527 4331 socios
554 4275 694 4332 Patri
722 4277 964 4332 Romana
991 4278 1060 4332 ad
1091 4278 1293 4333 mcenia
1322 4276 1485 4344 fidos,

213 4368 445 4438 Jamque
480 4367 775 4423 revertenti
811 4368 1141 4438 populorum
1182 4367 1437 4422 examina
1465 4375 1697 4422 currunt

217 4456 387 4511 Obvia
416 4456 643 4527 pastori,
672 4463 856 4529 grates
887 4457 1189 4529 laudesque
1223 4456 1466 4512 ferentes

220 4548 454 4603 Eximias
487 4548 715 4603 Christo.
750 4548 887 4603 Cleri
921 4549 1223 4620 populique
1253 4556 1485 4603 catervae

218 4644 505 4715 Excipiunt
535 4644 747 4699 Patrem
771 4644 1033 4715 praeclara
1056 4652 1259 4716 tropaea
1288 4646 1604 4699 vehentem.

219 4736 313 4791 Ille
335 4737 568 4791 studens
595 4751 847 4791 recreare
876 4752 1120 4811 gregem,
1147 4737 1399 4812 neglecta
1422 4737 1625 4793 referre

217 4824 420 4890 Munia,
454 4824 740 4881 nocturnis
771 4835 986 4895 reparat
1009 4826 1304 4908 psallentis
1324 4826 1518 4892 sacris,

216 4917 469 4972 Carmina
499 4916 667 4992 digna
696 4918 880 4973 choris
908 4926 1091 4994 auget,
1124 4920 1318 4974 solatia
1341 4919 1551 4991 praebet

218 5008 538 5076 Commoda,
572 5009 786 5064 devotis
812 5017 1025 5065 certent
1051 5018 1110 5066 ut
1146 5011 1347 5083 degere
1379 5012 1621 5081 psalmis.

288 5098 468 5154 Hostis
493 5107 548 5154 at
578 5106 823 5154 assuetas
852 5100 1079 5156 volvens
1108 5100 1213 5155 sub
1244 5108 1466 5171 pectore
1496 5100 1742 5166 fraudes,

220 5186 531 5263 lngeminat
559 5188 794 5257 facinus,
829 5191 1070 5261 perjuria
1099 5198 1228 5246 nota
1250 5190 1581 5263 frequentat.

1866 464 1910 528 Α
1941 452 2193 507 Crescere
2216 455 2407 508 temnit
2447 471 2584 509 onus
2609 456 2695 522 ωδ,
2728 457 2882 509 nihili
2920 458 3109 512 feralia
3136 460 3327 528 pendit
3358 480 3369 513 :

1942 542 2318 614 lnvadensque
2353 545 2560 605 relicta,
2594 545 2746 597 nefas
2776 548 3055 600 cumulare
3091 549 3321 613 laborat,

1935 636 2105 704 Atque
2138 637 2298 689 trahit
2320 636 2469 707 regni
2506 638 2570 670 '99
2603 653 2786 690 secum
2816 639 2919 691 sub
2949 646 3147 693 tartara
3191 641 3334 694 vires

1934 727 2090 779 Arma
2114 728 2274 797 rapit,
2306 744 2512 782 cuneos
2537 729 2704 798 cogit,
2731 731 2931 785 misera
2963 732 3201 805 agmina,

1935 820 2190 876 Ecclesize
2218 832 2408 877 contra
2438 824 2715 885 columen,
2741 824 2842 878 fert
2873 827 3060 895 praelia
3095 826 3249 881 Petro

1936 911 1993 965 Et
2032 927 2183 965 sacra
2214 912 2483 984 sacrilego
2513 912 3034 969 circumdatmcenia
3064 916 3223 970 ferro.

2005 1000 2200 1055 Pnesul
2226 1002 2454 1056 amatori
2484 1002 2682 1057 Christi
2713 1011 2863 1059 notat
2895 1005 3140 1075 improha
3167 1008 3278 1079 regi

1932 1092 2186 1162 Pippino,
2218 1104 2334 1147 acta
2363 1095 2529 1149 trucis
2551 1103 2739 1150 contra
2774 1098 2861 1167 pia
2893 1105 3067 1152 castra
3100 1100 3167 1131 ²⁰⁰
3199 1100 3471 1154 draconis.

1934 1180 2162 1249 Expedit
2194 1181 2283 1235 ille
2327 1198 2541 1249 manus,
2586 1186 2911 1256 ultriciaque
2945 1188 3117 1241 exerit
3140 1205 3308 1251 arma,

1928 1272 2057 1325 Jure
2088 1272 2276 1325 calens
2299 1274 2351 1326 in
2380 1275 2634 1344 perjuros
2668 1277 2984 1330 certaminis
3026 1279 3192 1349 aequi.

1932 1359 2303 1433 Caesareisque
2333 1370 2385 1416 et
2414 1362 2608 1437 legatis
2636 1372 2687 1417 et
2712 1366 2954 1432 jussibus
2980 1366 3229 1433 obstans,

1930 1453 2038 1505 Nec
2067 1455 2322 1523 precibus
2351 1457 2562 1510 ceditve
2590 1457 2777 1519 minis,
2804 1466 2895 1512 aut
2919 1475 3145 1513 munere
3178 1461 3353 1512 victus
3386 1479 3400 1519 ;

1927 1544 2245 1600 Terribilem
2278 1564 2402 1600 sese
2436 1550 2616 1617 pravis
2648 1550 2756 1604 acri
2788 1550 2990 1620 impete
3023 1552 3293 1621 przebens.

1930 1634 2553 1704 lnsistittrepidis,dum
2588 1640 2648 1671 3‘”
2686 1639 2872 1692 clauso
2904 1646 3191 1710 extorquet
3220 1640 3288 1693 ab
3324 1642 3477 1695 lieste

1930 1726 2058 1780 Jura
2088 1727 2371 1781 reformari
2417 1727 2608 1797 recipit
2642 1728 2933 1800 redditque
2969 1729 3131 1784 beato

1931 1816 2140 1885 Oppida
2170 1823 2319 1885 rapta
2356 1816 2533 1881 l‘etro,
2571 1818 2927 1888 reprimitque
2958 1821 3221 1874 tumentia
3248 1822 3404 1875 colla.

1935 1903 2207 1974 Hesperiae
2242 1905 2535 1959 moderans
2577 1907 2832 1977 regiones
2858 1924 2989 1977 pace
3030 1919 3275 1975 serenat,

1931 1994 2243 2050 Caudentes
2270 1997 2370 2049 sub
2404 1998 2725 2068 apostolicis
2754 2015 2813 2053 se
2855 1999 3059 2053 dedere
3090 1999 3283 2056 frenis.

2002 2082 2145 2154 Papa
2168 2084 2277 2139 Deo
2308 2093 2489 2159 grates
2520 2084 2785 2152 referens,
2820 2088 3009 2141 turrim
3038 2089 3199 2163 erigit
3228 2091 3365 2145 aulae
3388 2092 3477 2158 ’0’,

1932 2174 2267 2245 Argentique
2299 2175 2489 2229 colens
2519 2175 2686 2229 radiis
2716 2176 2938 2231 investit
2968 2188 3021 2232 et
3052 2180 3193 2234 auri.

1933 2265 2052 2319 {Ere
2092 2266 2252 2321 tubas
2292 2267 2359 2301 ²⁰³
2388 2266 2507 2321 fuso
2534 2268 2751 2335 attollit,
2786 2269 2988 2340 quibus
3014 2274 3232 2343 agmina
3265 2273 3445 2344 plebis

1934 2358 2235 2413 Admoneat
2267 2359 2455 2414 laudes
2472 2369 2525 2413 et
2554 2369 2675 2414 vota
2704 2362 2909 2415 referre
2941 2365 3191 2419 Tonanti.

1934 2449 2197 2521 Prospera
2230 2451 2619 2525 Cunctipotens
2646 2465 2828 2530 auget,
2855 2466 3164 2512 removetur
3186 2466 3239 2511 et
3268 2460 3441 2513 hostis
3466 2478 3479 2521 ;

1934 2538 2185 2594 Praesulis
2209 2542 2274 2594 ad
2310 2550 2497 2597 nutum
2527 2562 2683 2617 reges
2704 2554 2757 2599 et
2787 2563 2955 2620 regna
2985 2554 3250 2617 reguntur
3281 2563 3294 2613 ;

1938 2627 2083 2682 llella
2113 2640 2466 2699 soporantur,
2500 2643 2731 2705 surgunt
2760 2652 2915 2691 sacro
2940 2637 3137 2691 ordine
3166 2636 3339 2691 fastus

1938 2718 2157 2775 Publica
2176 2739 2260 2777 res
2290 2726 2717 2788 crescit,dilatat
2742 2736 2924 2797 pastor
2953 2729 3119 2786 ovile.

1938 2807 2177 2863 Fallaces
2207 2822 2363 2867 cavet
2394 2814 2645 2879 insidias,
2676 2816 2854 2870 ablata
2884 2824 3143 2888 receptat.

1936 2896 2301 2971 Educensque
2336 2918 2505 2956 novas
2528 2904 2725 2973 Ceplue
2756 2903 3052 2974 splendore
3083 2906 3389 2972 columnas,

1934 2989 2183 3047 Fabricat
2212 2993 2495 3060 ecclesias,
2521 2995 2704 3063 Petro,
2736 2996 2908 3063 fratri,
2936 2998 3245 3070 genitzeque
3281 2999 3347 3032 ²⁰⁶
3372 3014 3385 3065 ;

1934 3084 2078 3148 Quas
2103 3085 2328 3142 fabricis
2356 3096 2533 3155 ornat,
2559 3090 2833 3162 donisque
2864 3091 3170 3147 nitentibus
3200 3100 3380 3162 auget.

1856 3156 1904 3220 (ἶ
1928 3180 2102 3251 Atque
2134 3183 2464 3248 Petronillze,
2492 3184 2637 3256 regis
2669 3186 2905 3251 monitu,
2936 3202 3059 3239 ossa
3095 3196 3369 3241 venustat.

2003 3276 2226 3331 Actibus
2257 3277 2342 3331 his
2365 3279 2565 3343 clarus,
2602 3280 2906 3349 palmarum
2932 3289 2986 3334 et
3019 3281 3228 3335 lumine
3258 3290 3492 3349 mactus,

1935 3364 2159 3419 Praemia
2179 3366 2325 3419 celsa
2345 3367 2480 3435 petit
2506 3368 2659 3421 Petro
2687 3367 2914 3422 ductore
2945 3368 3166 3423 beatus.

2433 3462 2503 3514 De
2525 3463 2697 3515 Paulo
2725 3478 2875 3531 papa
2908 3462 3074 3531 (189).

2001 3549 2303 3606 Germanus
2332 3551 2614 3622 Stephano
2640 3552 2890 3607 succedit
2918 3553 2971 3605 in
3002 3553 3197 3607 ordine
3221 3552 3447 3615 Paulus,

1934 3638 2064 3693 Cum
2096 3655 2205 3711 quo
2238 3640 2469 3695 devotus
2500 3640 2704 3710 pietate
2734 3647 2787 3695 et
2814 3640 2935 3695 luce
2963 3642 3175 3711 SOphiae

1936 3732 2213 3786 Claruerat
2243 3732 2493 3801 rutilans,
2525 3731 2953 3803 individuusque
2988 3732 3195 3785 sodalis

1941 3823 2177 3878 Haeserat
2209 3824 2262 3878 in
2284 3824 2474 3890 tinem,
2514 3824 2600 3880 cui
2635 3840 2760 3879 mox
2792 3824 3167 3879 moderamina
3200 3826 3431 3891 cedunt,

1938 3912 2474 3983 Dispersarenuente
2502 3930 2688 3977 manu,
2722 3930 2822 3969 ceu
2857 3914 2974 3969 sole
3006 3914 3271 3969 tenebris.

2012 4006 2108 4060 Hic
2136 4007 2263 4077 pius
2288 4024 2350 4061 ac
2382 4008 2527 4062 mitis
2552 4008 2825 4062 tribulatis
2849 4006 2992 4062 ferre
3025 4006 3274 4060 levamen

1945 4092 2214 4161 Certabat,
2236 4097 2499 4168 languore
2528 4114 2726 4170 graves
2750 4098 3087 4168 inopumque
3115 4096 3361 4168 grabatta

1943 4186 2131 4241 Visere
2150 4196 2466 4253 consuetus,
2497 4188 2676 4243 tacita:
2699 4188 2801 4243 sub
2831 4190 3070 4263 tegmine
3104 4190 3279 4244 noctis
3314 4207 3327 4252 ;

1944 4278 2263 4335 Carceribus
2294 4296 2461 4335 nexos
2492 4280 2762 4346 adimens,
2807 4281 3198 4352 redimensque
3225 4281 3482 4336 subactos

1942 4371 2264 4437 Fenoribus,
2300 4372 2630 4442 pupillorum
2662 4380 2815 4442 pater
2846 4389 2910 4427 ac
2939 4374 3228 4427 viduarum
3256 4391 3269 4436 ;

1864 4482 1917 4548 D
1945 4463 2234 4519 Catholicae
2257 4471 2402 4520 tutor
2433 4463 2560 4519 fidei
2591 4481 2605 4528 ;
2636 4481 2745 4535 quo
2780 4464 2997 4519 tramite
3034 4481 3194 4535 reges

1942 4557 2233 4623 Admonet,
2261 4558 2525 4621 hortatur,
2552 4557 2709 4627 petit,
2735 4556 3054 4628 insistitque
3085 4557 3283 4628 reponi

1941 4646 2232 4701 Schemata
2259 4646 2327 4681 ²⁰⁵
2356 4652 2669 4701 sanctorum
2698 4644 3025 4716 Dominique
3059 4645 3229 4715 polita
3259 4646 3455 4701 nitore.

1941 4736 2217 4792 Mausolea
2246 4737 2435 4793 colens
2459 4737 2731 4805 justorum
2765 4736 3019 4807 provehit
3050 4736 3207 4789 urnis
3232 4754 3246 4801 ;

1942 4828 2114 4899 Atque
2141 4827 2268 4883 urbi
2298 4827 2557 4894 reddens,
2579 4826 2794 4881 cineres
2824 4825 3087 4880 sublimat
3119 4826 3173 4879 in
3206 4824 3365 4879 aulis.

2011 4918 2061 4971 ls
2090 4918 2345 4988 proprios
2363 4933 2578 4972 sacrare
2611 4918 2751 4971 lares
2772 4915 2874 4970 sub
2908 4914 3152 4970 culmine
3187 4914 3387 4968 Christi

1939 5008 2268 5082 Pignoribus
2297 5010 2526 5075 studuit,
2552 5025 2778 5064 comens
2808 5017 2862 5063 et
2892 5006 3113 5062 nomine
3140 5006 3353 5060 Patrum

1937 5099 2180 5157 Silvestri
2211 5115 2273 5153 ac
2288 5099 2574 5169 Stephani,
2601 5099 2900 5153 multorum
2923 5097 3044 5151 luce
3065 5096 3134 5129 ²⁰⁶
3166 5095 3388 5167 piorum

1940 5191 2167 5261 Insuper
2191 5188 2489 5253 illustrans,
2522 5187 2788 5257 epulento
2822 5193 2877 5241 et
2906 5200 3136 5240 munere
3171 5184 3462 5255 suppleas,

1312 5348 1577 5404 GLOSS/E
1608 5347 2029 5403 MARGINALES
2058 5342 2463 5402 MABILLONII.

290 5452 355 5525 '9}
385 5453 565 5525 dolosi
590 5453 823 5507 Aistulf‘i.
883 5452 945 5488 ¹⁹⁷
1001 5453 1136 5525 piPP

1144 5455 1316 5508 inum.
1364 5455 1429 5488 ¹⁹⁸
1456 5462 1698 5524 peccata,
1736 5460 1739 5487 ῖ

1931 5456 1944 5508 i
2004 5455 2072 5509 a'd
2109 5462 2360 5509 mortem.
2412 5452 2479 5484 ²⁰⁰
2541 5450 2829 5503 Romanos.
2884 5449 2946 5482 ²⁰¹
3012 5447 3210 5512 donec,
3276 5448 3342 5479 ἐξ
3399 5446 3536 5497 San-

218 5528 285 5581 cti
318 5522 463 5583 Petri
520 5524 591 5560 ¹⁰³
612 5541 927 5595 campanas.
963 5526 1027 5559 ¹⁰⁸
1056 5522 1286 5579 Andreae
1315 5533 1369 5579 et
1404 5522 1713 5579 Petronillie
1772 5526 1837 5559 ²⁰⁵
1870 5526 2160 5599 imagines.
2209 5524 2278 5557 3°“
2306 5524 2518 5577 honore
2544 5528 2881 5575 sanctorum.

1800 5650 2017 5704 ΝΟΤίΕ.

292 5756 431 5827 {189i
462 5756 626 5808 Deest
668 5752 856 5806 titulus
887 5753 941 5805 in
965 5768 1067 5815 ms,
1096 5749 1218 5804 cod.
1257 5751 1313 5803 In
1342 5748 1591 5820 margine
1625 5754 1805 5801 tamen
1842 5748 2042 5821 legitur
2072 5750 2292 5804 Paulus.
