3972 6208
1244 324 1605 379 FLODOARDI
1648 321 1951 377 CANONICI
1996 321 2326 378 REMENSIS
2367 324 2704 379 OPUSCULA
2744 321 3051 377 METRICA.

1971 475 2183 531 CAPUT
2231 476 2324 533 lll.

866 577 943 635 De
968 576 1226 635 seczmdo
1255 575 1523 637 Adriano
1554 594 1737 653 papa,
1766 584 1816 633 ct
1852 576 2178 635 Hincmuro
2204 576 2458 653 prwsule
2487 584 2711 648 nostra,
2750 575 2962 634 Carolo
2993 592 3230 653 quoque
3258 594 3412 653 rege.

552 712 687 766 llinc
715 726 868 766 sacra
885 710 1187 765 succedunt
1213 710 1434 765 Adriani
1467 711 1590 779 jura
1611 712 1861 765 secundi.

477 806 574 872 Qui
606 806 730 879 pius
751 822 815 862 ac
845 806 1091 877 placidus
1122 806 1394 872 laudatur,
1426 816 1480 860 et
1500 807 1695 862 ordine
1727 807 1925 873 clarus,

478 899 822 968 Pauperibus
861 900 1065 973 largus,
1105 899 1477 971 locupletibus
1505 909 1667 971 atque
1700 900 1974 970 benignus
2003 918 2015 963 ;

479 988 747 1044 Omnibus
774 996 828 1044 et
866 990 1104 1056 medius,
1136 991 1269 1045 nulli
1311 990 1414 1045 nisi
1447 992 1646 1046 charus
1676 991 1980 1044 habendus.

479 1083 829 1153 Compatiens
857 1083 1053 1153 passis,
1088 1083 1362 1153 patientes
1392 1083 1642 1153 improba
1669 1099 1913 1148 servans,

481 1174 881 1244 Passorumque
913 1171 1096 1228 ferens
1126 1190 1308 1237 causa,
1342 1174 1642 1247 longinqua
1675 1181 1918 1244 pererrat

483 1261 713 1333 Scriptis
750 1277 940 1335 regna,
997 1277 1232 1317 monens
1282 1262 1509 1336 rigidos,
1566 1279 1827 1334 reparans
1874 1278 2094 1334 quoque

1790 1352 2025 1423 {fractos,

481 1442 822 1514 Justitiaeque
851 1442 993 1497 viam
1018 1442 1171 1511 justo
1204 1441 1582 1496 moderamine
1615 1443 1884 1512 pandens,

487 1535 663 1605 thue
693 1535 876 1589 Patres
906 1534 1092 1605 superi
1125 1535 1192 1567 ’9‘
1224 1534 1386 1607 Regis
1417 1533 1697 1605 fastusque
1730 1544 1964 1590 coercet.

488 1628 560 1681 Ac
584 1626 815 1681 maculis
846 1642 1077 1699 purgare
1103 1625 1273 1697 nigris
1304 1626 1486 1698 regale
1518 1627 1582 1660 ³³⁷
1617 1626 1824 1681 laborat

490 1720 639 1775 Nunc
670 1720 878 1774 monitu
908 1719 1131 1785 blando,
1175 1734 1324 1773 nunc
1352 1719 1647 1789 asperitate
1678 1719 1882 1774 cubile.

561 1813 702 1882 (195)
740 1810 1056 1866 Pontilicem
1099 1812 1144 1865 is
1178 1818 1424 1865 nostrum
1465 1811 1631 1864 sumit
1688 1827 1985 1884 regemque
2015 1827 2107 1866 so-

1840 1898 2035 1969 [dales,

495 1992 842 2047 llincmarum
887 1999 942 2045 et
976 1990 1260 2055 Carolum;
1294 1991 1590 2061 sociosque
1624 1990 1829 2045 laboris
1861 1991 2104 2062 adoptat.

492 2084 829 2154 Sceptraque
855 2082 936 2137 sic
975 2082 1175 2153 pariter
1205 2083 1366 2137 tutari
1396 2099 1426 2136 a
1448 2082 1678 2136 crimine
1704 2089 1894 2137 certat.

498 2175 555 2228 ln
583 2173 769 2229 multis
794 2172 960 2227 etiam
988 2172 1175 2227 divina
1206 2173 1325 2247 lege
1354 2173 1612 2246 regendis

2116 717 2164 783 Α
2198 711 2256 764 Et
2290 710 2582 764 rationales
2611 726 2708 780 per
2736 724 2899 783 agros
2930 709 3019 780 pia
3046 709 3261 764 semina
3290 726 3596 785 spargens:

2222 803 2417 872 l'tpote
2447 803 2816 873 doctiloquus,
2850 803 3113 873 prudens,
3144 818 3421 875 sensuque
3462 805 3706 875 peritus,

2194 894 2498 948 Sollicitum
2528 894 2621 964 qui
2651 910 2710 948 se
2738 894 3002 967 gregibus
3030 896 3309 965 praibebat
3346 896 3581 951 alendis.

2266 984 2381 1046 Quo
2423 983 2673 1037 Patribus
2697 984 2888 1051 juncto
2918 984 3095 1037 soleis
3118 984 3268 1038 subit
3299 987 3407 1040 alta
3428 986 3679 1040 Marinus

2200 1072 2482 1145 Regmina,
2533 1072 2625 1143 qui
2680 1072 2911 1142 placitus
2943 1074 3173 1128 Domino
3220 1081 3274 1127 et
3312 1075 3483 1128 decus
3527 1074 3688 1129 orbis
3736 1075 3836 1129 ha-

3544 1168 3754 1238 [betur.

2200 1256 2457 1329 Augustis
2488 1257 2710 1323 charus,
2738 1258 3067 1327 populorum
3097 1260 3298 1333 dignus
3328 1268 3575 1325 amator;

2202 1349 2473 1404 lloctrinis
2496 1349 2759 1413 renitens,
2782 1352 2951 1404 sacris
2978 1358 3030 1405 et
3060 1352 3274 1406 semina
3298 1352 3425 1407 diva

2202 1440 2470 1495 Cordibus
2502 1440 2800 1493 infundens
2822 1441 3105 1495 hominum
3134 1459 3236 1513 per
3254 1442 3471 1497 climata
3509 1442 3733 1497 mundi.

2202 1533 2331 1586 Nam
2358 1532 2546 1585 Graios
2568 1548 2858 1601 superans,
2893 1534 3065 1603 pulsis
3096 1534 3398 1601 erroribus,
3438 1551 3605 1588 unam

2203 1620 2460 1675 Reddidit
2496 1622 2812 1687 Ecclesiam,
2839 1622 3180 1694 scissumque
3210 1625 3394 1698 coegit
3418 1625 3584 1680 ovile.

2281 1717 2383 1785 {13)
2427 1714 2747 1771 Pontificem
2803 1723 3050 1772 nostrum
3107 1719 3399 1774 Folconem
3454 1721 3543 1776 hic
3582 1722 3840 1776 fascibus

3507 1810 3759 1882 [ornans,

2213 1895 2437 1949 lnslruit
2467 1911 2583 1962 ore,
2624 1913 2787 1950 manu
2818 1899 3050 1968 pastoris
3076 1916 3295 1956 comere
3321 1902 3466 1970 jura,

2208 1990 2555 2061 Justitiaéque
2596 1991 2715 2058 ejus
2756 1995 3066 2067 congaudet
3093 2005 3380 2068 promptus
3419 1999 3613 2053 amori.

2214 2081 2384 2151 Inque
2408 2080 2711 2136 refutandis
2742 2091 3008 2153 pneslans
3028 2085 3290 2157 suﬂragia
3315 2086 3516 2158 pravis,

2213 2176 2336 2230 Fert
2376 2192 2435 2229 se
2467 2176 2793 2245 adjutorem,
2836 2180 3063 2234 multam
3096 2181 3402 2235 minitando
3433 2181 3694 2252 superbis

501 2272 635 2326 llinc
669 2282 914 2327 nostrum
958 2272 1172 2328 Patrem
1205 2272 1313 2353 sibi
1355 2273 1573 2327 fratrem
1605 2272 1862 2327 adsciscit
1892 2271 2104 2343 agonis.
2138 2242 2185 2310 Β
2216 2268 2368 2324 Hunc
2421 2268 2641 2324 fratrem
2709 2271 2858 2325 velut
2923 2273 3282 2341 amplectens,
3350 2274 3702 2328 incommoda
3759 2288 3843 2327 re-

499 2432 573 2484 De
599 2430 803 2483 Joanne
821 2443 972 2499 papa
1005 2429 1131 2484 VIII
1160 2433 1208 2482 et
1239 2430 1448 2483 Marino
1477 2429 1592 2498 ejus
1622 2443 1919 2481 successore
1950 2426 2110 2493 (196).

573 2562 681 2618 Hoc
706 2569 861 2633 rapto
892 2561 1038 2633 capit
1066 2568 1290 2616 octavus
1318 2570 1604 2634 segmenta
1631 2562 1874 2616 Joannes

502 2652 768 2708 Culminis
797 2653 1007 2718 eximii,
1040 2653 1250 2724 quique
1275 2651 1550 2707 eﬂ'ulsisse
1579 2651 1757 2704 beatis

507 2745 745 2799 Moribus
771 2744 1092 2811 adstruitur,
1125 2743 1377 2798 doctrina
1406 2748 1631 2797 ornatus
1654 2741 1877 2795 etactis.

502 2833 704 2888 Judicii
737 2840 941 2898 custos,
970 2831 1103 2887 recti
1145 2830 1363 2901 pietatis
1392 2836 1619 2884 amator.

510 2925 583 2979 De
612 2923 806 2979 Christi
832 2931 1023 2999 segete
1053 2922 1248 2978 crebro
1277 2921 1485 2978 zizania
1513 2921 1745 2993 pellens,

3477 2363 3645 2433 [velet
3676 2364 3767 2430 ³9⁸,

2221 2449 2397 2520 thue
2422 2448 2584 2503 fidem
2607 2456 2793 2504 monet
2816 2451 3091 2517 exhibeat,
3123 2452 3438 2524 scriptoque
3469 2453 3675 2508 revelet

2221 2541 2391 2608 Hujus
2416 2548 2471 2595 et
2489 2542 2555 2595 ad
2579 2549 2769 2595 nutum
2792 2542 3041 2597 Patribus
3060 2544 3316 2598 mandata
3347 2545 3659 2617 resignans,

2219 2630 2611 2701 Contemptore
2641 2647 2808 2700 super
2833 2631 2990 2699 jubet
3015 2647 3269 2687 exercere
3300 2634 3572 2708 vigorem;

2221 2723 2279 2777 Et
2304 2721 2441 2792 parti
2466 2721 2625 2776 istius
2657 2723 2914 2793 precibus
2944 2740 3004 2779 se
3031 2725 3232 2779 dedere
3264 2742 3481 2793 curans,

2224 2812 2551 2866 Francorum
2582 2828 2767 2885 regem
2788 2810 3041 2867 allectum
3069 2814 3306 2869 retinere
3338 2822 3627 2886 paternum

2227 2902 2501 2967 llortatur,
2519 2902 2706 2957 solans
2734 2904 2982 2975 votisque
3007 2904 3291 2973 juvamina
3322 2906 3596 2977 przebens.

1993 3026 2202 3083 CAPUT
2254 3027 2336 3082 ιν.

633 3132 709 3192 De
737 3133 909 3192 tertio
945 3131 1214 3191 Adriano
1248 3148 1428 3208 papa,
1461 3139 1513 3189 et
1548 3129 1805 3189 Iv‘ulcone
1834 3137 2034 3189 nostra
2061 3130 2314 3206 praesule
2346 3127 2522 3188 Cario
2554 3146 2788 3206 quoque
2818 3131 3104 3206 Augusto,
3140 3140 3193 3191 et
3223 3132 3293 3191 de
3320 3132 3620 3211 Stephano
3661 3135 3713 3194 V.

582 3270 692 3338 (14)
715 3267 932 3323 Tertius
958 3268 1191 3324 emissos
1209 3267 1480 3325 Adrianus
1507 3269 1715 3323 honore
1742 3274 1985 3333 secutus,

513 3362 748 3418 Praesule
768 3360 883 3430 jam
905 3360 1051 3416 dicto
1080 3360 1315 3416 Folcone
1336 3360 1594 3415 studente
1625 3366 1847 3430 paratur

514 3454 771 3510 Remensi
802 3454 962 3509 Pater
991 3442 1266 3522 Ecclesiae,
1299 3460 1501 3509 tutator
1528 3463 1583 3508 et
1611 3454 1770 3509 altor.

512 3545 641 3600 Jura
668 3544 774 3600 sibi
806 3544 1022 3599 decoris
1053 3542 1276 3599 ﬁrmans
1290 3551 1350 3599 ut
1380 3544 1576 3600 robore
1599 3544 1733 3614 apti,

515 3634 578 3690 Et
604 3642 795 3691 contra
822 3633 1082 3689 adversos
1117 3633 1311 3689 solatia
1348 3633 1533 3687 debita
1574 3639 1811 3703 pnestet,

516 3724 880 3795 Nostrumquc
908 3722 1107 3778 affectu
1131 3739 1314 3797 regem
1342 3721 1609 3796 genitoris
1634 3722 1877 3792 adoptet.

518 3817 847 3872 Prmsulibus
878 3823 1085 3888 patrem
1115 3816 1365 3887 pandens
1388 3830 1446 3869 se
1469 3815 1571 3869 rite
1604 3812 1931 3885 benignum.

590 3914 705 3978 Quo
733 3913 841 3968 cito
882 3918 1175 3984 prarepto,
1207 3911 1521 3981 Stephanus
1548 3910 1616 3963 de
1647 3908 1871 3963 nomine
1903 3906 2131 3979 quintus

518 4004 777 4061 Fascibus
797 4001 1049 4058 evehitur
1072 3999 1323 4067 summis,
1354 3998 1449 4070 qui
1472 4006 1951 4069 priememoratum

520 4096 839 4155 Pontiﬁcem
873 4101 1119 4151 nostrum
1145 4092 1363 4163 scriptis
1395 4091 1626 4147 solando
1653 4090 1920 4162 paternis,

521 4188 677 4243 Runc
702 4186 930 4259 dignum
963 4182 1161 4249 fratris,
1194 4182 1341 4236 hunc
1372 4179 1596 4236 nomine
1627 4185 1815 4235 censet
1845 4177 2006 4233 amici

521 4283 589 4338 Se
620 4287 935 4354 promptum
968 4277 1183 4333 ﬁrmare
1214 4277 1283 4332 ab
1313 4292 1380 4332 eo
1411 4293 1533 4349 quae
1565 4276 1667 4330 rite
1700 4281 1974 4346 petantur.

528 4375 621 4431 llle
636 4383 818 4430 tamen
845 4388 1061 4427 servum
1092 4370 1276 4442 potius
1303 4386 1365 4425 se
1402 4368 1644 4424 destinat
1674 4368 1867 4433 imum,

524 4465 843 4537 Attollitque
881 4464 1118 4529 Patrem,
1160 4460 1489 4533 Dominique
1534 4458 1807 4530 impendit
1846 4459 2112 4514 honorem

528 4556 877 4626 Exoransque
898 4562 1183 4625 rogatores
1204 4567 1303 4623 pro
1332 4550 1590 4607 culminis
1617 4551 1737 4620 ejus

530 4650 727 4707 Reddit
742 4649 866 4704 luce
891 4648 1051 4718 alios,
1082 4664 1144 4703 ac
1174 4646 1366 4722 ﬂagrat
1396 4646 1549 4701 adire
1579 4646 1879 4701 videndum
1904 4664 1919 4700 ;

528 4739 834 4795 Barbaricas
862 4737 1168 4809 impediant
1193 4737 1340 4792 acies
1372 4736 1475 4791 nisi
1502 4742 1627 4792 vota
1648 4735 1843 4808 parati.

529 4835 708 4906 Ipsius
734 4849 865 4909 ergo
885 4848 1111 4905 precum
1141 4830 1318 4902 poscit
1346 4829 1653 4884 munimine
1686 4845 1919 4904 regnum

527 4924 655 4981 Tam
684 4924 856 4981 crudo
876 4922 1071 4978 redimi
1099 4935 1256 4976 saeva:
1278 4917 1599 4974 discrimine
1627 4917 1817 4990 pestis.

526 5016 595 5072 Se
619 5030 843 5089 quoque
871 5012 1058 5069 conari
1090 5017 1204 5067 tota
1230 5010 1430 5066 virtute
1462 5009 1621 5064 reniti

528 5105 655 5175 Ejus
678 5102 983 5178 apostolico
1009 5100 1365 5159 tendentibus
1394 5106 1509 5154 atra
1540 5099 1722 5155 nitori.

529 5194 657 5259 Qum
682 5191 1099 5265 consanguineo
1121 5188 1371 5263 magnati
1401 5188 1713 5260 impendier
1739 5188 1893 5242 audit

527 5283 749 5343 Widoni
775 5300 791 5351 ;
818 5282 922 5338 sibi
962 5298 1065 5338 ceu
1095 5281 1299 5338 fuerint
1333 5280 1602 5352 impensa,
1642 5278 1903 5351 capessit.

2233 3266 2486 3321 Rem’ensi
2524 3266 2782 3321 Ecclesia:
2815 3268 3058 3323 Romana
3087 3271 3330 3340 praestita
3357 3273 3492 3327 sede

2231 3360 2555 3415 lntemerata
2569 3360 2686 3435 jugi
2720 3368 3008 3416 serventur
3038 3362 3265 3429 honore,
3292 3372 3572 3435 precatur:

2158 3471 2207 3539 Ο
2232 3451 2425 3522 Utpote
2446 3453 2585 3521 juris
2613 3452 2898 3522 apostolici
2928 3461 3125 3509 cuncta
3151 3453 3324 3521 fideli,

2230 3542 2398 3607 Quam
2439 3549 2647 3595 certare
2674 3541 2780 3595 sibi
2822 3549 3010 3597 contra
3037 3544 3226 3598 omnia
3264 3544 3427 3599 livida
3459 3547 3635 3613 norit;

2228 3632 2442 3687 Tradita
2475 3632 2833 3703 pauperibus,
2865 3634 3144 3706 sacrisque
3175 3635 3392 3691 addicta
3419 3637 3702 3705 ministris,

2232 3723 2338 3777 Sed
2382 3740 2641 3794 perversa
2680 3723 2812 3778 feris
2842 3724 3056 3796 direpta
3091 3726 3397 3782 furentibus
3429 3729 3593 3795 ursis,

2232 3816 2460 3883 Adjuvet
2488 3815 2658 3871 allisis
2683 3818 2920 3871 evellere
2954 3818 3207 3873 faucibus
3228 3820 3379 3875 atris.

2233 3908 2516 3981 Adgaudet
2532 3924 2779 3963 summus
2802 3910 3095 3982 redditque
3127 3911 3401 3967 levamina
3421 3915 3641 3985 praesul,

2234 4003 2416 4074 Seque
2450 4002 2645 4073 probat
2677 4003 2859 4058 fratris
2898 4004 3155 4061 devotum
3189 4006 3244 4060 in
3270 4007 3393 4075 jure
3426 4025 3673 4065 manere:

2239 4091 2392 4145 Hunc
2419 4090 2585 4145 etiam
2613 4098 2665 4146 et
2693 4100 2875 4147 natum
2898 4093 3001 4147 sub
3036 4093 3200 4164 patris
3227 4112 3412 4150 amore
3433 4096 3641 4163 fovere,

2238 4181 2405 4235 Noxia
2427 4199 2548 4253 quae
2583 4182 2785 4253 patitur
2808 4199 2908 4239 ceu
2940 4186 3161 4256 pr0pria
3190 4185 3359 4260 ﬂagra
3389 4188 3598 4255 dolere,

2236 4275 2593 4346 Assiduisque
2624 4276 2743 4344 ejus
2776 4278 3038 4347 precibus
3070 4295 3166 4349 pro
3196 4292 3328 4350 pace
3354 4296 3569 4355 rogare,

2237 4370 2410 4441 Atque
2442 4370 2611 4439 petita
2640 4371 2803 4426 modo
2837 4371 2921 4426 vel
2956 4383 3203 4443 tempore
3233 4374 3436 4428 cedere
3466 4376 3655 4449 digno,

2242 4457 2573 4512 Praesulibus
2604 4476 2830 4528 pervasa
2855 4460 3015 4528 jubet
3041 4476 3152 4532 quo
3186 4462 3419 4517 reddere
3448 4470 3648 4537 cogant

2240 4549 2566 4619 Raptorem;
2598 4550 2785 4617 sacris,
2819 4550 3019 4605 referat
3050 4552 3156 4607 nisi
3195 4559 3367 4623 rapta,
3404 4554 3690 4624 repellant.

2313 4638 2553 4708 Augusto
2582 4637 2831 4693 scribens
2856 4638 3070 4705 Carolo,
3104 4643 3379 4711 praeconia
3411 4642 3621 4698 Christo

2248 4726 2660 4798 Induperatoris
2681 4743 2780 4799 pro
2811 4737 3001 4784 sancto
3030 4729 3211 4784 reddit
3249 4746 3457 4786 amore.

2165 4797 2223 4866 D
2248 4818 2363 4884 Quo
2395 4817 2632 4893 ﬂagrans
2657 4797 2871 4875 sublata
2901 4820 2997 4875 diu
3030 4821 3359 4892 patrimonia
3380 4830 3583 4879 nostra:

2244 4911 2578 4967 Reddiderat
2598 4920 2801 4969 sancte
2831 4929 3045 4969 summo
3068 4916 3172 4969 sub
3202 4916 3427 4970 nomine
3457 4917 3575 4971 sedi
3600 4935 3615 4984 ;

2242 5000 2317 5054 Ac
2353 5008 2542 5056 monet
2571 5010 2629 5059 ut
2658 5008 2882 5076 peragat
2916 5003 3064 5073 quod
3111 5002 3292 5059 adhuc
3322 5003 3451 5059 hinc
3482 4999 3666 5064 [restat
3692 5023 3849 5078 agen-

3638 5098 3756 5153 dum

3638 5098 3756 5153 dum

2244 5184 2472 5241 Sumere
2496 5187 2739 5259 perfecte
2772 5194 2938 5258 queat
2962 5195 3021 5243 ut
3052 5189 3327 5244 mercedis
3358 5097 3649 5246 honoremI.
3765 5141 3778 5166 '

2249 5277 2469 5334 Folconi
2502 5295 2725 5351 quoque
2754 5279 3093 5354 gratilicans,
3120 5279 3391 5336 solamina
3415 5280 3632 5338 confert

1619 5431 1886 5488 GLOSSAZ
1914 5430 2338 5487 MARGINALES
2368 5430 2779 5487 MARILLONII.

598 5546 670 5583 ³⁸⁸
692 5549 1097 5601 antecessores.
1184 5541 1252 5577 ’θ’
1279 5539 1541 5597 Lotharii.
1620 5537 1690 5575 ’9'
1716 5539 1763 5606 f.
1796 5537 1982 5593 vellat.

2096 5640 2304 5697 ΝΟΤΕ.

604 5742 747 5811 (195)
788 5737 941 5811 fled.
972 5740 1203 5811 lib._m,r
1226 5758 1273 5803 c,
1302 5741 1390 5811 20.

604 5807 754 5883 (196)
790 5807 956 5864 Deest
978 5808 1169 5866 titulus
1192 5810 1251 5866 in
1287 5808 1503 5887 codice.

2319 5741 2433 5806 (i3)
2473 5741 2754 5806 Flod.!lib.
2790 5758 2862 5808 iv,
2890 5759 2938 5798 c.
2976 5744 3021 5796 1.

2322 5812 2432 5885 (14)
2469 5811 2621 5870 Idem
2646 5811 2786 5869 ibid.
